1747 2844
150 151 269 206 xvm]
453 157 598 193 ΠΕΡΙ
647 155 768 193 ΤΟΎ
816 156 1152 193 ΣΤΕΦΑΝΟὙ
1507 154 1617 209 [332]

148 259 291 311 ἕτερος,
320 258 428 299 ταῦτ’
454 260 662 301 ἐπαινοῦσι
693 258 755 298 καὶ
784 259 888 300 ὅπως
916 257 985 298 τὸν
1015 257 1169 298 ἅπαντα
1197 258 1344 313 χρόνον
1366 261 1478 309 μενεῖ

148 326 252 378 φασὶ
277 329 357 366 δεῖν
382 329 526 378 τηρεῖν.

215 391 283 443 Μὴ
314 392 410 443 δῆτ’,
437 391 466 433 ὦ
493 391 636 434 πάντες
666 392 761 438 θεοί,
787 391 922 442 μηδεὶς
952 390 1060 431 ταῦθ’
1086 391 1193 441 ὑμῶν
1219 390 1473 436 ἐπινεύσειεν,
1508 402 1576 437 324

147 459 253 499 ἀλλὰ
276 459 453 510 μάλιστα
477 461 549 510 μὲν
576 459 637 499 καὶ
661 458 812 500 τούτοις
836 458 987 509 βελτίω
1013 459 1099 498 τινὰ
1124 461 1214 498 νοῦν
1241 458 1302 497 καὶ
1329 456 1476 509 φρένας

109 539 126 570 5
147 526 333 575 ἐνθείητε,
361 527 394 566 εἰ
420 525 452 566 δ’
477 525 535 577 ἄρ’
556 526 718 579 ἔχουσιν
744 523 924 571 ἀνιάτως,
944 524 1104 566 τούτους
1128 527 1200 576 μὲν
1226 518 1364 565 αὐτοὺς
1391 523 1475 563 καθ’

147 592 307 635 ἑαυτοὺς
338 591 498 642 ἐξώλεις
526 591 587 632 καὶ
611 592 804 644 προώλεις
835 593 878 632 ἐν
903 597 953 648 γῇ
978 591 1041 631 καὶ
1066 590 1241 647 θαλάττῃ
1268 589 1473 640 ποιήσατε,

146 658 239 709 ἡμῖν
264 660 305 699 δὲ
334 661 414 700 τοῖς
442 661 598 700 λοιποῖς
624 657 695 708 τὴν
721 659 915 712 ταχίστην
941 657 1180 711 ἀπαλλαγὴν
1205 660 1282 698 τῶν
1306 658 1474 709 ἐπηρτη-

145 723 274 775 μένων
300 725 443 777 φόβων
467 725 555 765 δότε
579 725 643 765 καὶ
668 726 867 777 σωτηρίαν
893 725 1073 777 ἀσφαλῆ.

194 844 206 864 1
233 836 324 873 μενεῖ
339 833 362 864 S
376 833 414 863 Ll
429 844 436 863 :
459 833 548 873 μένει
565 833 595 864 Α
610 845 615 865 z
642 836 786 873 διαμενεῖ
802 834 826 864 L
844 844 929 866 corr.
947 834 1036 874 vulg.
1238 844 1258 874 5
1283 835 1380 867 οὕτως
1397 838 1477 866 ante

145 877 281 909 ἀνιάτως
305 877 379 907 add.
407 876 432 907 F
456 877 568 916 vulg.:
600 887 664 908 om.
692 877 881 908 SLAOY
1056 878 1079 908 6
1112 878 1164 910 καὶ
1181 879 1334 919 προώλεις
1357 888 1421 908 om.
1444 877 1477 908 A

147 919 303 957 ποιήσατε
322 919 346 950 S
358 919 394 950 F¹
411 930 419 950 Ξ
442 920 608 958 ποιήσοιτε
628 921 654 951 L
671 932 677 951 :
702 921 869 960 ποιήσαιτε
886 921 975 960 vulg.

204 968 534 1046 Issffnfggggffgss}
560 1016 662 1042 mm)
688 1013 977 1044 ΚΤΗΣΙΦΩΝΤΟΣ
1004 1017 1094 1044 ΠΕΡΙ
1118 1018 1197 1045 ΤΟΥ
1220 1017 1433 1047 ΣΤΕΦΑΝΟΥ

594 1060 621 1086 x
638 1059 666 1086 x
684 1052 719 1086 Η
743 1059 767 1086 Η
791 1058 815 1085 Η
836 1051 872 1085 [Σ]
890 1060 917 1086 Δ
934 1060 960 1086 Π
982 1061 994 1087 1
1012 1061 1023 1087 1
1043 1062 1054 1087 1

206 2431 390 2463 nzmos'rn„
412 2434 488 2455 v0L.
509 2434 529 2454 1.
1297 2447 1337 2478 21
