1747 2844
176 132 262 186 XIX]
400 137 542 174 ΠΕΡΙ
590 136 713 173 ΤΗΣ
762 135 1283 172 ΠΑΡΑΠΡΕΣΒΕΙΑΣ
1528 132 1649 187 [409]

174 243 272 292 ὑμᾶς
303 241 440 287 ἀδικεῖ,
471 239 562 281 ἀλλ’
595 240 672 292 ἐγὼ
704 240 892 290 μαίνομαι
926 237 989 277 καὶ
1022 238 1249 289 τετύφωμαι
1282 240 1350 277 νῦν
1384 254 1497 287 κατη-

175 311 303 361 γορῶν
329 308 457 348 αὐτοῦ.
529 307 562 347 εἰ
588 308 629 346 δὲ
655 305 782 345 πάντα
806 303 994 344 τάναντία
1018 303 1165 343 τούτων
1192 304 1254 343 καὶ
1278 306 1412 344 πολλὰ
1438 304 1499 344 καὶ
1530 320 1600 345 220

176 373 425 427 φιλάνθρωπ’
452 373 640 418 εἰπόντες,
668 372 873 411 Φίλιππον
906 373 1042 422 φιλεῖν
1072 372 1143 419 τὴν
1177 370 1308 415 πόλιν,
1337 370 1499 412 Φωκέας

176 442 338 487 σώσειν,
376 440 582 491 Θηβαίους
614 437 783 479 παύσειν
816 439 885 487 τῆς
919 437 1085 488 ὕβρεως,
1120 436 1178 476 ἔτι
1214 435 1311 488 πρὸς
1348 437 1500 477 τούτοις

138 524 156 556 5
174 507 318 559 μείζον’
345 504 367 557 ἢ
394 505 477 547 κατ’
503 505 751 557 Ἀμφίπολιν
781 503 822 544 εῧ
851 502 1035 553 ποιήσειν
1063 503 1175 554 ὑμᾶς,
1203 504 1273 543 ἐὰν
1302 503 1402 558 τύχῃ
1431 505 1500 553 τῆς

176 573 343 626 εἰρήνης,
380 574 570 624 Εὔβοιαν,
604 570 791 623 Ὠρωπὸν
828 570 1066 611 ἀποδώσειν·
1110 570 1143 610 εἰ
1181 569 1285 609 ταῦτ’
1321 570 1500 611 εἰπόντες

177 641 241 680 καὶ
270 640 541 693 ὑποσχόμενοι
571 637 685 678 πάντ’
713 635 985 687 ἐξηπατήκασι
1013 637 1076 677 καὶ
1109 637 1403 689 πεφενακίκασι
1438 636 1499 676 καὶ

174 708 295 758 μόνον
320 705 365 746 οὗ
391 705 462 756 τὴν
486 704 673 754 Ἀττικὴν
705 705 812 755 ὑμῶν
845 705 1111 760 περιῄρηνται,
1141 703 1496 755 καταψηφίσασθε,

176 774 238 814 καὶ
270 773 322 825 μὴ
351 772 447 825 πρὸς
476 776 557 814 τοῖς
586 771 726 812 ἄλλοις
756 771 814 813 οῖς
844 770 1016 822 ὕβρισθε
1039 769 1099 822 (οὗ
1131 771 1206 822 γὰρ
1237 768 1354 822 ἔγωγ’
1379 768 1452 809 οἶδ’
1479 770 1501 808 ὅ

119 861 157 885 10
174 857 213 881 τι
245 839 322 893 χρὴ
359 838 493 891 λέγειν
529 838 645 887 ἄλλο)
679 838 741 878 καὶ
777 838 874 889 ὑπὲρ
911 837 964 877 ὧν
997 836 1104 877 οὗτοι
1137 834 1499 888 δεδωροδοκήκασιν

174 907 284 958 ὑμεῖς
308 906 378 957 τὴν
404 907 502 958 ἀρὰν
529 905 590 945 καὶ
615 904 685 955 τὴν
711 905 914 955 ἐπιορκίαν
940 903 1062 944 οἴκαδ’
1090 902 1387 955 εἰσενέγκησθε.

233 973 328 1013 ’Έτι
359 972 490 1013 τοίνυν
522 973 676 1012 κάκεῖνο
711 970 900 1017 σκοπεῖτ’,
929 968 958 1010 ὦ
992 969 1129 1021 ἄνδρες
1162 970 1357 1015 δικασταί,
1392 970 1499 1011 τίνος
1529 983 1595 1008 221

176 1039 289 1081 εἵνεκ’
317 1040 394 1092 ἐγὼ
422 1041 543 1090 μηδὲν
573 1038 814 1088 ἠδικηκότων
843 1037 991 1078 τούτων
1023 1040 1252 1089 κατηγορεῖν
1286 1036 1334 1076 ἂν
1364 1053 1496 1088 προει-

174 1107 313 1157 λόμην.
385 1107 428 1147 οὐ
465 1107 540 1158 γὰρ
577 1103 775 1157 εὑρήσετε.
845 1104 917 1155 ἡδὺ
952 1103 1128 1145 πολλοὺς
1166 1102 1331 1157 ἐχθροὺς
1370 1104 1496 1156 ἕχειν;

117 1194 154 1226 15
175 1173 264 1213 οὐδέ
287 1171 324 1226 γ’
349 1172 546 1225 ἀσφαλές.
617 1171 708 1212 ἀλλ’
733 1170 887 1225 ὑπῆρχέ
919 1188 985 1222 μοι
1010 1170 1105 1222 πρὸς
1133 1174 1271 1211 τοῦτον
1305 1169 1499 1222 ἀπέχθειά

175 1255 252 1286 τις,·
283 1239 455 1290 οὐδεμία.
510 1239 551 1279 τί
567 1239 654 1285 οῦν,·
692 1240 701 1255 ‘
720 1239 876 1290 ἐφοβοῦ
895 1238 981 1289 περὶ
1003 1240 1160 1284 σαυτοῦ,
1184 1238 1247 1277 καὶ
1267 1238 1330 1277 διὰ
1349 1237 1499 1276 δειλίαν

175 1306 318 1356 ταύτην
337 1305 475 1359 ἡγήσω
497 1304 723 1357 σωτηρίαν·’
765 1305 827 1345 καὶ
846 1306 921 1357 γὰρ
940 1303 1045 1345 ταῦτ’
1063 1303 1195 1354 ἀκήκο’
1213 1303 1332 1344 αὐτὸν
1350 1302 1498 1355 λέγειν.

177 1374 302 1413 καίτοι
331 1373 496 1424 μηδενός
529 1372 566 1425 γ’
599 1373 723 1419 ὄντος,
754 1372 941 1424 Αἰσχίνη,
974 1374 1101 1411 δεινοῦ
1131 1369 1219 1421 μηδ’
1249 1368 1498 1420 ἀδικήματος,

176 1440 227 1482 ὡς
264 1439 315 1479 σὺ
345 1441 436 1496 φῄς,
509 1440 541 1479 εἰ
578 1440 652 1491 γὰρ
689 1439 736 1479 αὖ
773 1437 877 1478 ταῦτ’
909 1439 1000 1489 ἐρεῖ,
1040 1436 1230 1483 σκοπεῖτ’,
1269 1436 1406 1489 ἄνδρες
1443 1439 1497 1476 δι-
1532 1435 1641 1489 [410]

116 1527 156 1548 20
177 1507 330 1552 κασταί,
359 1508 391 1546 εἰ
418 1505 482 1557 ἐφ’
508 1506 564 1547 οῖς
591 1506 611 1544 ὁ
635 1504 724 1556 μηδ’
751 1505 880 1545 ὁτιοῦν
905 1505 1049 1544 ἀδικῶν
1074 1504 1309 1555 ἐφοβούμην
1336 1503 1413 1555 ἐγὼ
1445 1503 1498 1554 μὴ

174 1575 238 1613 διὰ
272 1573 430 1614 τούτους
469 1572 690 1623 ἀπόλωμαι,
729 1573 770 1612 τί
804 1571 963 1612 τούτους
1001 1569 1195 1622 προσήκει
1231 1572 1371 1610 παθεῖν
1409 1569 1499 1612 τοὺς

174 1639 312 1681 αὐτοὺς
343 1639 594 1690 ἠδικηκότας,·
633 1637 724 1678 ἀλλ’
750 1638 793 1678 οὐ
827 1639 890 1678 διὰ
918 1640 1052 1678 ταῦτα.
1123 1637 1230 1677 ἀλλὰ
1260 1638 1323 1676 διὰ
1355 1637 1397 1677 τί
1426 1653 1499 1677 σου
1529 1650 1596 1675 222

176 1710 396 1759 κατηγορῶ,·
440 1709 679 1758 συκοφαντῶ
717 1705 762 1755 νὴ
802 1706 892 1751 Δία,
928 1704 977 1745 ἵν’
1011 1704 1197 1757 ἀργύριον
1237 1702 1355 1755 λάβω
1394 1706 1499 1756 παρὰ

175 1776 261 1813 σοῦ.
335 1773 398 1813 καὶ
421 1773 588 1824 πότερον
614 1776 790 1824 κρεῖττον
815 1771 863 1822 ἦν
886 1788 953 1823 μοι
978 1773 1083 1823 παρὰ
1109 1771 1312 1812 Φιλίππου
1337 1774 1496 1821 λαβεῖν,

116 1859 153 1890 25
173 1843 241 1879 τοῦ
271 1840 446 1881 διδόντος
478 1839 581 1879 πολὺ
611 1840 672 1879 καὶ
705 1838 872 1889 μηδενὸς
903 1839 1051 1879 τούτων
1079 1838 1258 1884 ἔλαττον,
1288 1837 1350 1878 καὶ
1376 1839 1498 1889 φίλον

176 1907 355 1947 κάκεῖνον
386 1906 494 1960 ἔχειν
529 1907 590 1947 καὶ
621 1905 780 1948 τούτους
802 1905 919 1956 (ἦσαν
950 1907 1025 1957 γὰρ
1055 1904 1114 1951 ἄν,
1142 1903 1246 1955 ἦσαν
1276 1905 1389 1956 φίλοι
1421 1908 1498 1944 τῶν

174 1973 302 2014 αὐτῶν
322 1973 630 2023 κεκοινωνηκότι’
669 1972 757 2012 οὐδὲ
781 1974 856 2025 γὰρ
882 1976 949 2013 νῦν
975 1972 1123 2025 ἔχθραν
1149 1970 1339 2023 πατρικὴν
1359 1970 1497 2024 ἔχουσι

173 2041 271 2093 πρός
294 2057 356 2091 με,
384 2039 475 2080 ἀλλ’
500 2041 561 2080 ὅτι
584 2043 661 2080 τῶν
686 2039 972 2092 πεπραγμένων
998 2040 1042 2079 οὐ
1067 2037 1323 2092 μετέσχηκα),
1346 2034 1369 2088 ὴ
1394 2040 1499 2089 παρὰ

173 2107 320 2148 τούτων
346 2106 416 2159 ἀφ’
443 2107 497 2147 ὧν
523 2105 716 2159 εἰλήφασι
741 2110 950 2157 μεταιτεῖν,
978 2107 1143 2161 κάκείνῳ
1169 2105 1203 2145 τ’
1231 2104 1374 2158 ἐχθρὸν
1400 2105 1499 2145 εἶναι

220 2226 254 2246 11
283 2215 511 2257 εἰσενέγκησθε
529 2215 552 2246 S
564 2215 596 2245 A
612 2227 619 2246 ι
643 2214 864 2257 ἆπενέ-γκησθε
882 2215 909 2246 L
925 2215 1015 2255 vulg.
1167 2224 1206 2254 15
1231 2213 1305 2246 οὐδέ
1318 2214 1351 2255 ’γ’
1371 2213 1394 2244 S
1407 2213 1494 2244 LA:

173 2259 239 2292 οὐδ’
256 2260 294 2292 αὖ
310 2260 399 2298 vulg.
548 2260 585 2289 18
610 2258 730 2299 καίτοι]
748 2272 831 2291 καιτι
851 2258 885 2290 S¹
905 2271 911 2290 :
935 2260 987 2291 καί
1003 2273 1034 2291 τι
1052 2258 1083 2288 Α
1101 2269 1108 2288 :
1133 2260 1183 2290 καὶ
1201 2259 1234 2290 τί
1251 2258 1277 2287 Ρ
1411 2267 1450 2296 19
1475 2258 1497 2289 ὦ

174 2308 251 2333 ante
269 2305 378 2345 ἄνδρες
395 2303 470 2334 add.
492 2302 605 2341 vulg.:
632 2312 696 2333 om.
717 2302 780 2333 SL
912 2313 954 2333 20
978 2304 1006 2334 εἶ
1022 2302 1086 2333 del.
1106 2302 1248 2340 Seager,
1269 2301 1426 2331 Dobree:
1452 2300 1497 2331 nil

174 2347 378 2387 mutandum,
400 2347 438 2377 cs.
459 2347 466 2375 i
486 2356 524 2383 24
619 2348 661 2375 26
684 2360 735 2385 μοι
753 2351 830 2376 ante
848 2347 936 2387 φίλοι
955 2347 1030 2377 add.
1052 2346 1075 2375 S
1088 2345 1114 2375 L
1130 2357 1136 2376 t
1162 2350 1238 2385 post
1256 2346 1344 2385 φίλοι
1364 2344 1431 2383 PQ
1444 2344 1474 2374 O
1490 2356 1497 2374 z

174 2401 237 2421 om.
254 2390 286 2419 A
418 2391 459 2419 28
481 2403 520 2429 με
539 2389 624 2421 SY:
652 2389 706 2429 ἐμὲ
726 2390 750 2420 L
768 2390 856 2428 vulg.
