1731 2844
191 132 248 185 lx]
544 138 703 176 ΚΑΤΑ
753 137 1069 174 ΦΙΛΙΠΠΟΤ
1118 139 1148 174 Γ

191 241 245 281 εἷς
270 239 340 289 τὴν
365 239 544 290 εὐήθειαν
568 240 637 290 τὴν
660 243 728 280 τοῦ
753 240 840 279 τότε
864 238 960 290 πρὸς
979 240 1310 289 Λακεδαιμονίους
1335 239 1509 290 πολέμου

189 306 416 357 βλέποντας
447 307 818 358 ἐκτραχηλισθῆναι,
853 304 944 344 ἀλλ’
979 304 1028 345 ὡς
1061 306 1103 344 ἐκ
1137 306 1327 345 πλείστου
1359 305 1508 356 φυλάτ-

189 375 328 412 τεσθαι
357 375 437 414 τοῖς
469 372 673 424 πράγμασι
708 372 769 411 καὶ
796 374 881 412 ταῖς
910 374 1188 422 παρασκευαῖς,
1220 372 1325 412 ὅπως
1358 372 1511 411 οἴκοθεν

189 438 241 489 μὴ
263 437 463 488 κινήσεται
483 441 736 484 σκοποῦντας,
757 436 846 490 οὐχὶ
871 435 1174 487 συμπλακέντας
1197 437 1509 489 διαγωνίζεσθαι.

152 521 169 551 5
190 503 286 556 πρὸς
320 507 392 555 μὲν
426 506 500 557 γὰρ
536 505 711 555 πόλεμον
745 504 877 544 πολλὰ
913 502 1034 554 φύσει
1075 502 1385 553 πλεονεκτήμαθ’
1421 503 1512 554 ἡμῖν

189 570 370 623 ὑπάρχει,
405 570 451 610 ἄν
483 587 568 621 περ,
602 568 632 609 ὦ
664 570 802 621 ἄνδρες
835 568 1051 619 Ἀθηναῖοι,
1089 573 1217 610 ποιεῖν
1253 569 1453 620 ἐθέλωμεν
1489 569 1513 608 ’ὰ

191 639 260 681 δεῖ,
289 636 312 686 ἡ
345 636 465 688 φύσις
495 638 563 686 τῆς
597 637 746 676 ἐκείνου
774 636 918 688 χώρας,
947 635 993 686 ἧς
1026 635 1136 688 ἄγειν
1166 636 1227 675 καὶ
1260 635 1396 687 φέρειν
1425 636 1512 675 ἔστι

190 701 345 751 πολλὴν
372 702 433 742 καὶ
459 706 582 744 κακῶς
605 705 744 748 ποιεῖν,
765 701 872 742 ἄλλα
896 703 1025 754 μυρία·
1063 703 1118 743 εἰς
1143 701 1175 741 δ’
1196 703 1330 754 ἀγῶνα
1351 701 1512 752 ἄμεινον

188 767 297 819 ἡμῶν
322 769 468 809 ἐκεῖνος
490 767 671 819 ἤσκηται.

134 848 170 869 ¹0
227 813 316 873 [Οὐ
339 835 459 885 μόνον
478 836 519 874 δὲ
544 837 604 874 δεῖ
625 838 745 875 ταῦτα
768 835 1021 887 γιγνώσκειν,
1042 834 1131 875 οὐδὲ
1154 838 1235 877 τοῖς
1259 834 1388 887 ἔργοις
1413 835 1510 875 ἐκεῖ-

190 916 258 940 νον
283 900 500 951 ἀμύνεσθαι
528 904 609 943 τοῖς
636 905 704 941 τοῦ
732 900 920 952 πολέμου,
946 902 1053 941 ἀλλὰ
1079 902 1140 941 καὶ
1164 905 1217 955 τῷ
1242 905 1424 955 λογισμῷ
1450 901 1512 941 καὶ

189 971 238 1022 τῇ
269 967 420 1020 διανοίᾳ
454 967 542 1008 τοὺς
579 967 668 1019 παρ’
698 968 788 1018 ὑμῖν
820 968 918 1019 ὑπὲρ
950 967 1066 1007 αὐτοῦ
1101 967 1293 1019 λέγοντας
1328 969 1511 1018 μισῆσαι,

191 1031 495 1083 ἐνθυμουμένους
515 1034 574 1073 ὅτι
599 1033 668 1073 οὐκ
687 1033 819 1074 ἔνεστι
842 1037 920 1073 τῶν
938 1035 1007 1083 τῆς
1026 1034 1180 1075 πόλεως
1201 1035 1352 1086 ἐχθρῶν
1371 1035 1510 1085 κρατῆ-

192 1115 272 1144 σαι,
300 1100 391 1151 πρὶν
415 1099 464 1140 ἂν
488 1099 577 1142 τοὺς
608 1101 651 1140 ἐν
674 1099 771 1157 αὐτῇ
797 1101 843 1156 τῇ
868 1100 983 1140 πόλει
1013 1099 1202 1150 κολάσηθ’
1226 1101 1513 1151 ὑπηρετοῦντας

134 1183 169 1214 ¹5
191 1165 363 1207 ἐκείνοις.
423 1164 443 1205 ὃ
467 1168 521 1216 μὰ
545 1165 613 1206 τὸν
634 1167 713 1206 Δία
739 1166 800 1206 καὶ
824 1166 914 1207 τοὺς
939 1165 1087 1208 ἄλλους
1107 1166 1219 1208 θεοὺς
1238 1165 1282 1206 οὐ
1301 1164 1512 1215 δυνήσεσθ’

187 1233 296 1282 ὑμεῖς
323 1233 498 1281 ποιῆσαι,
527 1232 617 1272 ἀλλ’
642 1233 697 1273 εἷς
723 1232 827 1272 τοῦτ’
853 1233 1002 1284 ἀφῖχθε
1028 1233 1174 1284 μωρίας
1197 1229 1221 1282 ἢ
1251 1232 1465 1283 παρανοίας
1489 1229 1511 1281 ἢ

189 1297 256 1337 οὐκ
283 1298 361 1351 ἔχω
389 1299 430 1338 τί
452 1297 557 1350 λέγω
579 1297 789 1348 (πολλάκις
814 1299 889 1350 γὰρ
914 1297 1038 1350 ἔμοιγ’
1063 1297 1284 1348 ἐπελήλυθε
1309 1299 1371 1338 καὶ
1399 1301 1512 1338 τοῦτο

188 1366 420 1415 φοβεῖσθαι,
446 1363 498 1415 μή
523 1381 559 1404 τι
584 1365 784 1415 δαιμόνιον
809 1365 856 1403 τὰ
881 1363 1076 1416 πράγματ’
1102 1363 1272 1420 ἐλαύνῃ),
1299 1365 1402 1404 ὥστε
1425 1369 1509 1404 λοι-

189 1431 330 1482 δορίας,
359 1431 520 1482 φθόνου,
550 1431 798 1481 σκώμματος,
828 1430 988 1480 ἧστινος
1017 1430 1065 1471 ἂν
1092 1430 1229 1484 τύχηθ’
1258 1430 1357 1471 ἕνεκ’
1386 1431 1512 1473 αἰτίας

131 1515 169 1536 20
187 1497 414 1548 ἀνθρώπους
446 1497 680 1548 μισθωτούς,
713 1498 768 1538 ὧν
800 1496 880 1538 οὐδ’
913 1497 962 1538 ἂν
995 1498 1198 1549 ἀρνηθεῖεν
1231 1497 1328 1537 ἔνιοι
1360 1497 1411 1539 ὡς
1444 1497 1510 1537 οὐκ

189 1563 266 1603 εἶσὶ
291 1566 470 1610 τοιοῦτοι,
496 1563 630 1616 λέγειν
658 1564 849 1609 κελεύετε,
877 1564 939 1604 καὶ
964 1566 1122 1616 γελᾶτε,
1148 1563 1196 1604 ἄν
1220 1580 1303 1604 τισι
1327 1566 1508 1615 λοιδορη-

189 1631 323 1670 θῶσιν.
396 1631 457 1670 καὶ
481 1630 573 1683 οὐχί
595 1647 654 1670 πω
680 1633 794 1670 τοῦτο
823 1631 963 1676 δεινόν,
995 1631 1131 1682 καίπερ
1157 1628 1202 1670 ὃν
1227 1631 1368 1671 δεινόν·
1405 1631 1511 1670 ἀλλὰ

189 1696 250 1735 καὶ
273 1698 370 1746 μετὰ
394 1698 575 1738 πλείονος
593 1698 820 1750 ἀσφαλείας
839 1697 1120 1737 πολιτεύεσθαι
1144 1697 1336 1737 δεδώκατε
1361 1696 1512 1737 τούτοις

186 1758 210 1811 ἢ
229 1765 309 1804 τοῖς
327 1763 423 1815 ὑπὲρ
442 1765 549 1813 ὑμῶν
566 1763 768 1816 λέγουσιν.
821 1764 946 1804 καίτοι
966 1763 1166 1804 θεάσασθε
1185 1764 1285 1805 ὅσας
1304 1765 1512 1815 συμφορὰς

130 1844 167 1876 ²5
187 1828 472 1879 παρασκευάζει
495 1829 539 1870 τὸ
563 1834 640 1870 τῶν
664 1830 851 1870 τοιούτων
878 1829 1030 1870 ἐθέλειν
1055 1831 1285 1882 ἀκροᾶσθαι.
1311 1807 1329 1866 Ι
1350 1828 1453 1879 λέξω
1480 1829 1511 1869 δ’

187 1894 282 1946 ἔργα
305 1895 329 1934 ἃ
354 1895 496 1937 πάντες
519 1898 691 1937 εἴσεσθε.

247 1959 386 2002 φΗσαν
421 1963 462 2002 ἐν
500 1963 680 2017 Ὀλύνθῳ
715 1967 794 2003 τῶν
830 1965 871 2003 ἐν
906 1967 989 2005 τοῖς
1030 1962 1260 2016 πράγμασιν
1296 1964 1398 2003 τινὲς
1438 1963 1510 2012 μὲν

229 2080 248 2107 4
273 2070 438 2108 κινήσεται
457 2070 492 2101 F¹
505 2071 554 2101 Y:
580 2072 749 2111 κινήσηται
767 2073 791 2104 S
805 2073 893 2112 vulg.
914 2084 920 2103 z
945 2074 1096 2111 κινήσετε
1116 2073 1140 2102 L
1232 2082 1247 2110 7
1275 2072 1344 2103 ἔστι
1362 2069 1506 2110 πολλὴν]

188 2114 279 2144 ἐστιν
294 2113 390 2145 πόλιν
408 2115 436 2149 (ε
454 2115 487 2144 in
506 2116 640 2155 rasura)
660 2115 693 2147 S*
708 2127 714 2146 :
745 2117 789 2148 εἷς
805 2117 867 2155 τὴν
883 2116 980 2148 πόλιν
998 2116 1032 2146 L¹
1172 2125 1208 2145 12
1232 2112 1383 2154 μισῆσαι]
1401 2116 1508 2153 μισεῖν

188 2154 287 2186 Blass
325 2156 400 2188 coll.
433 2158 487 2187 viii
520 2159 573 2196 61,
607 2159 669 2196 76;
708 2159 767 2189 xix
800 2161 853 2198 87,
886 2160 960 2197 258,
994 2160 1078 2198 289;
1118 2159 1198 2188 xxiv
1234 2168 1302 2198 110,
1341 2159 1414 2196 196,
1445 2166 1508 2195 213

190 2207 228 2236 13
253 2199 309 2239 ἔξω
326 2205 401 2239 post
417 2203 482 2232 τῶν
499 2201 574 2232 add.
588 2201 696 2240 vulg.:
722 2212 786 2232 orn.
802 2202 826 2233 S
840 2201 877 2232 Ll
889 2202 932 2241 Y,
948 2202 987 2233 cf.
1004 2202 1060 2233 viii
1079 2203 1129 2239 61,
1144 2212 1164 2230 x
1180 2203 1222 2239 63
1315 2210 1351 2239 15
1377 2201 1508 2232 ἐκείνοις

188 2240 212 2270 S
226 2241 251 2271 L
266 2253 273 2272 z
298 2243 407 2283 ἐκείνῳ
423 2243 512 2282 vulg.
647 2245 823 2283 δυνήσεσθε
842 2245 865 2276 S
880 2245 915 2275 L¹
929 2257 935 2277 :
962 2246 1096 2278 δύνασθε
1115 2250 1191 2276 cett.
1372 2245 1411 2274 16
1434 2243 1507 2274 οὐδὲ

188 2284 345 2320 βούλεσθε
362 2291 438 2325 post
455 2289 585 2324 ποιῆσαι
603 2288 678 2319 add.
699 2288 809 2327 vulg.:
834 2299 898 2320 om.
921 2288 956 2319 S¹
972 2289 1009 2319 L¹
1022 2289 1053 2319 Α
1243 2297 1280 2326 19
1306 2288 1326 2325 ἢ
1348 2286 1466 2327 φθόνου
1486 2287 1507 2323 ἢ

189 2327 377 2366 σκώμματος
400 2329 490 2368 vulg.
622 2331 754 2371 φθόνου]
781 2331 879 2372 φόνου
905 2332 976 2362 SL¹
1111 2330 1192 2363 ἕνεκ’
1212 2330 1300 2361 SA:
1332 2340 1393 2360 om.
1416 2328 1505 2368 vulg.

188 2378 229 2399 22
253 2383 299 2402 πω
316 2376 394 2401 ante
409 2375 507 2404 τοῦτο
526 2373 549 2403 S
564 2372 628 2403 LA
645 2385 651 2403 :
676 2379 750 2413 post
767 2377 863 2407 τοῦτο
881 2374 967 2414 vulg.

1538 138 1641 192 [124]

1542 520 1585 558 52

1543 849 1585 886 53

1544 1176 1585 1213 54

1542 1604 1642 1658 [125]

1543 1668 1583 1704 55
