1763 2828
104 138 216 191 [434]

150 257 215 292 292

104 374 216 429 [435]

148 588 217 625 293

148 1051 215 1086 294

147 1712 212 1750 295

674 134 1160 174 ΔΗΜΟΣΘΕΝΟΎΣ
1487 129 1574 185 [mx

248 238 329 278 ἀντ’
357 239 447 288 ἴσης
474 238 629 290 συνέβη
656 238 845 291 γενέσθαι
870 238 940 288 τὴν
968 237 1136 289 εἰρήνην,
1165 238 1272 278 οὗτοι
1297 240 1339 280 δὲ
1362 242 1444 280 τοῖς
1477 241 1576 288 μετὰ

247 304 352 344 ταῦτ’
384 304 598 356 ἀδικήμασι
632 305 744 346 πάντ’
776 304 1072 351 ἀπολωλέκασι,
1103 308 1314 355 τηνικαῦτα
1345 303 1573 356 διήλλαξαι,·

249 371 311 411 καὶ
337 372 379 412 ἐν
403 375 476 423 μὲν
498 376 551 427 τῷ
578 371 684 426 δήμῳ
708 376 858 424 κατηρῶ
880 368 1099 426 [Φιλίππῳ]
1120 371 1182 411 καὶ
1209 373 1305 411 κατὰ
1327 375 1405 412 τῶν
1425 372 1575 413 παίδων

248 438 396 489 ὤμνυες
421 437 444 489 ἦ
469 438 546 490 μὴν
572 438 827 480 ἀπολωλέναι
853 439 1056 478 Φίλιππον
1082 438 1130 478 ἂν
1162 438 1399 488 βούλεσθαι·
1440 442 1508 479 νῦν
1532 440 1574 479 δὲ

247 504 466 555 βοηθήσεις
486 505 629 560 τούτῳ,·
669 509 752 548 πῶς
771 506 840 546 οὗν
861 506 1080 550 ἀπολεῖται,
1099 506 1192 545 ὅταν
1212 505 1302 546 τοὺς
1318 504 1409 556 παρ’
1425 505 1574 546 ἐκείνου
1593 521 1612 553 5

248 574 560 623 δωροδοκοῦντας
595 571 646 612 σὺ
685 570 832 628 σῴζῃς;
877 573 917 612 τί
948 573 1023 623 γὰρ
1058 570 1202 621 δήποτε
1237 570 1467 622 Μοιροκλέα
1502 573 1574 622 μὲν

247 637 406 689 ἔκρινες,
430 639 463 678 εἰ
484 639 589 689 παρὰ
614 641 692 678 τῶν
712 639 759 678 τὰ
783 637 949 689 μέταλλ’
971 637 1202 688 ἐωνημένων
1222 639 1373 678 εἴκοσιν
1392 636 1575 688 ἐξέλεξεν

247 706 423 756 δραχμὰς
462 703 552 756 παρ’
593 703 775 750 ἑκάστου,
818 706 879 745 καὶ
921 707 1224 756 Κηφισοφῶντα
1263 704 1421 756 γραφὴν
1461 706 1575 756 ἱερῶν

246 769 456 824 χρημάτων
483 771 652 817 ἐδίωκες,
682 772 715 811 εἰ
742 771 873 822 τρισὶν
897 772 1063 822 ὕστερον
1094 770 1255 822 ἡμέραις
1285 772 1349 811 ἐπὶ
1380 771 1451 821 τὴν
1480 770 1571 822 τρά-

246 837 366 886 πεζαν
400 836 538 887 ἔθηκεν
575 839 674 878 ἑπτὰ
707 840 820 887 μνᾶς·
860 837 949 878 τοὺς
983 836 1016 876 δ’
1052 837 1231 890 ἔχοντας,
1267 838 1571 889 ὁμολογοῦντας,
1596 856 1637 878 10

246 902 582 957 ἐξελεγχομένους
603 903 664 944 ἐπ’
687 903 903 958 αὐτοφώρῳ
927 905 990 944 ἐπὶ
1011 906 1063 958 τῷ
1085 907 1163 944 τῶν
1183 903 1404 957 συμμάχων
1424 903 1574 958 ὀλέθρῳ

245 973 366 1010 ταῦτα
402 971 678 1021 πεποιηκότας,
716 971 876 1012 τούτους
915 970 959 1011 οὐ
997 971 1153 1021 κρίνεις,
1191 971 1298 1010 ἀλλὰ
1338 970 1400 1010 καὶ
1436 968 1575 1025 σῴζειν

247 1036 436 1083 κελεύεις;
476 1038 539 1078 καὶ
563 1037 640 1088 μὴν
665 1038 726 1077 ὅτι
751 1040 874 1077 ταῦτα
899 1035 971 1087 μέν
992 1037 1103 1077 ἐστιν
1123 1038 1282 1088 φοβερὰ
1307 1036 1370 1077 καὶ
1389 1037 1575 1088 προνοίας

247 1103 308 1143 καὶ
329 1106 510 1155 φυλακῆς
535 1106 690 1153 πολλῆς
716 1104 897 1154 δεόμενα,
920 1103 985 1155 ἐφ’
1003 1104 1060 1145 οἶς
1086 1102 1118 1143 δ’
1138 1104 1312 1146 ἐκείνους
1337 1103 1387 1144 σὺ
1412 1103 1572 1155 ἔκρινες,

245 1168 385 1221 γέλως,
424 1171 582 1212 ἐκείνως
620 1172 788 1223 ὄψεσθε.
863 1169 968 1221 ἦσαν
1003 1171 1047 1210 ἐν
1075 1168 1218 1210 Ἴ-Ῐλιδι
1255 1169 1492 1212 κλέπτοντες
1527 1171 1576 1209 τὰ
1598 1188 1635 1219 15

247 1235 355 1277 κοινά
379 1253 500 1284 τινες,·
542 1238 603 1277 καὶ
627 1236 722 1287 μάλ’
749 1237 853 1279 εἰκός
877 1254 936 1289 γε.
1009 1236 1119 1277 ἔστιν
1145 1236 1213 1277 οὖν
1237 1237 1348 1278 ὅστις
1377 1236 1575 1290 μετέσχεν

245 1302 380 1343 αὐτόθι
414 1307 483 1344 νῦν
523 1303 673 1344 τούτων
714 1307 783 1343 τοῦ
823 1306 1043 1344 καταλῦσαι
1080 1302 1148 1344 τὸν
1187 1305 1328 1354 δῆμον;
1381 1303 1469 1344 οὐδὲ
1507 1304 1575 1345 εἷς.

245 1369 285 1409 τί
318 1368 369 1416 δ’;
408 1369 525 1420 ἦσαν,
561 1370 618 1410 ὅτ’
652 1369 699 1421 ἧν
729 1369 943 1417 ’Όλυνθος,
979 1370 1151 1410 τοιοῦτοί
1183 1386 1286 1412 τινες
1323 1369 1459 1417 ἄλλου
1497 1370 1576 1422 ἐγὼ

244 1438 316 1486 μὲν
350 1437 490 1487 οἴομαι.
563 1436 624 1488 ἆρ’
660 1437 727 1478 οὖν
764 1438 828 1477 διὰ
861 1436 1023 1478 τούτους
1056 1436 1228 1477 ἀπώλετ’
1261 1436 1478 1483 ’Όλυνθος,·
1516 1437 1574 1477 οὔ.

245 1503 286 1542 τί
311 1501 364 1549 δ’;
405 1504 446 1543 ἐν
473 1502 677 1555 Μεγάροις
709 1503 778 1543 οὐκ
811 1503 937 1544 οἴεσθ’
963 1502 1069 1543 εἶναί
1092 1519 1181 1544 τινα
1215 1504 1276 1543 καὶ
1308 1503 1481 1554 κλέπτην
1514 1503 1575 1543 καὶ
1598 1520 1638 1544 20

245 1567 542 1621 παρεκλέγοντα
574 1570 622 1609 τὰ
659 1568 787 1616 κοινά,·
834 1569 998 1621 ἀνάγκη.
1071 1569 1133 1609 καὶ
1168 1569 1323 1621 πέφηνέ
1358 1586 1417 1611 τις
1453 1571 1576 1611 αἴτιος

246 1635 380 1675 αὐτόθι
417 1639 485 1675 νῦν
522 1635 670 1676 τούτων
708 1639 786 1676 τῶν
825 1636 1147 1687 συμβεβηκότων
1183 1635 1445 1688 πραγμάτων,·
1487 1636 1576 1677 οὐδὲ

246 1702 314 1743 εἷς.
385 1702 492 1742 ἀλλὰ
529 1702 638 1742 ποῖοί
673 1718 776 1743 τινες
815 1703 850 1742 οἱ
887 1703 934 1741 τὰ
970 1705 1185 1751 τηλικαῦτα
1221 1703 1284 1743 καὶ
1315 1701 1458 1743 τοιαῦτ’
1491 1703 1574 1743 ἀδι-

247 1771 423 1815 κοῦντες;
451 1769 487 1809 οἱ
505 1769 732 1819 νομίζοντες
750 1764 922 1820 [αὐτοὺς]
939 1766 1154 1822 ἀξιόχρεως
1171 1768 1271 1809 εἶναι
1286 1772 1354 1809 τοῦ
1372 1769 1578 1810 Φιλίππου

245 1833 351 1885 ξένοι
393 1835 457 1876 καὶ
497 1835 613 1887 φίλοι
657 1834 1040 1887 προσαγορεύεσθαι,
1082 1837 1119 1876 οἰ
1162 1839 1476 1888 στρατηγιῶντες
1514 1835 1577 1876 καὶ
1598 1853 1637 1884 25

292 1953 304 1972 1
347 1944 415 1976 ἀντ’
439 1946 512 1983 ἴσης
537 1943 569 1974 Α
594 1948 629 1975 et
654 1944 729 1976 sort.
751 1944 812 1976 S¹:
853 1945 923 1976 ἀντὶ
949 1945 1049 1982 καλῆς
1075 1943 1099 1974 S
1118 1954 1202 1975 corr.
1222 1945 1248 1974 L
1272 1945 1361 1983 vulg.
1455 1944 1577 1983 συνέβη

245 1987 342 2018 codd.
368 1987 408 2026 (S
433 1997 518 2019 corr.
547 1988 581 2018 in
607 1988 754 2027 erasis):
794 1987 945 2025 ἐποίησας
970 1987 1107 2018 Bekker
1196 1989 1306 2026 ἐπειδὴ
1330 1992 1408 2028 post
1432 1987 1518 2020 οὗτοι
1542 1988 1578 2021 δὲ

245 2031 323 2062 add.
344 2030 409 2070 FQ
423 2031 452 2062 O
469 2043 476 2062 ε
502 2041 566 2063 om.
589 2031 613 2062 S
627 2030 666 2062 L1
678 2031 709 2062 A
879 2041 899 2070 3
922 2034 1048 2073 κατηρῶ
1062 2030 1171 2070 vulg-z
1197 2035 1378 2072 κατηγορῶι
1395 2031 1432 2062 S¹
1447 2043 1455 2062 ε
1480 2044 1576 2069 κατη-

245 2078 349 2115 γορῶν
374 2074 401 2104 L
412 2075 442 2105 Y
455 2074 481 2105 P
493 2074 518 2105 F
530 2088 582 2117 γρ.
731 2075 878 2115 Φιλίππῳ
904 2074 928 2105 S
952 2074 1041 2113 vulg.
1055 2089 1061 2106 :
1102 2074 1261 2106 Φιλίππου
1287 2075 1313 2104 L
1325 2075 1390 2114 FQ
1402 2075 1432 2105 Y
1447 2086 1454 2105 :
1494 2075 1574 2106 secl.

248 2117 382 2149 Dobree
401 2118 475 2149 coll.
497 2119 579 2149 xviii
597 2120 659 2158 283
838 2128 854 2156 7
882 2118 1000 2159 ἔκρινες
1016 2117 1047 2148 Α
1061 2118 1087 2148 L
1103 2127 1188 2149 corr.
1203 2129 1209 2149 ε
1252 2119 1374 2159 ἔκρινας
1392 2118 1416 2150 S
1430 2117 1466 2148 L¹
1483 2117 1573 2157 vulg.

250 2171 287 2191 12
313 2162 362 2202 οὐ]
382 2164 417 2194 οὐ
433 2161 532 2201 μόνον
549 2164 584 2194 οὐ
602 2162 626 2193 S
638 2175 689 2203 γρ.
814 2171 852 2200 13
877 2162 928 2193 καὶ
945 2161 1092 2201 προνοίας
1108 2172 1173 2192 om.
1193 2161 1224 2191 A
1342 2172 1379 2200 14
1405 2162 1444 2193 σὺ
1460 2171 1525 2191 om.
1545 2160 1576 2191 A

251 2214 289 2243 15
314 2206 439 2237 ἐκείνως
458 2205 482 2236 S
495 2205 520 2235 L
533 2205 564 2235 Y
577 2205 664 2247 Ργρ.
683 2216 690 2234 z
715 2206 836 2237 ἐκεῖθεν
852 2205 943 2243 vulg.
1102 2215 1141 2244 19
1164 2207 1266 2244 οἴομαι
1285 2204 1308 2236 S
1322 2205 1367 2236 L:
1393 2205 1477 2245 οἶμαι
1495 2208 1573 2235 cett.

249 2259 291 2279 20
314 2250 365 2281 καὶ
382 2253 462 2279 ante
481 2248 627 2287 κλέπτην
644 2248 718 2279 add.
739 2248 762 2279 S
779 2247 816 2277 L¹
833 2259 840 2278 ι
864 2258 927 2278 om.
948 2252 1026 2279 cett.
1186 2259 1223 2279 21
1252 2249 1302 2280 καὶ
1320 2247 1442 2287 πέφηνέ
1458 2260 1506 2280 τις
1521 2246 1553 2277 Α
1569 2258 1577 2277 :

249 2304 300 2324 και
324 2298 448 2332 πεφηνε
472 2293 520 2324 τίς
546 2292 593 2323 S:
633 2293 684 2324 καὶ
708 2291 840 2331 πέφηνε.
891 2292 939 2323 τίς
963 2291 1017 2323 οὖν
1043 2291 1068 2321 L
1093 2301 1181 2322 corr.
1205 2291 1293 2331 vulg.
1316 2291 1388 2332 (οὖν
1409 2301 1474 2321 om.
1499 2289 1578 2320 L²P

249 2335 305 2375 al.)
325 2346 331 2365 :
356 2337 407 2367 καὶ
425 2335 504 2366 secl.
525 2335 661 2374 Madvig
787 2344 827 2372 24
853 2335 963 2366 αὐτοὺς
983 2334 1063 2366 secl.
1084 2334 1251 2366 Richards
1371 2343 1412 2374 25
1437 2346 1575 2375 στρατη-

248 2382 384 2419 γιῶντες
403 2379 427 2409 S
440 2379 466 2408 L
477 2378 508 2409 A
519 2378 550 2417 Q
564 2390 570 2409 :
597 2381 802 2418 στρατηγιῶν
818 2390 855 2409 τε
872 2378 961 2415 vulg.
