1747 2844
185 153 301 209 xvm]
496 157 639 196 ΠΕΡΙ
687 159 809 196 ΤΟΎ
856 155 1194 195 ΣΤΕΦΑΝΟὙ

185 263 358 313 ζόμενος,
395 262 457 303 καὶ
490 264 548 305 τίς
582 263 602 302 ὁ
635 261 816 314 πράττων
852 262 948 312 ὑπὲρ
984 261 1092 311 ὑμῶν
1129 259 1192 300 καὶ
1228 260 1272 300 τὸ
1308 262 1355 317 τῇ
1392 262 1508 302 πόλει

184 329 389 381 συμφέρον
416 330 551 380 ζητῶν.
625 329 702 381 ἐγὼ
734 331 806 379 μὲν
831 328 962 368 τοίνυν
988 328 1148 380 ἔγραψα
1177 327 1383 378 βουλεύων
1408 329 1504 369 ἀπο-

182 400 297 437 πλεῖν
323 396 395 446 τὴν
423 397 619 449 ταχίστην
648 394 739 437 τοὺς
770 393 964 447 πρέσβεις
1001 394 1066 434 ἐπὶ
1091 393 1179 435 τοὺς
1207 394 1352 436 τόπους
1379 395 1420 435 ἐν
1450 396 1507 437 οἷς

181 462 230 504 ἂν
262 465 357 504 ὄντα
382 464 587 503 Φίλιππον
620 460 906 507 πυνθάνωνται,
938 460 999 501 καὶ
1032 460 1121 502 τοὺς
1155 461 1291 512 ὅρκους
1324 461 1504 512 ἀπολαμ-

142 550 159 581 5
181 529 336 581 βάνειν·
374 529 481 570 οὗτοι
505 529 537 569 δ’
563 528 651 569 οὐδὲ
674 527 906 580 γράψαντος
939 529 1032 578 ἐμοῦ
1060 530 1180 567 ταῦτα
1209 531 1336 568 ποιεῖν
1361 527 1504 578 ἠθέλη-

183 613 273 637 σαν.
333 597 373 637 τί
394 598 436 637 δὲ
459 594 561 635 τοῦτ’
581 595 756 641 ἐδύνατο,
779 592 808 634 ὦ
829 593 966 646 ἄνδρες
987 593 1207 645 Ἀθηναῖοι,·
1246 595 1323 646 ἐγὼ
1349 593 1505 645 διδάξω.

182 663 371 717 Φιλίππῳ
396 664 469 713 μὲν
494 661 541 712 ἦν
567 660 773 714 συμφέρον
800 661 851 703 ὡς
877 665 1068 702 πλεῖστον
1093 660 1161 701 τὸν
1186 658 1330 712 μεταξὺ
1360 661 1507 714 χρόνον

181 728 368 782 γενέσθαι
400 732 477 769 τῶν
510 729 648 780 ὅρκων,
683 729 773 779 ὑμῖν
807 727 839 768 δ’
875 728 926 770 ὡς
958 727 1188 781 ἐλάχιστον.
1260 729 1322 768 διὰ
1354 728 1409 775 τί,’
1446 728 1506 768 ὅτι

180 796 287 846 ὑμεῖς
318 797 389 847 μὲν
422 795 490 835 οὐκ
524 794 594 847 ἀφ’
621 794 666 845 ἧς
693 793 868 845 ὠμόσαθ’
894 794 1040 846 ἡμέρας
1071 795 1206 845 μόνον,
1239 794 1330 835 ἀλλ’
1360 793 1432 847 ἀφ’
1461 794 1507 845 ἧς

124 879 161 902 10
180 861 380 912 ἠλπίσατε
404 861 475 912 τὴν
499 860 655 913 εἰρήνην
682 861 862 907 ἔσεσθαι,
892 860 1022 902 πάσας
1048 859 1263 910 ἐξελύσατε
1288 862 1357 903 τὰς
1382 878 1504 913 παρα-

182 930 324 971 σκευὰς
354 930 423 970 τὰς
453 932 520 968 τοῦ
549 928 738 979 πολέμου,
767 929 786 967 ὁ
813 929 854 968 δὲ
886 927 989 968 τοῦτ’
1015 929 1057 968 ἐκ
1087 927 1233 969 παντὸς
1262 931 1329 967 τοῦ
1361 928 1506 981 χρόνου

181 994 344 1046 μάλιστ’
370 995 699 1047 ἐπραγματεύετο,
728 995 910 1046 νομίζων,
938 995 1034 1046 ὅπερ
1065 994 1112 1046 ἦν
1143 994 1301 1045 ἀληθές,
1329 995 1406 1035 ὅσα
1437 997 1506 1045 τῆς

183 1062 338 1103 πόλεως
371 1060 569 1114 προλάβοι
606 1061 681 1113 πρὸ
717 1065 785 1101 τοῦ
822 1061 912 1103 τοὺς
948 1061 1084 1113 ὅρκους
1120 1062 1344 1107 ἀποδοῦναι,
1379 1061 1506 1102 πάντα

183 1132 305 1168 ταῦτα
327 1130 508 1179 βεβαίως
534 1127 649 1178 ἕξειν·
687 1127 826 1168 οὐδένα
856 1129 931 1180 γὰρ
960 1127 1032 1178 τὴν
1061 1127 1218 1180 εἰρήνην
1247 1128 1386 1169 λύσειν
1416 1128 1503 1168 τού-

125 1210 160 1242 15
182 1210 261 1234 των
286 1195 426 1236 εἵνεκα.
487 1195 570 1247 ἁγὼ
595 1195 882 1247 προορώμενος,
905 1194 1042 1245 ἄνδρες
1062 1194 1276 1245 Ἀθηναῖοι,
1308 1196 1368 1236 καὶ
1393 1200 1503 1246 λογι-

185 1262 344 1312 ζόμενος
372 1261 417 1301 τὸ
446 1260 643 1314 ψήφισμα
671 1265 786 1301 τοῦτο
820 1260 976 1314 γράφω,
1004 1265 1120 1302 πλεῖν
1150 1262 1214 1302 ἐπὶ
1244 1261 1333 1304 τοὺς
1363 1262 1506 1303 τόπους

184 1329 226 1368 ἐν
254 1329 312 1369 οἷς
341 1327 389 1368 ἂν
418 1327 666 1384 ᾗΦίλιππος
697 1328 759 1368 καὶ
786 1327 877 1370 τοὺς
908 1329 1044 1379 ὅρκους
1074 1327 1146 1378 τὴν
1178 1330 1373 1382 ταχίστην
1405 1329 1503 1368 ἀπο-

182 1393 420 1445 λαμβάνειν,
455 1393 505 1435 ἵν’
537 1396 712 1447 ἐχόντων
743 1398 820 1435 τῶν
848 1397 1030 1448 Θρᾳκῶν,
1067 1398 1145 1435 τῶν
1175 1394 1373 1447 ὑμετέρων
1407 1412 1503 1446 συμ-

181 1460 333 1514 μάχων,
369 1463 490 1501 ταῦτα
519 1462 567 1501 τὰ
601 1460 717 1514 χωρί’
751 1461 776 1501 ἃ
809 1464 877 1501 νῦν
914 1461 1026 1503 οὗτος
1063 1460 1230 1513 διέσυρε,
1266 1461 1310 1501 τὸ
1344 1460 1506 1514 Σέρριον

125 1542 164 1565 20
185 1527 244 1567 καὶ
270 1527 315 1567 τὸ
336 1527 546 1580 Μυρτηνὸν
565 1527 627 1567 καὶ
645 1527 716 1578 τὴν
735 1526 968 1580 Ἐργίσκην,
991 1528 1088 1568 οὕτω
1117 1528 1308 1580 γίγνοινθ’
1328 1530 1364 1569 οἱ
1384 1529 1504 1580 ὅρκοι,

184 1594 245 1634 καὶ
269 1593 321 1645 μὴ
347 1595 566 1646 προλαβὼν
592 1595 738 1636 ἐκεῖνος
763 1594 852 1636 τοὺς
878 1595 1101 1646 ἐπικαίρους
1119 1598 1198 1635 τῶν
1222 1596 1355 1635 τόπων
1379 1595 1506 1647 κύριος

182 1662 251 1710 τῆς
267 1659 429 1716 Θρᾴκης
454 1663 684 1712 κατασταίη,
704 1664 802 1712 μηδὲ
822 1664 986 1702 πολλῶν
1010 1663 1081 1712 μὲν
1107 1661 1320 1714 χρημάτων
1343 1665 1506 1703 πολλῶν

182 1729 223 1767 δὲ
261 1731 510 1779 στρατιωτῶν
546 1726 771 1781 εὐπορήσας
808 1730 851 1768 ἐκ
883 1729 1031 1768 τούτων
1062 1729 1205 1782 ῥᾳδίως
1238 1732 1319 1770 τοῖς
1352 1732 1506 1770 λοιποῖς

184 1795 399 1847 ἐπιχειροίη
425 1794 667 1847 πράγμασιν.
739 1794 824 1836 εἶτα
841 1795 958 1835 Δτοῦτο
992 1797 1063 1846 μὲν
1093 1795 1184 1849 οὐχὶ
1215 1794 1326 1847 λέγει
1354 1795 1398 1834 τὸ
1424 1794 1504 1847 ψή-

123 1875 161 1906 25
183 1860 301 1913 φισμ’
335 1860 415 1901 οὐδ’
448 1861 751 1914 ἀναγιγνώσκει·
790 1864 823 1902 εἰ
857 1864 898 1903 δὲ
931 1861 1140 1913 βουλεύων
1175 1862 1253 1914 ἐγὼ
1285 1860 1506 1913 προσάγειν

182 1926 272 1969 τοὺς
296 1926 491 1979 πρέσβεις
519 1926 629 1983 ᾤμην
660 1932 753 1974 δεῖν,
780 1929 897 1968 τοῦτό
927 1945 1001 1980 μου
1034 1928 1259 1979 διαβάλλει.
1332 1929 1438 1968 ἀλλὰ
1469 1927 1509 1967 τί

183 1994 304 2046 ἐχρῆν
345 2011 394 2045 με
435 1997 579 2041 ποιεῖν;
630 1994 682 2045 μὴ
722 1994 942 2047 προσάγειν
979 1994 1134 2047 γράψαι
1170 1995 1261 2036 τοὺς
1301 1994 1363 2034 ἐπὶ
1401 1992 1505 2034 τοῦθ’

179 2060 358 2110 ἥκοντας,
399 2060 448 2101 ἵν’
486 2062 576 2111 ὑμῖν
622 2063 907 2114 διαλεχθῶσιν;
966 2058 990 2112 ἢ
1038 2061 1133 2102 θέαν
1177 2061 1229 2112 μὴ
1278 2064 1506 2111 κατανεῖμαι

181 2126 248 2166 τὸν
297 2126 541 2182 ἀρχιτέκτον’
589 2127 720 2170 αὐτοῖς
767 2131 972 2174 κελεῦσαι,·
1038 2127 1129 2168 ἀλλ’
1178 2129 1220 2168 ἐν
1267 2131 1352 2167 τοῖν
1398 2129 1504 2167 δυοῖν

122 2204 162 2235 30
181 2193 350 2243 ὀβολοῖν
389 2194 582 2246 ἐθεώρουν
628 2193 687 2240 ἄν,
731 2195 764 2235 εἰ
810 2194 862 2245 μὴ
909 2193 1012 2234 τοῦτ’
1057 2193 1225 2246 ἐγράφη.
1294 2194 1342 2233 τὰ
1386 2194 1505 2244 μικρὰ

223 2311 242 2331 2
268 2302 440 2343 ἀποπλεῖν]
460 2305 555 2334 πλεῖν
571 2302 691 2340 Cobet,
710 2302 750 2334 cf.
766 2305 781 2340 ξ
802 2313 842 2342 27
941 2312 960 2342 5
984 2301 1072 2342 οὐδὲ]
1091 2304 1125 2333 οὐ
1144 2302 1179 2332 5¹
1269 2312 1290 2340 9
1313 2302 1411 2340 μόνον
1428 2307 1504 2341 post

181 2343 297 2385 ἡμέρας
311 2345 335 2376 S
346 2345 422 2376 LA:
438 2351 518 2376 ante
531 2345 648 2387 ἡμέρας
663 2346 689 2376 F
701 2346 728 2376 B
741 2346 829 2385 vulg.
924 2356 963 2376 10
981 2346 1155 2386 ἐξελύσατε
1171 2345 1194 2375 5
1210 2344 1288 2375 LA:
1309 2344 1503 2384 ἐξελύσασθε

182 2386 207 2416 F
222 2387 250 2417 B
353 2390 456 2427 16-17
481 2392 574 2421 πλεῖν
590 2413 598 2421 .
618 2414 625 2421 .
641 2413 648 2420 .
669 2389 913 2429 ἀπολαμβάνειν
928 2389 1007 2420 secl.
1031 2389 1166 2419 Dobree
1265 2398 1308 2426 30
1331 2389 1350 2425 ἢ
1367 2392 1446 2418 ante
1463 2389 1504 2419 τὰ

180 2431 274 2471 μικρὰ
296 2431 372 2463 add.
392 2431 541 2463 Dindorf
645 2433 740 2473 μικρὰ
763 2432 876 2472 vulg.:
907 2443 971 2463 om.
992 2431 1048 2463 5¹:
1083 2432 1200 2472 σμικρὰ
1224 2431 1248 2462 S
1272 2441 1359 2462 corr.
1377 2435 1445 2462 ant.
1464 2430 1503 2461 L1

1324 2492 1383 2524 15*

1537 157 1649 214 [233]

1538 727 1649 782 [234]

1535 1210 1579 1243 27

1537 1802 1581 1835 28
