1763 2828
145 129 201 184 [5]
314 129 620 167 AIBANIOT
667 127 1065 166 ΎΠΟΘΕΣΕΩΝ
1116 127 1479 164 ΠΡΟΟΙΜΙΟΝ

233 226 442 276 ἐπιθέμενος
463 227 608 275 ἐνίκησε
628 226 742 276 μάχῃ·
775 225 833 263 καὶ
857 225 968 264 ὅσους
988 225 1198 273 συνελαβεν
1217 224 1473 274 αἰχμαλώτους
1493 227 1563 262 τῶν

231 279 445 330 Ἀθηναίων,
467 283 610 330 ἀφῆκεν
631 280 715 318 ἄνευ
739 281 892 329 λύτρων,
914 280 955 317 οὗ
977 278 1052 317 κατ’
1074 279 1213 317 εὔνοιαν
1232 280 1297 327 τῆς
1320 279 1462 318 πόλεως
1481 277 1563 316 οὐδὲ

232 335 274 374 δι’
298 336 490 374 ἐπιείκειαν
508 335 646 385 τρόπου
669 365 676 372 .

136 441 200 496 [6]
516 442 608 470 ΠΕΡΙ
639 441 721 469 ΤΩΝ
755 441 893 469 ΜΕΡΩΝ
924 442 1004 470 ΤΗΣ
1037 441 1277 470 ΡΗΤΟΡῙΚΗΣ.

285 501 358 548 Τῆς
386 500 580 548 ῥητορικῆς
605 499 698 549 μέρη
724 500 816 548 τρία,
843 498 1090 543 ἐπιδεικτικόν,
1112 498 1304 543 δικανικόν,
1326 498 1563 547 συμβουλευ-
1583 515 1601 547 5

230 554 340 592 τικόν.
401 556 479 591 τοῖν
516 555 584 603 μὲν
622 553 685 591 οὖν
724 552 822 591 δυοῖν
856 554 965 602 ἄκρος
1004 553 1210 605 ἀγωνιστὴς
1246 554 1387 604 γέγονε,
1421 555 1486 590 τοῦ
1523 569 1563 590 τε

232 608 413 646 δικανικοῦ
444 607 502 645 καὶ
529 610 595 647 τοῦ
623 608 957 657 συμβουλευτικοῦ·
999 607 1255 646 ἐπιδεικτικοὺς
1284 605 1314 644 δ’
1339 608 1404 644 οὐκ
1431 607 1564 658 ἔχομεν

231 664 341 700 αὐτοῦ
368 664 513 714 λόγους.
569 662 654 702 τοὺς
679 663 751 714 γὰρ
777 662 1001 711 φερομένους
1027 663 1069 700 οὗ
1091 662 1308 699 πιστευτέον
1328 660 1417 699 εἶναι
1438 665 1562 711 Δημο-

231 716 393 764 σθένους,
416 717 480 754 τὸν
500 717 696 764 ἐπιτάφιον
720 716 779 754 καὶ
804 718 868 754 τὸν
895 717 1074 766 ἐρωτικόν·
1113 716 1213 753 πολὺ
1238 717 1310 767 γὰρ
1335 717 1400 764 τῆς
1426 716 1562 754 ἐκείνου

232 771 414 820 δυνάμεως
434 771 709 809 ἀπολείπονται.
750 770 809 808 καὶ
829 773 897 821 οὐχ
917 771 1097 820 ἡμετέραν
1110 771 1259 824 γνώμην
1274 771 1443 822 λέγομεν,
1461 771 1563 808 ἀλλὰ
1586 785 1625 807 10

233 825 291 862 καὶ
321 825 505 875 Διονυσίῳ
533 828 583 876 τῷ
611 824 906 874 “Αλικαρνασσεῖ
930 828 1039 863 τοῦτο
1068 825 1247 864 συνδοκεῖ.
1306 825 1361 864 ὅτι
1391 826 1458 875 μὲν
1490 826 1562 877 γὰρ

233 879 329 916 εἶπεν
354 880 549 929 ἐπιτάφιον
572 880 688 931 λόγον
709 879 955 928 Δημοσθένης
981 880 1229 932 ὡμολόγηται·
1265 882 1308 918 οὗ
1333 879 1408 930 μὴν
1432 882 1563 918 τοῦτον

231 934 324 972 εἰκὸς
353 933 443 971 εἶναι
470 934 535 971 τὸν
563 932 622 971 ὑπ’
652 934 788 971 ἐκείνου
816 933 984 982 ῥηθέντα,
1004 935 1100 972 πάνυ
1129 935 1282 983 φαύλως
1312 935 1371 972 καὶ
1400 934 1563 974 ἀσθενῶς

231 987 373 1038 ἔχοντα.
432 990 503 1025 τῶν
523 987 561 1025 δὲ
587 988 918 1037 συμβουλευτικῶν
937 990 1048 1026 αὐτοῦ
1071 989 1194 1040 λόγων
1213 991 1246 1026 οἶ
1268 990 1336 1040 μὲν
1355 990 1444 1027 αὐτὸ
1466 987 1564 1027 τοῦτ’

230 1043 381 1092 ἔχουσιν
407 1043 632 1094 ἐπίγραμμα,
657 1042 983 1091 συμβουλευτικοί,
1010 1043 1045 1080 οἶ
1073 1041 1102 1080 δ’
1131 1042 1235 1081 οὐδὲν
1260 1045 1328 1092 μὲν
1353 1042 1464 1092 ἧττόν
1491 1045 1562 1080 εἶσι
1585 1055 1622 1087 15

231 1097 555 1145 συμβουλευτικοί,
575 1096 794 1134 Φιλιππικοὶ
813 1095 842 1134 δ’
863 1097 1141 1148 ἐπιγράφονται,
1162 1101 1202 1135 ἐκ
1221 1100 1286 1135 τοῦ
1305 1098 1388 1147 περὶ
1407 1100 1479 1135 τῶν
1498 1100 1562 1135 τοῦ

229 1152 418 1188 Φιλίππου
446 1151 674 1202 πραγμάτων
704 1151 872 1200 εἰρῆσθαι
900 1151 969 1200 τὴν
995 1153 1131 1200 κλῆσιν
1156 1152 1345 1203 λαχόντες.
1404 1151 1463 1189 καὶ
1491 1155 1563 1190 τῶν

229 1208 461 1243 Φιλιππικῶν
496 1206 651 1245 ἕκαστος
685 1205 778 1243 ἰδίαν
809 1204 875 1244 τιν’
908 1206 1120 1259 ἐπιγραφὴν
1154 1207 1229 1258 ἔχει
1269 1207 1360 1244 κατὰ
1391 1206 1459 1255 τὴν
1491 1209 1563 1244 τῶν

227 1260 453 1311 πραγμάτων
474 1260 639 1299 ἑκάστων
659 1259 832 1309 ἰδιότητα.
