1747 2844
201 128 321 182 xvm]
514 134 656 171 ΠΕΡΙ
705 134 826 172 ΤΟΎ
873 134 1209 172 ΣΤΕΦΑΝΟΎ

734 236 984 265 ΚΑΤΑΛΟΓΟΣ.

250 295 354 348 [Τοὺς
379 299 621 349 τριηράρχους
647 298 843 336 καλεῖσθαι
869 298 928 335 ἐπὶ
954 297 1020 345 τὴν
1042 297 1171 346 τριήρη
1196 297 1455 335 συνεκκαίδεκα
1481 300 1520 335 ἐκ

195 354 266 389 τῶν
295 355 333 389 ἐν
360 355 435 392 τοῖς
464 352 591 403 λόχοις
620 354 850 397 συντελειῶν,
881 353 954 390 ἀπὸ
984 351 1101 389 εἴκοσι
1132 351 1190 389 καὶ
1218 352 1325 390 πέντε
1355 354 1443 389 ε’τῶν
1472 353 1520 391 εἷς

195 407 471 455 τετταράκοντα,
494 407 552 444 ἐπὶ
571 406 655 444 ἴσον
673 409 720 456 τῇ
737 406 897 457 χορηγίᾳ
915 404 1146 456 χρωμένους]

157 513 174 543 5
263 498 367 551 Φέρε
393 498 439 549 δὴ
464 500 569 551 παρὰ
592 502 730 540 τοῦτον
754 498 823 540 τὸν
849 499 890 539 ἐκ
915 502 983 539 τοῦ
1008 500 1102 549 ἐμοῦ
1127 499 1248 549 νόμου
1273 497 1507 550 κατάλογον.

730 627 983 656 ΚΑΤΑΛΟΓΟΣ.

247 687 351 740 [Τοὺς
379 690 621 740 τριηράρχους
649 689 833 739 αἱρεῖσθαι
864 689 923 726 ἐπὶ
951 690 1018 738 τὴν
1042 690 1171 739 τριήρη
1201 691 1273 728 ἀπὸ
1302 692 1366 739 τῆς
1392 692 1519 731 οὐσίας

194 744 284 781 κατὰ
317 744 477 792 τίμησιν,
511 744 582 781 ἀπὸ
615 744 805 781 ταλάντων
837 742 934 781 δέκα·
981 745 1043 782 ἐὰν
1077 744 1115 782 δὲ
1147 744 1327 783 πλειόνων
1356 746 1379 793 ἡ
1411 747 1520 783 οὐσία

193 798 488 846 ἀποτετιμημένη
518 796 543 847 ᾗ
570 798 779 848 χρημάτων,
811 799 903 835 κατὰ
936 798 1000 836 τὸν
1030 799 1286 849 ἀναλογισμὸν
1315 799 1379 839 ἕως
1412 803 1520 849 τριῶν

136 867 174 889 10
191 852 332 889 πλοίων
359 852 417 889 καὶ
443 853 660 900 ὑπηρετικοῦ
686 853 709 900 ἡ
736 852 946 903 λειτουργία
973 852 1079 890 ἔστω.
1140 854 1231 890 κατὰ
1256 853 1322 901 τὴν
1345 853 1458 902 αὐτὴν
1481 854 1519 892 δὲ

192 906 394 957 ἀναλογίαν
414 905 508 943 ἔστω
536 905 595 943 καὶ
622 905 674 946 οἷς
698 906 860 944 ἐλάττων
880 907 989 944 οὐσία
1011 907 1092 944 ἐστὶ
1118 909 1188 944 τῶν
1209 906 1295 945 δέκα
1316 908 1516 952 ταλάντων,

192 962 241 1000 εἷς
260 960 473 998 συντέλειαν
492 961 756 1011 συναγομένοις
776 963 824 1001 εἷς
843 962 889 999 τὰ
910 960 995 998 δέκα
1014 959 1203 1012 τάλαντα.]

253 1094 357 1148 ἲΑρα
386 1097 503 1147 μικρὰ
532 1098 734 1147 βοηθῆσαι
764 1100 846 1138 τοῖς
878 1096 1044 1147 πένησιν
1077 1098 1183 1147 ὑμῶν
1217 1099 1330 1143 δοκῶ,
1357 1094 1380 1147 ἢ
1409 1097 1514 1150 μίκρ’

193 1163 402 1203 ἀναλῶσαι
437 1161 486 1202 ἂν
523 1166 591 1202 τοῦ
628 1162 679 1213 μὴ
722 1165 770 1202 τὰ
810 1163 940 1203 δίκαια
979 1166 1105 1203 ποιεῖν
1146 1165 1182 1203 οἱ
1222 1164 1427 1210 πλούσιοι;
1471 1164 1515 1204 οὐ

135 1248 171 1280 ¹5
192 1230 323 1269 τοίνυν
354 1229 475 1279 μόνον
500 1232 552 1283 τῷ
584 1229 636 1279 μὴ
663 1232 898 1281 καθυφεῖναι
924 1233 1043 1269 ταῦτα
1068 1230 1322 1280 σεμνύνομαι,
1349 1230 1437 1271 οὐδὲ
1462 1234 1513 1285 τῷ

192 1295 359 1347 γραφεὶς
395 1295 628 1347 ἀποφυγεῖν,
664 1296 770 1336 ἀλλὰ
810 1297 872 1336 καὶ
907 1300 959 1350 τῷ
999 1295 1254 1348 συμφέροντα
1290 1298 1414 1337 θεῖναι
1446 1296 1514 1338 τὸν

192 1362 312 1412 νόμον
356 1362 417 1401 καὶ
458 1365 510 1415 τῷ
553 1365 690 1413 πεῖραν
733 1362 833 1416 ἔργῳ
875 1362 1095 1403 δεδωκέναι.
1167 1363 1296 1403 πάντα
1332 1365 1406 1416 γὰρ
1445 1363 1514 1404 τὸν

191 1428 367 1479 πόλεμον
398 1432 476 1468 τῶν
509 1429 747 1469 ἀποστόλων
783 1428 1028 1481 γιγνομένων
1062 1431 1160 1479 κατὰ
1192 1429 1260 1470 τὸν
1294 1430 1414 1481 νόμον
1445 1430 1514 1471 τὸν

189 1495 296 1544 ἐμόν,
335 1495 409 1548 οὐχ
452 1496 649 1546 ἱκετηρίαν
686 1495 801 1546 ἔθηκε
838 1494 1072 1549 τριήραρχος
1112 1495 1236 1537 οὐδεὶς
1272 1496 1424 1537 πώποθ’
1463 1497 1514 1539 ὡς

131 1581 170 1602 20
189 1561 441 1612 ἀδικούμενος
477 1561 566 1613 παρ’
601 1563 703 1613 ὑμῖν,
746 1561 813 1602 οὐκ
850 1563 892 1603 ἐν
929 1563 1151 1615 Μουνιχίας
1188 1562 1402 1612 ἐκαθέζετο,
1439 1564 1513 1617 οὐχ

187 1627 262 1668 ὑπὸ
299 1633 376 1669 τῶν
415 1628 676 1670 ἀποστολέων
719 1629 845 1680 ἐδέθη,
883 1629 927 1669 οὐ
966 1629 1123 1682 τριήρης
1163 1629 1242 1669 οὔτ’
1279 1629 1352 1680 ἔξω
1393 1647 1509 1670 κατα-

187 1696 388 1747 λειφθεῖσ’
431 1696 612 1737 ἀπώλετο
653 1698 699 1753 τῇ
744 1698 873 1743 πόλει,
918 1695 998 1736 οὔτ’
1040 1695 1157 1736 αὐτοῦ
1199 1697 1422 1749 ἀπελείφθη
1466 1697 1509 1738 οὐ

188 1762 382 1813 δυναμένη
415 1763 647 1816 ἀνάγεσθαι.
714 1765 837 1804 καίτοι
872 1765 969 1803 κατὰ
1001 1763 1090 1804 τοὺς
1124 1762 1336 1815 προτέρους
1368 1764 1508 1815 νόμους

188 1828 344 1870 ἅπαντα
375 1830 480 1870 ταῦτ’
506 1832 698 1883 ἐγίγνετο.
767 1830 812 1871 τὸ
846 1830 878 1870 δ’
908 1831 1046 1876 α’ίτιον,
1072 1831 1115 1870 ἐν
1146 1834 1228 1872 τοῖς
1260 1830 1428 1881 πένησιν
1462 1830 1508 1882 ἦν

130 1911 166 1943 25
187 1895 231 1935 τὸ
256 1901 500 1953 λῃτουργεῖν
537 1900 671 1938 πολλὰ
696 1897 741 1947 δὴ
767 1897 962 1938 τάδύνατα
993 1896 1244 1948 συνέβαινεν.
1305 1898 1383 1949 ἐγὼ
1409 1897 1441 1937 δ’
1468 1899 1509 1937 ἐκ

187 1966 263 2003 τῶν
297 1965 455 2016 ἀπόρων
485 1966 539 2006 εἰς
568 1964 658 2006 τοὺς
682 1963 869 2015 εὐπόρους
900 1962 1123 2016 μετήνεγκα
1147 1966 1217 2005 τὰς
1242 1965 1506 2016 τριηραρχίας·

187 2029 299 2070 πάντ’
324 2032 392 2072 οὖν
416 2033 463 2071 τὰ
487 2030 612 2071 δέοντ’
638 2032 828 2083 ἐγίγνετο.
899 2031 961 2070 καὶ
985 2030 1063 2081 μὴν
1091 2032 1151 2072 καὶ
1180 2030 1263 2070 κατ’
1288 2029 1382 2070 αὐτὸ
1406 2030 1507 2070 τοῦτ’

228 2150 246 2177 4
272 2140 454 2182 χρωμένους
473 2141 499 2170 L
515 2150 617 2179 marg.
633 2150 640 2170 :
664 2141 830 2182 χρώμενον
848 2139 872 2170 S
884 2139 910 2169 L
927 2139 1016 2179 vulg.
1146 2149 1183 2178 13
1206 2152 1245 2180 γε
1263 2143 1340 2178 post
1357 2138 1416 2180 ἆρα
1431 2140 1507 2171 add.

188 2183 213 2213 L
230 2184 338 2222 vulg:
364 2194 426 2214 om.
449 2183 485 2215 S²
497 2183 527 2222 Q
694 2194 732 2222 14
757 2184 920 2215 ἀναλῶσαι
938 2184 976 2215 ἂν
993 2183 1087 2213 codd.
1107 2194 1113 2213 :
1138 2184 1176 2214 ἂν
1193 2184 1356 2214 ἀναλῶσαι
1374 2182 1506 2222 Hertz„

186 2231 287 2265 recte,
306 2232 387 2266 puto
479 2227 601 2259 ἐθέλειν
618 2231 693 2266 post
709 2229 811 2259 ποιεῖν
826 2227 903 2258 add.
922 2226 945 2257 S
959 2226 986 2256 L
998 2226 1086 2264 vulg.
1102 2236 1108 2255 :
1133 2236 1196 2257 om.
1211 2225 1242 2255 A
1357 2236 1399 2256 20
1424 2232 1507 2258 Μου-

185 2271 289 2311 νιχίας
308 2271 490 2302 Kirchhoff
504 2271 558 2311 (ef.
581 2270 716 2309 inscrr.)
735 2281 741 2300 :
767 2270 932 2312 Μουνυχίᾳ
949 2270 1045 2300 codd.
1190 2279 1227 2299 21
1256 2273 1509 2311 καταλειφθεῖσα

186 2313 210 2344 S
225 2314 251 2343 L
266 2315 353 2353 vulg.
372 2326 379 2344 τ
403 2317 650 2355 καταληφθεῖσα
665 2313 764 2345 Vind.
786 2324 798 2344 1
818 2314 859 2344 al.
983 2323 1023 2342 22
1047 2312 1218 2352 ἀπελήφθη
1237 2312 1273 2343 Sl
1399 2323 1440 2353 25
1464 2314 1508 2353 μὴ

185 2356 334 2439 {hingem
357 2362 436 2388 ante
460 2360 661 2400 λειτουργεῖν
683 2357 758 2388 add.
774 2356 806 2387 A
824 2368 830 2388 :
862 2361 937 2396 post
962 2358 1164 2397 λειτουργεῖν
1187 2355 1276 2395 vulg.
1295 2356 1319 2387 S
1336 2368 1408 2397 γρ.;
1440 2367 1506 2388 om.

1552 133 1658 188 [εει]

1551 618 1665 672 [262]

1549 1111 1612 1145 107

1544 1772 1609 1806 108
