1763 2828
846 543 954 581 XIII

619 667 762 710 ΠΕΡΙ
824 664 1192 714 ΣΤΝΤΑΞΕΩΣ

789 798 1006 828 ΥΠΟΘΕΣῙΣ.

287 869 331 909 ‘O
352 872 465 924 λόγος
485 870 590 912 οὗτος
613 872 734 910 οὐκέτι
757 872 980 912 Φιλιππικός
1004 874 1116 917 ἐστιν,
1138 870 1224 910 ἀλλ’
1248 873 1374 914 ἁπλῶς
1398 874 1567 941 συμβου-

235 927 411 966 λευτικός.
488 926 691 975 ἐκκλησίαν
724 927 795 977 γὰρ
834 926 997 977 ἀγόντων
1029 929 1100 964 τῶν
1138 925 1343 975 Ἀθηναίων
1376 928 1458 977 περὶ
1494 931 1568 967 τῶν

86 980 202 1035 [166]
236 981 414 1030 θεωρικῶν
433 981 642 1031 χρημάτων,
660 979 886 1029 παρελθὼν“
871 997 890 1017 ο
911 980 1159 1029 Δημοσθένης
1177 980 1294 1018 πείθει
1314 981 1572 1032 συνταχθῆναί

233 1034 264 1073 τ’
288 1034 418 1075 αὐτοὺς
442 1035 502 1072 καὶ
526 1035 569 1073 τὸ
594 1035 748 1085 ἀρχαῖον
772 1034 977 1082 ἀναλαβεῖν
1001 1034 1143 1083 ἀξίωμα
1170 1035 1481 1084 στρατευομένους
1508 1037 1567 1074 καὶ

232 1092 304 1128 τῶν
331 1089 523 1138 Ἑλλήνων
551 1088 906 1138 προκινδυνεύοντας,
935 1088 995 1125 καὶ
1023 1088 1211 1140 συγκρίνει
1239 1090 1285 1127 τὰ
1313 1091 1376 1127 νῦν
1403 1091 1479 1130 τοῖς
1508 1090 1567 1128 ε’πὶ
1586 1104 1603 1137 5

232 1146 304 1182 τῶν
332 1143 534 1195 προγόνων,
566 1142 664 1181 πολὺ
698 1143 912 1192 φαυλότερα
944 1143 1002 1181 καὶ
1033 1143 1270 1192 ταπεινότερα
1299 1145 1371 1182 τῶν
1399 1146 1567 1183 παλαιῶν

233 1198 382 1239 δεικνύς.

301 1326 400 1379 Περὶ
425 1328 496 1377 μὲν
517 1329 586 1367 τοῦ
609 1327 802 1378 παρόντος
827 1326 1011 1378 ἀργυρίου
1031 1326 1093 1365 καὶ
1113 1326 1167 1365 ὧν
1188 1325 1303 1366 ἕνεκα
1323 1326 1396 1377 τὴν
1424 1328 1562 1378 ε’κκλη-

233 1394 325 1434 σίαν
350 1392 534 1439 ποιεῖσθ’,
561 1391 590 1432 ὦ
621 1393 757 1445 ἄνδρες
783 1392 996 1442 Ἀθηναῖοι,
1024 1391 1229 1444 οὐδέτερόν
1253 1409 1321 1443 μοι
1353 1396 1462 1434 δοκεῖ
1486 1398 1564 1435 τῶν

231 1463 420 1513 χαλεπῶν
447 1459 559 1506 εἶναι,
591 1460 670 1500 οὔτ’
696 1458 985 1510 ἐπιτιμήσαντα
1012 1462 1093 1500 τοῖς
1123 1458 1288 1509 νέμουσι
1319 1459 1381 1500 καὶ
1412 1462 1564 1502 διδοῦσι
1587 1482 1625 1505 10

231 1528 279 1566 τὰ
319 1528 429 1566 κοινὰ
468 1526 724 1577 εὐδοκιμῆσαι
766 1527 870 1577 παρὰ
905 1528 986 1567 τοῖς
1020 1524 1278 1575 βλάπτεσθαι
1314 1528 1377 1566 διὰ
1414 1529 1563 1569 τούτων

229 1592 462 1645 ἡγουμένοις
486 1592 556 1642 τὴν
582 1594 712 1638 πόλιν,
740 1593 829 1633 οὕτε
854 1592 1091 1632 συνειπόντα
1116 1593 1180 1632 καὶ
1206 1593 1488 1645 παραινέσανθ’
1511 1595 1563 1637 ὡς

229 1662 290 1701 δεῖ
310 1659 547 1710 λαμβάνειν,
574 1661 820 1712 χαρίσασθαι
844 1663 925 1701 τοῖς
952 1657 1096 1711 σφόδρ’
1119 1660 1160 1699 ἐν
1185 1660 1299 1714 χρείᾳ
1323 1664 1391 1700 τοῦ
1415 1665 1561 1711 λαβεῖν

228 1726 355 1767 οὖσιν·
393 1725 589 1778 οὐδέτεροι
614 1728 688 1778 γὰρ
707 1725 804 1778 πρὸς
823 1725 866 1765 τὸ
886 1731 933 1782 τῇ
953 1725 1070 1766 πόλει
1098 1726 1302 1779 συμφέρον
1323 1731 1561 1770 σκοποῦντες

228 1792 307 1833 οὔτ’
344 1794 571 1834 ἐπαινοῦσιν
608 1792 697 1833 οὔτε
733 1793 1040 1845 δυσχεραίνουσι
1083 1793 1127 1833 τὸ
1169 1796 1342 1846 πρᾶγμα,
1381 1793 1472 1834 ἀλλ’
1509 1794 1560 1837 ὣς
1582 1813 1620 1846 15

177 1879 198 1905 2
228 1858 406 1912 ἑκάτεροι
438 1860 573 1912 χρείας
609 1860 671 1900 καὶ
702 1860 930 1911 περιουσίας
960 1860 1136 1913 ἔχουσιν.
1180 1861 1258 1912 ε’γὼ
1283 1862 1325 1901 δὲ
1348 1864 1463 1901 τοῦτο
1487 1863 1559 1912 μὲν

228 1926 307 1967 οὔτ’
342 1926 390 1967 ἂν
423 1927 728 1978 εἰσηγησαίμην,
764 1926 842 1967 οὔτ’
875 1925 923 1966 ἂν
956 1927 1172 1978 ἀντείποιμ’
1207 1927 1258 1969 ὡς
1288 1928 1333 1968 οὐ
1368 1930 1428 1968 δεῖ
1456 1932 1557 1979 λαμ-

228 1992 383 2044 βάνειν·
420 1997 594 2046 παραινῶ
623 1992 758 2044 μέντοι
789 1997 953 2034 σκοπεῖν
985 1994 1047 2034 καὶ
1076 1994 1309 2046 λογίζεσθαι
1338 1993 1435 2046 πρὸς
1460 1995 1560 2045 ὑμᾶς

229 2059 367 2102 αὐτοὺς
396 2061 456 2101 ὅτι
485 2061 694 2113 τάργύριον
723 2060 795 2112 μέν
830 2062 916 2101 ἐστι
949 2060 1066 2106 τοῦθ’,
1097 2061 1194 2112 ὑπὲρ
1225 2060 1269 2100 οὗ
1296 2060 1556 2111 βουλεύεσθε,

228 2128 379 2179 μικρόν,
410 2127 454 2167 τὸ
486 2126 520 2167 δ’
551 2127 640 2169 ἔθος
668 2127 782 2180 μέγα,
809 2126 830 2167 ὃ
860 2128 1037 2180 γίγνεται
1071 2128 1170 2177 μετὰ
1201 2127 1351 2167 τούτου.
1422 2128 1455 2167 εἶ
1486 2129 1559 2178 μὲν
1580 2141 1618 2163 20

229 2193 296 2234 οὖν
320 2195 419 2244 μετὰ
444 2198 513 2234 τοῦ
537 2193 723 2246 πράττειν
747 2194 771 2235 ἃ
796 2193 987 2245 προσήκει
1022 2194 1084 2233 καὶ
1113 2193 1157 2233 τὸ
1188 2192 1413 2244 λαμβάνειν
1440 2210 1555 2234 κατα-

273 2304 294 2333 8
319 2303 412 2335 ἕνεκα
428 2313 492 2334 om.
514 2303 549 2334 5ι
668 2313 690 2342 9
712 2305 854 2335 ποιεῖσθε
872 2302 896 2334 S
912 2316 963 2344 γρ.
981 2317 987 2334 ;
1014 2305 1134 2334 ποιεῖτε
1153 2301 1177 2333 S
1194 2306 1228 2332 et
1245 2301 1333 2340 vulg.
1457 2312 1493 2332 12
1517 2304 1558 2335 ὣς

231 2349 282 2378 δεῖ
294 2347 473 2385 λαμβάνειν
491 2346 574 2378 secl.
591 2346 699 2377 Cobet
818 2356 855 2384 14
880 2347 955 2387 πρὸς
972 2346 1051 2377 secl.
1072 2345 1179 2376 Cobet
1297 2346 1336 2375 16
1359 2345 1556 2387 περιουσίας]

231 2391 400 2431 repono-[as
418 2390 453 2420 Sl
476 2392 576 2430 (corr.
596 2392 606 2421 3
623 2391 779 2430 eadem):
804 2390 976 2430 παρουσίας
995 2389 1160 2429 Harpocr.
1182 2398 1208 2419 s.
1221 2399 1250 2418 v.
1420 2399 1457 2427 19
1482 2388 1558 2430 ὑπὲρ

232 2432 256 2463 S
273 2443 279 2463 τ
304 2433 372 2474 περὶ
392 2437 467 2463 cett.
563 2433 782 2470 βουλεύσεσθε
801 2432 836 2463 S¹
