1731 2844
0 0 13 32 Η

202 112 241 168 ν]
538 116 680 154 ΠΕΡΙ
729 116 854 154 ΤΗΣ
900 116 1182 154 ΕΙΡΗΝΗΣ

201 219 385 273 ἐμβάλοι,
423 223 599 272 βοηθεῖν,
638 220 682 260 οὐ
719 219 1119 272 συνεπιστρατεύσειν
1155 219 1385 272 οὐδετέροις.
1459 223 1521 263 καὶ

201 290 273 340 γὰρ
299 290 337 328 αἱ
363 288 582 341 συμμαχίαι
606 291 744 328 τοῦτον
770 287 909 340 ἔχουσι
934 286 1002 327 τὸν
1032 288 1189 343 τρόπον,
1217 288 1272 328 ὧν
1303 287 1365 327 καὶ
1395 292 1517 340 φρον-

200 356 346 395 τίσειεν
377 354 425 395 ἄν
457 371 527 400 τις,
563 354 626 394 καὶ
657 354 703 394 τὸ
736 356 896 406 πρᾶγμα
916 351 1043 406 Ιφύσει
1075 354 1252 395 τοιοῦτόν
1285 355 1409 394 ἐστιν·
1452 354 1520 394 οὐκ

199 421 291 475 ἄχρι
310 423 378 471 τῆς
396 422 486 472 ἴσης
506 421 671 463 ἕκαστός
697 422 808 461 ἐστιν
829 420 961 462 εὔνους
982 420 1064 461 οὔθ’
1085 421 1177 472 ἡμῖν
1197 421 1285 462 οὔτε
1306 422 1518 472 Θηβαίοις,

161 503 178 535 5
199 492 280 530 σῶς
312 487 345 527 τ’
377 487 477 529 εἶναι
507 488 569 528 καὶ
600 491 754 539 κρατεῖν
782 491 860 528 τῶν
890 487 1038 534 ἄλλων,
1066 488 1172 528 ἀλλὰ
1203 491 1284 529 σῶς
1315 490 1387 539 μὲν
1422 488 1522 529 εἶναι

199 554 342 596 πάντες
366 554 414 595 ἂν
438 553 643 605 βούλοινθ’
669 553 773 608 ἕνεχ’
794 555 933 600 αὑτῶν,
958 553 1230 606 κρατήσαντας
1255 556 1297 595 δὲ
1322 554 1411 596 τοὺς
1437 554 1518 596 ἑτέ-

197 638 286 673 ρους
315 621 511 663 δεσπότας
541 620 733 675 ὑπάρχειν
762 622 888 661 αὑτῶν
922 621 1011 662 οὐδὲ
1044 621 1111 663 εἷς.
1182 622 1224 662 τί
1254 621 1322 661 οὖν
1353 621 1522 674 ἡγοῦμαι

198 686 376 740 φοβερὸν
396 688 458 728 καὶ
482 687 522 728 τί
545 686 801 740 φυλάξασθαι
826 691 908 728 δεῖν
932 688 1051 739 ἡμᾶς;
1088 687 1141 739 μὴ
1163 687 1297 738 κοινὴν
1316 688 1522 741 πρόφασιν

200 754 260 795 καὶ
286 753 415 795 κοινὸν
441 754 605 807 ἔγκλημ’
631 755 651 794 ὁ
674 754 837 806 μέλλων
862 756 1036 806 πόλεμος
1060 754 1157 807 πρὸς
1190 753 1366 797 ἅπαντας
1395 754 1519 811 λάβῃ.

143 840 179 863 10
199 822 231 862 εἰ
257 822 331 873 γὰρ
357 820 533 874 Ἀργεῖοι
557 823 630 873 μὲν
656 821 718 861 καὶ
745 820 974 872 Μεσσήνιοι
1006 822 1067 862 καὶ
1094 824 1425 874 Μεγαλοπολῖται
1459 822 1524 862 καί

197 904 299 930 τινες
324 891 400 928 τῶν
426 892 576 929 λοιπῶν
604 889 959 939 Πελοποννησίων,
987 889 1076 928 ὅσοι
1100 888 1221 929 ταύτὰ
1245 889 1396 931 τούτοις
1420 894 1518 941 φρο-

198 958 322 1001 νοῦσι,
367 955 429 995 διὰ
476 954 547 1005 τὴν
594 955 690 1007 πρὸς
731 956 1062 1006 Λακεδαιμονίους
1108 955 1201 1006 ἡμῖν
1250 956 1522 1007 ἐπικηρυκείαν

198 1022 347 1073 ἐχθρῶς
372 1021 575 1074 σχήσουσι
604 1023 665 1062 καὶ
690 1022 733 1062 τὸ
758 1025 886 1062 δοκεῖν
917 1021 1154 1074 ἐκδέχεσθαί
1183 1039 1220 1061 τι
1248 1026 1324 1062 τῶν
1357 1023 1520 1064 ἐκείνοις

198 1087 497 1140 πεπραγμένων,
517 1092 695 1139 Θηβαῖοι
715 1088 747 1128 δ’
767 1088 906 1141 έχουσι
926 1088 1010 1139 μέν,
1030 1088 1081 1130 ὡς
1100 1088 1301 1140 λέγουσιν,
1322 1089 1519 1143 ἀπεχθῶς,

140 1172 175 1203 15
198 1154 255 1194 ἔτι
290 1153 322 1193 δ’
351 1154 594 1207 ἐχθροτέρως
627 1154 867 1208 σχήσουσιν,
903 1155 962 1194 ὅτι
995 1154 1083 1196 τοὺς
1117 1155 1204 1206 παρ’
1232 1156 1391 1195 ἐκείνων
1423 1155 1518 1208 φεύ-

196 1237 338 1273 γοντας
355 1218 530 1275 σῴζομεν
547 1222 608 1261 καὶ
624 1221 751 1262 πάντα
763 1222 908 1273 τρόπον
919 1221 991 1270 τὴν
1009 1221 1242 1272 δυσμένειαν
1259 1221 1519 1273 ἐνδεικνύμεθ’

196 1287 339 1333 αὐτοῖς,
376 1289 575 1328 Θετταλοὶ
612 1288 656 1333 δ’,
692 1289 751 1328 ὅτι
787 1288 876 1329 τοὺς
909 1287 1082 1328 Φωκέων
1116 1288 1296 1340 φυγάδας
1332 1286 1517 1343 σῴζομεν,

198 1355 397 1396 Φίλιππος
431 1354 477 1401 δ’,
504 1355 564 1395 ὅτι
595 1355 796 1406 κωλύομεν
826 1354 944 1395 αὐτὸν
976 1359 1176 1395 κοινωνεῖν
1204 1357 1272 1405 τῆς
1301 1356 1518 1407 ἀμφικτυο-

197 1422 293 1467 νίας,
321 1425 523 1474 φοβοῦμαι
555 1422 608 1473 μὴ
643 1421 787 1464 πάντες
814 1421 900 1473 περὶ
925 1426 1003 1462 τῶν
1037 1422 1145 1462 ἰδίων
1171 1422 1338 1463 ἕκαστος
1367 1423 1517 1474 ὀργιζό-

139 1505 179 1527 20
197 1504 312 1539 μενος
338 1488 468 1529 κοινὸν
493 1488 557 1541 ἐφ’
584 1489 685 1540 ἡμᾶς
718 1487 901 1541 ἀγάγωσι
930 1488 998 1529 τὸν
1030 1489 1217 1539 πόλεμον,
1244 1490 1292 1528 τὰ
1321 1493 1398 1529 τῶν
1423 1488 1517 1540 Ἀμ-

197 1556 417 1606 φικτυόνων
473 1556 650 1608 δόγματα
706 1554 1043 1608 προστησάμενοι,
1093 1555 1162 1596 εἶτ’
1211 1557 1520 1596 ἐπισπασθῶσιν

196 1621 358 1662 ἕκαστοι
389 1622 489 1675 πέρα
521 1626 589 1663 τοῦ
625 1621 899 1675 συμφέροντος
935 1624 1087 1664 ἑαυτοῖς
1120 1619 1226 1673 [ἡμῖν
1262 1620 1518 1675 πολεμῆσαι],

196 1688 329 1741 ὥσπερ
367 1689 428 1730 καὶ
461 1690 549 1742 περὶ
583 1689 757 1732 Φωκέας.
829 1691 917 1730 ’ίστε
953 1691 1027 1741 γὰρ
1065 1688 1188 1739 δήπου
1222 1689 1326 1729 τοῦθ’
1359 1690 1419 1730 ὅτι
1452 1694 1520 1730 νῦν

197 1758 374 1806 Θηβαῖοι
409 1757 470 1797 καὶ
505 1757 708 1799 Φίλιππος
742 1756 804 1797 καὶ
841 1757 1053 1802 Θετταλοί,
1089 1756 1178 1809 οὐχὶ
1215 1756 1323 1796 ταῦθ’
1357 1756 1519 1797 ἕκαστοι

138 1838 174 1869 ²5
195 1821 356 1872 μάλιστ’
378 1824 678 1869 ἐσπουδακότες,
700 1823 820 1864 ταύτὰ
846 1823 990 1865 πάντες
1015 1822 1202 1875 ἔπραξαν·
1240 1824 1323 1864 οἷον
1340 1826 1519 1875 Θηβαῖοι

196 1888 263 1929 τὸν
296 1892 366 1940 μὲν
391 1892 594 1931 Φίλιππον
626 1893 838 1943 παρελθεῖν
870 1890 931 1930 καὶ
963 1894 1110 1941 λαβεῖν
1133 1892 1203 1932 τὰς
1229 1891 1422 1942 παρόδους
1451 1891 1518 1930 οὐκ

198 1956 380 1997 ἐδύναντο
403 1961 590 2004 κωλῦσαι,
612 1957 700 1998 οὐδέ
723 1975 769 2010 γε
795 1961 872 1997 τῶν
891 1959 1022 1999 αὑτοῖς
1043 1956 1328 2008 πεπονημένων
1347 1958 1519 1998 ὕστατον

197 2023 362 2064 ἐλθόντα
386 2023 457 2074 τὴν
483 2024 602 2075 δόξαν
628 2025 748 2078 ἔχειν·
791 2025 876 2065 νυνὶ
909 2026 983 2077 γὰρ
1010 2025 1213 2075 Θηβαίοις
1242 2024 1339 2076 πρὸς
1371 2026 1442 2075 μὲν
1474 2023 1519 2064 τὸ

195 2088 265 2138 τὴν
302 2090 436 2143 χώραν
476 2093 706 2143 κεκομίσθαι
744 2090 966 2143 πέπρακταί
1000 2108 1050 2137 τι,
1088 2091 1186 2143 πρὸς
1225 2093 1267 2131 δὲ
1304 2090 1419 2142 τιμὴν
1459 2090 1520 2131 καὶ

238 2210 257 2239 5
282 2203 344 2233 σῶς
361 2201 390 2232 τ’
411 2201 537 2232 Reiske
554 2214 560 2232 :
585 2203 671 2234 ὥστε
689 2201 773 2239 (ωστ
792 2201 831 2241 S)
851 2201 948 2232 codd.
1056 2211 1072 2239 7
1099 2203 1201 2233 αὑτῶν
1218 2201 1297 2231 secl.
1319 2200 1521 2240 Rosenberg

196 2243 216 2273 8
239 2250 319 2284 φημι
336 2249 411 2284 post
428 2244 628 2286 φυλάξασθαι
645 2245 720 2276 add.
740 2245 850 2284 vulg.:
877 2255 942 2275 om.
962 2244 985 2275 S
1004 2244 1096 2276 solus
1189 2245 1271 2276 ὅπως
1289 2249 1368 2275 ante
1383 2245 1428 2284 μὴ
1444 2244 1520 2274 add.

196 2286 304 2326 vulg.:
331 2298 395 2319 om.
415 2288 438 2318 S
456 2288 549 2319 solus
728 2299 767 2328 19
792 2288 928 2320 ἕκαστος
946 2287 1149 2330 ὀργίζομενος
1167 2287 1211 2318 S:
1238 2287 1376 2320 ἕκαστος
1399 2286 1521 2330 ὀργιζό-

196 2342 284 2367 μενοι
311 2329 407 2361 AY:
444 2331 576 2364 ἕκαστοι
609 2331 807 2373 ὀργιζόμενοι
835 2331 966 2362 Cobet:
1003 2331 1135 2363 ἕκαστοι
1169 2330 1401 2385 [ὀργιζόμενοι]
1429 2330 1521 2361 Weil

198 2383 238 2402 22
262 2373 336 2412 ἡμῖν
352 2378 535 2414 πολεμῆσαι
553 2376 632 2405 secl.
656 2376 754 2406 Blass
771 2374 845 2407 coll.
864 2374 969 2406 schol.
988 2385 1020 2414 p.
1045 2376 1104 2412 164
1230 2385 1271 2413 29
1295 2374 1474 2415 πεπρακταί
1490 2387 1521 2405 τι

199 2415 223 2445 S
239 2426 245 2445 ἰ
270 2416 434 2450 κάλλιστα
452 2417 632 2457 πέπρακται
652 2423 729 2449 cett.

1551 115 1633 172 [61]

1555 369 1593 404 17

1555 828 1595 864 18

1556 1303 1595 1337 19

1553 1418 1641 1474 [62]

1549 2037 1590 2063 21
