1763 2828
85 132 196 187 [437]

84 236 195 291 [437]

129 449 196 485 299

123 1519 188 1553 301

123 1783 191 1817 302

78 1835 191 1891 [438]

657 134 1140 172 ΔΗΜΟΣΘΕΝΟΎΣ
1472 131 1557 185 [mx

228 236 405 286 πείθεσθ’
438 238 557 288 ὑμεῖς,
592 236 669 277 ὑπὸ
702 236 850 278 τούτων
887 236 973 279 δέος
1011 238 1098 278 ἐστὶ
1133 237 1185 289 μὴ
1220 242 1557 291 παρακρουσθῆτε.

229 303 316 344 ’καὶ
348 303 419 354 τὴν
452 304 571 345 πόλιν
606 303 791 357 συνέχειν
821 301 963 356 ἷφησὶν
996 306 1038 345 ἐν
1071 305 1116 360 τῇ
1150 303 1340 359 μαντείᾳ],
1371 307 1476 348 ὅπως
1509 306 1558 347 ἂν

225 371 318 420 μίαν
350 371 510 423 γνώμην
544 371 694 425 ἔχωσιν
727 371 897 413 ἅπαντες
933 372 995 412 καὶ
1026 371 1079 423 μὴ
1108 375 1191 414 τοῖς
1223 373 1381 425 ἐχθροῖς
1412 372 1558 424 ἡδονὴν

227 437 399 478 ποιῶσι.’
472 437 603 490 πότερ’
640 438 708 479 οὖν
746 438 870 479 οἴεσθ’
905 438 964 484 ἄν,
1002 435 1032 478 ὦ
1067 438 1205 490 ἄνδρες
1236 437 1451 488 Ἀθηναῖοι,
1489 439 1558 481 τὸν

225 508 401 545 τοσαῦτα
431 504 513 545 κάκ’
540 504 805 557 εἰργασμένον
834 505 1026 552 σωθέντα,
1058 502 1080 555 ἢ
1113 506 1222 555 δίκην
1250 506 1380 551 δόντα,
1414 506 1557 556 ἡδονὴν

227 572 415 626 Φιλίππῳ
448 574 632 621 ποιῆσαι,·
674 572 750 624 ἐγὼ
783 574 854 622 μὲν
883 574 1012 623 οἴομαι
1047 571 1237 612 σωθέντα.
1308 573 1412 624 φησὶ
1443 572 1487 614 δέ
1520 573 1557 625 γ’

225 636 248 688 ἡ
267 639 432 688 μαντεία
452 641 533 678 δεῖν
550 638 657 679 ὅπως
676 637 723 678 ἂν
742 637 795 689 μὴ
812 640 1007 692 χαίρωσιν
1024 641 1059 679 οἱ
1077 639 1210 692 ἐχθροὶ
1232 642 1369 679 ποιεῖν.
1429 638 1558 680 ἅπασι

225 704 355 745 τοίνυν
379 710 449 759 μιᾷ
467 704 604 760 γνώμῃ
625 705 936 756 παρακελεύεται
957 705 1137 755 κολάζειν
1156 706 1245 746 τοὺς
1263 706 1557 757 ὑπηρετηκότας

224 787 262 811 τι
285 774 367 812 τοῖς
392 772 550 824 ἐχθροῖς
577 772 596 810 ὁ
619 771 730 817 Ζεύς,
752 771 774 822 ἡ
798 772 944 822 Διώνη,
967 772 1112 813 πάντες
1137 774 1173 812 οἱ
1200 772 1293 812 θεοί.
1353 770 1499 822 ἔξωθεν
1521 775 1556 814 οἱ

224 837 566 888 ἐπιβουλεύοντες,
613 838 774 878 ἔνδοθεν
815 840 851 879 οἱ
895 838 1227 891 συμπράττοντες.
1299 838 1436 880 οὐκοῦν
1479 844 1558 881 τῶν

225 904 570 955 ἐπιβουλευόντων
602 907 674 955 μὲν
706 905 822 957 ἔργον
853 906 1012 952 διδόναι,
1043 909 1121 946 τῶν
1152 906 1486 958 συμπραττόντων
1514 909 1556 948 δὲ

224 970 449 1022 λαμβάνειν
477 972 539 1012 καὶ
565 971 655 1014 τοὺς
682 973 898 1024 εἰληφότας
923 970 1119 1027 ἐκσῴζειν.

287 1036 377 1078 ’Έτι
406 1039 537 1079 τοίνυν
565 1038 636 1079 κᾶν
663 1038 730 1079 ἀπ’
754 1039 1004 1091 ἀνθρωπίνου
1030 1043 1228 1092 λογισμοῦ
1252 1040 1356 1079 τοῦτ’
1383 1041 1459 1081 ἴδοι
1484 1058 1553 1087 τις,

223 1105 283 1144 ὅτι
308 1104 466 1146 πάντων
486 1105 730 1159 ἐχθρότατον
755 1107 817 1147 καὶ
837 1106 1123 1158 φοβερώτατον
1141 1106 1185 1147 τὸ
1211 1107 1280 1147 τὸν
1299 1107 1557 1159 προεστηκότ’

224 1172 292 1212 ἐᾶν
328 1172 472 1212 οἰκεῖον
511 1173 721 1225 γίγνεσθαι
755 1176 837 1215 τοῖς
873 1173 925 1224 μὴ
958 1177 1035 1214 τῶν
1072 1174 1199 1215 αὐτῶν
1233 1175 1468 1225 ἐπιθυμοῦσι
1503 1178 1556 1229 τῷ

224 1237 343 1293 δήμῳ.
403 1239 484 1279 τίσι
510 1241 585 1291 γὰρ
605 1243 682 1280 τῶν
702 1240 943 1293 πραγμάτων
960 1240 1152 1293 ἐγκρατὴς
1170 1240 1335 1293 γέγονεν
1354 1242 1557 1284 Φίλιππος

224 1304 420 1352 ἁπάντων,
458 1305 520 1346 καὶ
552 1307 660 1347 τίσιν
693 1307 741 1346 τὰ
775 1306 948 1359 μέγιστα
981 1308 1263 1360 κατείργασται
1295 1311 1372 1349 τῶν
1405 1325 1553 1360 πεπρα-

224 1371 392 1423 γμένων,
422 1372 647 1425 σκέψασθε.
720 1377 772 1428 τῷ
798 1376 904 1425 παρὰ
931 1378 1009 1414 τῶν
1038 1375 1277 1416 πωλούντων
1302 1376 1370 1417 τὰς
1396 1373 1556 1428 πράξεις

225 1437 426 1486 ὠνεῖσθαι,
447 1443 500 1494 τῷ
521 1440 612 1481 τοὺς
632 1441 928 1493 προεστηκότας
952 1442 994 1482 ἐν
1014 1445 1099 1483 ταῖς
1122 1442 1293 1482 πόλεσιν
1312 1443 1556 1494 διαφθείρειν

226 1505 287 1546 καὶ
307 1506 493 1558 ἐπαίρειν,
514 1507 677 1548 τούτοις.
732 1512 855 1548 ταῦτα
872 1509 1004 1548 τοίνυν
1021 1508 1085 1560 ἐφ’
1101 1509 1191 1558 ὑμῖν
1208 1510 1319 1549 ἐστιν
1335 1509 1553 1560 ἀμφότερα,

225 1573 294 1612 ἐὰν
312 1572 533 1622 βούλησθε,
553 1574 696 1626 ἀχρεῖα
712 1576 878 1624 ποιῆσαι
893 1573 1074 1626 τήμερον,
1093 1574 1141 1615 ἂν
1157 1579 1235 1615 τῶν
1254 1577 1325 1625 μὲν
1339 1574 1390 1625 μὴ
1408 1574 1555 1625 ’θέλητ’

225 1638 379 1680 ἀκούειν
395 1643 476 1681 τοῖς
492 1640 685 1682 τοιούτοις
702 1641 1042 1692 συνηγορούντων,
1061 1641 1153 1681 ἀλλ’
1171 1640 1379 1692 ἐπιδείξητ’
1393 1641 1556 1694 ἀκύρους

224 1707 339 1747 ὄντας
369 1706 476 1757 ὑμῶν
498 1704 583 1758 (νῦν
609 1706 685 1758 γάρ
711 1713 837 1759 φασιν
868 1708 968 1748 εἶναι
1000 1707 1145 1760 κύριοι),
1173 1708 1241 1748 τὸν
1272 1710 1312 1748 δὲ
1341 1708 1555 1760 πεπρακόθ’

224 1771 363 1813 ἑαυτὸν
403 1772 614 1823 κολάσητε,
654 1774 717 1814 καὶ
754 1773 859 1814 τοῦθ’
894 1774 1067 1816 ἅπαντες
1108 1776 1259 1815 ἴδωσιν.
1332 1776 1447 1816 παντὶ
1484 1777 1557 1826 μὲν

225 1839 299 1891 γὰρ
337 1840 494 1882 εἰκότως
531 1839 579 1881 ἂν
615 1840 869 1892 ὀργισθείητ’,
906 1839 935 1880 ὦ
972 1841 1110 1893 ἄνδρες
1142 1841 1358 1891 Ἀθηναῖοι,
1396 1845 1557 1882 τοιαῦτα

225 1907 454 1957 πεποιηκότι
503 1906 565 1947 καὶ
611 1908 873 1959 προδεδωκότι
919 1906 1151 1961 συμμάχους
1200 1909 1262 1949 καὶ
1303 1909 1445 1960 φίλους
1494 1908 1556 1949 καὶ

225 1973 392 2024 καιρούς,
420 1972 505 2024 μεθ’
529 1974 583 2014 ὧν
607 1970 631 2023 ἢ
658 1978 787 2016 καλῶς
819 1971 841 2024 ἢ
868 1978 992 2016 κακῶς
1022 1973 1203 2016 ἑκάστοις
1231 1974 1315 2028 ἔχει
1340 1977 1388 2015 τὰ
1413 1974 1553 2021 πάντα,

223 2039 269 2080 οὐ
297 2040 374 2091 μὴν
403 2039 530 2081 οὐδενὶ
561 2043 718 2091 μᾶλλον
748 2041 835 2082 οὐδὲ
869 2042 1109 2093 δικαιότερον
1143 2038 1165 2091 ἦ
1198 2041 1333 2096 τούτῳ.
1407 2041 1448 2084 ὃς
1481 2043 1556 2094 γὰρ

221 2106 361 2148 ἑαυτὸν
380 2106 501 2158 τάξας
519 2111 598 2148 τῶν
616 2107 892 2149 ἀπιστούντων
918 2108 1018 2149 εἶναι
1038 2109 1238 2163 Φιλίππῳ,
1263 2109 1324 2149 καὶ
1348 2109 1467 2160 μόνος
1493 2109 1556 2149 καὶ

264 2226 283 2246 2
308 2219 374 2249 δεῖν
391 2216 460 2257 (vel
479 2216 541 2257 δεῖ)
560 2221 638 2257 post
653 2216 750 2249 πόλιν
767 2218 842 2248 add.
863 2217 888 2246 Ι,
906 2216 997 2255 vulg.
1014 2228 1019 2247 :
1046 2228 1111 2248 om.
1131 2217 1154 2248 S
1166 2217 1196 2247 A
1345 2219 1446 2257 φησὶν
1463 2219 1496 2250 ἐν
1513 2219 1555 2259 τῇ

218 2261 354 2302 μαντείᾳ
372 2261 396 2292 S
408 2260 458 2300 Q:
485 2261 566 2292 secl.
578 2260 678 2291 Blass
697 2262 747 2301 (ἐν
763 2263 805 2302 τῇ
822 2261 959 2302 μαντείᾳ
973 2261 1052 2291 secl.
1069 2261 1227 2300 Sauppe]
1243 2272 1249 2292 2
1275 2261 1375 2301 φησὶν
1389 2261 1407 2299 ἡ
1420 2261 1556 2300 μαντεία

220 2303 247 2334 L
264 2303 353 2344 vulg.
463 2304 545 2336 ὅπως
562 2303 617 2345 ἂν]
636 2305 715 2336 ὅπου
732 2305 769 2336 ἂν
787 2304 922 2334 Dobrcc
937 2314 943 2333 :
971 2304 1062 2335 ὁπότ’
1081 2306 1119 2336 ἂν
1134 2303 1228 2334 Weil
1405 2305 1426 2334 6
1450 2307 1555 2344 οἴομαι

220 2346 306 2378 SL:
331 2348 414 2387 οἶμαι
434 2352 510 2378 cett.
734 2357 752 2386 7
777 2348 825 2380 ἀεὶ
843 2352 922 2378 ante
941 2350 1008 2379 δεῖν
1025 2348 1101 2380 add.
1122 2348 1250 2378 FYO:
1286 2357 1351 2378 om.
1371 2347 1394 2378 S
1408 2347 1475 2378 LA
1489 2348 1515 2378 Β
1529 2347 1555 2378 Ρ

220 2401 262 2421 20
285 2391 410 2423 τούτοις
430 2391 455 2421 L
473 2391 576 2429 (coni.
595 2390 742 2431 Reiske)
760 2401 766 2421 :
791 2390 923 2423 τούτους
942 2396 1019 2421 cett.
1147 2401 1189 2422 22
1215 2393 1278 2422 τῶν
1295 2396 1373 2422 ante
1391 2393 1458 2424 τοῖς
1474 2391 1552 2422 add.

220 2433 258 2464 L¹
273 2433 320 2465 F:
344 2444 408 2465 om.
432 2433 470 2465 S¹
490 2433 578 2473 vulg.

1576 519 1595 551 5

1580 854 1618 878 10

1579 1522 1619 1544 20

1578 1854 1616 1886 25
