1747 2844
159 149 247 194 m]
385 153 529 190 ΠΕΡΙ
571 153 694 190 ΤΗΣ
743 121 1263 189 ΠΑΡΑΠΡΕΣΒΕΙΑΣ
1512 147 1624 204 [447]

156 254 422 306 ἐξαπατήσειν
446 256 544 305 ὑμᾶς
570 255 756 303 ἐλπίζειν.
830 255 907 305 ἐγὼ
937 254 969 293 δ’
995 255 1056 294 ὅτι
1084 255 1155 303 μὲν
1180 253 1309 294 πάντα
1333 255 1479 305 τρόπου

128 348 132 351 -
158 322 382 373 κρινόμενος
407 320 540 372 Χάρης
565 321 722 372 εὕρηται
747 322 896 361 πιστῶς
922 320 983 360 καὶ
1008 320 1202 366 εὐνοϊκῶς,
1224 321 1321 360 ὅσον
1346 319 1393 370 ἦν
1419 320 1479 361 ἐπ’

156 389 304 443 ἐκείνῳ,
333 387 510 439 πράττων
533 388 629 438 ὑπὲρ
653 387 772 437 ὑμῶν,
801 387 862 426 διὰ
887 385 976 428 τοὺς
1000 385 1032 425 δ’
1053 387 1116 426 ἐπὶ
1140 386 1318 439 χρήμασι
1341 391 1479 437 λυμαι-

155 454 339 505 νομένους
365 457 445 496 τοῖς
472 452 678 505 πράγμασι
701 456 864 493 πολλῶν
883 454 1070 504 ὑστερῶν,
1093 453 1138 493 οὐ
1162 451 1304 504 σφόδρ’
1325 454 1477 506 ἰσχυρί-

116 538 133 568 5
156 521 279 571 ζομαι,
311 520 402 560 ἀλλ’
429 519 660 571 ὑπερβολὴν
692 519 921 571 ποιήσομαι·
964 519 1067 560 ἔστω
1102 520 1177 570 γὰρ
1209 517 1322 560 πάντ’
1352 520 1478 571 ἀληθῆ

154 586 285 637 λέξειν
310 587 397 638 περὶ
427 586 543 626 αὐτοῦ
570 587 736 626 τουτονί.
810 587 870 626 καὶ
899 586 998 626 οὕτω
1030 587 1161 626 τοίνυν
1190 588 1326 642 κομιδῇ
1354 585 1480 638 γέλως

154 654 241 693 ἐστὶ
268 656 497 704 κατηγορεῖν
516 653 664 693 ἐκείνου
688 653 854 693 τουτονί.
909 654 987 704 ἐγὼ
1012 655 1087 705 γὰρ
1107 653 1305 705 Αἰσχίνην
1324 652 1480 695 οὐδενὸς
1513 670 1579 705 333

154 720 333 770 αἰτιῶμαι
362 722 438 759 τῶν
465 720 506 759 ἐν
530 722 582 773 τῷ
614 719 774 774 πολέμῳ
806 718 1062 772 πραχθέντων
1088 717 1252 771 (τούτων
1278 718 1353 771 γάρ
1379 720 1481 760 εἰσιν
1515 721 1632 776 [448]

154 787 189 825 οἱ
226 786 440 838 στρατηγοὶ
476 782 711 835 ὑπεύθυνοι),
746 786 834 826 οὐδὲ
869 789 938 825 τοῦ
973 784 1220 836 ποιήσασθαι
1256 785 1327 835 τὴν
1362 786 1481 826 πόλιν

95 867 135 890 10
155 850 322 904 εἰρήνην,
350 852 441 892 ἀλλ’
466 851 558 904 ἄχρι
591 853 730 892 τούτου
758 851 871 892 πάντ’
897 853 1054 904 ἀφίημι.
1127 853 1167 892 τί
1192 852 1259 893 οὗν
1283 851 1390 904 λέγω
1420 852 1481 892 καὶ

154 919 275 958 πόθεν
317 917 487 972 ἄρχομαι
531 923 779 971 κατηγορεῖν,·
831 922 899 958 τοῦ
939 918 1175 969 ποιουμένης
1217 921 1285 969 τῆς
1327 920 1481 961 πόλεως

155 983 311 1037 εἰρήνην
345 985 584 1036 Φιλοκράτει
618 989 831 1030 συνειπεῖν,
867 986 972 1025 ἀλλὰ
1004 984 1056 1035 μὴ
1091 989 1173 1026 τοῖς
1205 987 1253 1025 τὰ
1283 985 1481 1036 βέλτιστα

154 1050 367 1104 γράφουσι,
395 1048 486 1104 [καὶ]
513 1055 580 1091 τοῦ
608 1051 697 1103 δῶρ’
724 1051 944 1103 εἰληφέναι,
972 1055 1040 1090 τοῦ
1068 1052 1165 1102 μετὰ
1194 1052 1298 1091 ταῦτ’
1323 1052 1388 1093 ἐπὶ
1413 1055 1480 1102 τῆς

153 1115 320 1169 ὑστέρας
352 1119 571 1169 πρεσβείας
601 1118 692 1159 τοὺς
720 1119 885 1171 χρόνους
916 1122 1155 1170 κατατρῖψαι
1188 1119 1250 1158 καὶ
1277 1120 1398 1169 μηδὲν
1426 1120 1481 1160 ὧν

95 1199 131 1232 15
153 1183 414 1235 προσετάξαθ’
447 1185 554 1235 ὑμεῖς
591 1187 766 1234 ποιῆσαι,
804 1188 873 1224 τοῦ
907 1185 1122 1236 φενακίσαι
1157 1185 1228 1235 τὴν
1264 1186 1382 1226 πόλιν
1419 1185 1482 1226 καὶ

154 1250 453 1302 παραστήσαντ’
487 1252 663 1298 ἐλπίδας,
698 1252 748 1293 ὡς
781 1252 858 1291 ὅσα
890 1250 1104 1301 βουλόμεθ’
1135 1251 1246 1301 ἡμεῖς
1279 1252 1482 1294 Φίλιππος

154 1316 305 1368 πράξει,
333 1317 446 1358 πάντ’
472 1317 782 1364 ἀπολωλεκέναι,
807 1321 875 1357 τοῦ
899 1319 997 1367 μετὰ
1022 1317 1142 1364 ταῦθ’,
1171 1317 1310 1369 ἑτέρων
1336 1324 1479 1370 προλε-

154 1384 305 1435 γόντων
331 1383 602 1436 φυλάττεσθαι
635 1384 703 1425 τὸν
734 1383 893 1424 τοσαῦτ’
924 1383 1148 1433 ἠδικηκότα,
1180 1388 1318 1425 τοῦτον
1345 1385 1479 1439 ἐκείνῳ

154 1454 399 1503 συνηγορεῖν.
458 1454 580 1490 ταῦτα
604 1455 818 1502 κατηγορῶ,
839 1454 959 1490 ταῦτα
982 1450 1198 1501 μέμνησθε,
1220 1451 1305 1491 ἐπεὶ
1329 1453 1482 1492 δικαίαν
1512 1467 1579 1503 334

96 1532 133 1553 20
154 1515 309 1568 εἰρήνην
347 1518 410 1557 καὶ
454 1518 544 1567 ἴσην
581 1518 643 1558 καὶ
678 1519 799 1567 μηδὲν
837 1517 1084 1568 πεπρακότας
1121 1517 1349 1568 ἀνθρώπους
1384 1519 1481 1568 μηδὲ

152 1583 430 1635 ψευσαμένους
453 1583 622 1635 ὕστερον
649 1583 719 1624 κᾶν
745 1581 914 1640 ἐπῄνουν
940 1584 1002 1623 καὶ
1029 1588 1259 1636 στεφανοῦν
1284 1584 1480 1625 ἐκέλευον.

154 1649 375 1701 στρατηγὸς
408 1649 440 1689 δ’
470 1651 506 1690 εἴ
535 1667 592 1692 τις
624 1650 805 1700 ἠδίκηκεν
834 1651 943 1701 ὑμᾶς,
976 1649 1065 1703 οὐχὶ
1097 1654 1274 1691 κοινωνεῖ
1300 1655 1385 1692 ταῖς
1415 1655 1481 1691 νῦν

154 1715 342 1758 εὐθύναις.
403 1720 513 1758 ποῖος
538 1718 613 1768 γὰρ
639 1716 860 1769 στρατηγὸς
875 1715 1017 1762 “Ἀλον,
1044 1717 1102 1759 τίς
1127 1719 1169 1757 δὲ
1195 1716 1359 1759 Φωκέας
1383 1718 1478 1758 ἀπο-

153 1783 324 1828 λώλεκε;
368 1783 426 1824 τίς
459 1785 501 1823 δὲ
537 1785 756 1834 Δορίσκον;
807 1785 864 1825 τίς
896 1785 937 1824 δὲ
973 1782 1311 1836 Κερσοβλέπτην;
1354 1784 1411 1825 τίς
1447 1783 1480 1824 δ’

95 1862 133 1896 25
153 1848 276 1900 Ἱερὸν
311 1850 419 1901 ὅρος,·
468 1849 526 1891 τίς
562 1851 603 1890 δὲ
640 1850 797 1896 Πύλας,·
845 1851 904 1891 τίς
946 1852 986 1890 δὲ
1030 1851 1243 1900 πεποίηκεν
1280 1849 1372 1902 ἄχρι
1412 1851 1481 1900 τῆς

155 1914 336 1966 Ἀττικῆς
362 1915 452 1956 ὁδὸν
477 1917 540 1956 διὰ
565 1915 787 1969 συμμάχων
812 1916 873 1956 καὶ
898 1918 1030 1968 φίλων
1056 1916 1158 1957 εἶναι
1176 1917 1384 1970 Φιλίππῳ;
1423 1917 1480 1958 τίς

155 1984 195 2023 δὲ
228 1982 463 2033 Κορώνειαν,
498 1984 556 2024 τίς
590 1981 622 2022 δ’
651 1982 909 2035 Ὀρχομενόν,
940 1984 998 2025 τίς
1032 1984 1210 2034 Εὔβοιαν
1243 1983 1477 2034 ἀλλοτρίαν;

153 2049 210 2090 τίς
237 2048 405 2101 Μέγαρα
430 2049 562 2100 πρώην
587 2049 743 2101 ὀλίγου,·
780 2050 839 2091 τίς
859 2050 1064 2100 Θηβαίους
1089 2050 1295 2103 ἶσχυρούς;
1333 2049 1479 2090 τούτων
1510 2062 1576 2099 335

198 2167 216 2186 2
242 2157 368 2197 εὕρηται
387 2156 411 2187 S
424 2156 458 2186 F¹
472 2155 521 2195 Q:
549 2157 716 2198 εὑρήσεται
734 2157 764 2187 Y
777 2157 806 2189 O
823 2169 829 2188 ε
856 2159 1059 2200 εὑρεθήσεται
1079 2157 1148 2188 LA
1218 2159 1268 2190 καὶ
1288 2168 1352 2189 om.
1370 2157 1479 2189 ΞΥΟ

154 2210 174 2238 5
199 2200 292 2231 πάντ’
311 2201 414 2237 ἀληθῆ
434 2200 460 2230 Ρ
477 2200 534 2231 aL:
561 2200 666 2232 πάντα
682 2202 806 2239 τάληθῆ
825 2201 849 2232 S
862 2201 888 2231 L
906 2202 995 2240 vulg.
1130 2202 1151 2231 6
1173 2201 1278 2242 λέξειν
1296 2202 1319 2232 S
1333 2202 1359 2231 L
1374 2201 1479 2241 vulg.:

154 2243 266 2284 λέγειν
297 2242 327 2272 Α
512 2254 529 2282 7
569 2244 714 2284 τουτονί]
747 2247 863 2277 τοῦτον
895 2244 1064 2276 Maximus
1251 2255 1289 2284 13
1329 2246 1380 2277 καὶ
1410 2255 1475 2275 om.

155 2286 343 2317 Maximus:
370 2286 434 2317 del.
456 2286 631 2318 Markland
826 2290 865 2318 16
888 2288 1142 2329 παραστήσαντα
1160 2288 1294 2319 LYO:
1318 2288 1478 2329 παραστή-

156 2342 273 2362 σαντας
292 2329 329 2360 51
397 2331 454 2361 τὰς
471 2335 549 2361 ante
568 2332 699 2363 ἐλπίδας
714 2331 790 2362 add.
811 2330 920 2363 LYO
936 2343 941 2362 :
968 2342 1032 2362 om.
1052 2333 1075 2362 ὃ
1093 2332 1181 2370 vulg.
1284 2342 1326 2362 20
1350 2345 1480 2370 πεποιη·

154 2371 267 2411 μένους
295 2378 371 2412 post
398 2375 472 2411 ἴσην
500 2374 575 2405 add.
606 2374 631 2404 L
643 2375 667 2404 S
679 2387 729 2415 γρ.
889 2386 928 2414 24
963 2375 996 2407 δὲ
1025 2380 1102 2406 ante
1132 2376 1288 2416 Δορίσκον
1315 2386 1378 2406 om.
1411 2375 1478 2405 LA

156 2425 197 2455 25
215 2416 249 2448 δὲ
266 2421 344 2447 ante
359 2417 467 2449 Πύλας
485 2427 548 2448 om.
565 2416 604 2447 Ρι
619 2417 840 2457 Augustanus
851 2428 870 2449 2
960 2428 999 2457 27
1018 2418 1052 2451 δὲ
1068 2424 1147 2450 ante
1160 2417 1358 2459 Ὀρχομενόν
1375 2428 1438 2450 om.
1453 2418 1480 2448 P
