1763 2828
119 98 212 156 [60]

174 353 215 389 13

175 824 216 858 14

174 1289 213 1328 15

133 1408 215 1465 [61]

177 1752 219 1786 16

669 101 1158 141 ΔΗΜΟΣΘΕΝΟὙΣ
1533 99 1573 155 μ

243 205 444 260 λογισμὸν
468 205 534 260 ἐφ’
559 207 666 252 αὑτό,
696 207 759 247 καὶ
784 206 851 247 οὐκ
877 206 926 247 ἂν
949 206 1003 248 ἔτ’
1023 208 1148 260 ὀρθῶς
1173 206 1252 249 οὐδ’
1272 208 1390 262 ὑγιῶς
1414 210 1435 249 ὁ
1460 212 1574 251 τοῦτο

244 272 416 324 ποιήσας
441 275 529 326 περὶ
554 273 712 316 οὐδενὸς
736 275 960 327 λογίσαιτο.

306 339 383 382 “Ὲν
415 343 487 392 μὲν
520 341 588 382 οὖν
621 342 747 394 ἔγωγε
781 345 935 394 πρῶτον
966 340 1158 396 ὑπάρχειν
1192 342 1294 396 φημὶ
1327 346 1420 390 δεῖν,
1452 345 1572 391 ὅπως,

245 409 323 449 ε’ίτε
360 407 592 462 συμμάχους
628 410 706 449 ε’ίτε
745 408 931 460 σύνταξιν
969 408 1038 450 εἴτ’
1074 409 1177 450 ἄλλο
1211 427 1248 450 τι
1286 410 1482 461 βούλεταί
1516 428 1574 453 τις

246 474 550 526 κατασκευάζειν
579 482 628 533 τῇ
657 476 785 522 πόλει,
812 476 884 526 τὴν
910 476 1170 530 ὑπάρχουσαν
1201 476 1358 529 εἰρήνην
1390 477 1442 529 μὴ
1468 477 1574 519 λύων
1595 496 1613 529 5

244 546 359 583 τοῦτο
398 541 569 593 ποιήσει,
610 542 683 596 οὐχ
722 542 773 584 ὡς
812 543 1042 594 θαυμαστὴν
1085 543 1164 584 οὐδ’
1201 544 1253 586 ὡς
1293 542 1407 595 ἀξίαν
1449 545 1575 586 οὖσαν

243 610 364 660 ὑμῶν·
402 609 493 649 ἀλλ’
520 610 635 649 ὁποία
659 611 718 651 τίς
742 610 829 651 ποτ’
854 611 965 651 ἐστὶν
991 611 1099 661 αὕτη,
1126 611 1179 662 μὴ
1205 611 1394 663 γενέσθαι
1417 614 1576 662 μᾶλλον

246 676 331 729 εἶχε
350 680 432 717 τοῖς
452 675 658 728 πράγμασι
685 676 820 729 καιρὸν
845 674 869 727 ἢ
894 677 1137 729 γεγενημένη
1164 681 1233 718 νῦν
1260 677 1307 718 δι’
1326 678 1428 729 ἡμᾶς
1452 681 1572 729 λυθῆ-

246 759 322 783 ναι·
360 744 494 783 πολλὰ
526 744 603 795 γὰρ
635 744 860 795 προείμεθα,
887 745 942 785 ῶν
974 745 1235 798 ὑπαρχόντων
1265 745 1346 785 τότ’
1371 745 1420 786 ἂν
1452 742 1475 795 ἦ
1508 749 1575 786 νῦν

246 809 554 862 ἀσφαλέστερος
584 810 646 850 καὶ
678 808 785 865 ῥᾴων
818 809 865 861 ἦν
897 810 990 862 ἡμῖν
1016 812 1036 850 ὁ
1061 812 1248 863 πόλεμος.
1320 812 1503 865 δεύτερον
1528 811 1573 859 δ’,

245 877 340 928 ὁρᾶν
364 877 470 918 ὅπως
493 876 546 926 μὴ
572 876 822 929 προαξόμεθ’,
844 875 874 917 ὦ
893 877 1031 930 ἄνδρες
1051 877 1266 929 Ἀθηναῖοι,
1288 878 1378 921 τοὺς
1405 884 1573 930 συνελη-

244 943 414 985 λυθότας
455 942 614 985 τούτους
656 944 719 984 καὶ
757 943 990 997 φάσκοντας
1029 944 1323 997 Ἀμφικτύονας
1365 949 1434 987 νῦν
1477 946 1576 986 εἶναι

246 1011 300 1052 εἰς
326 1009 503 1063 ἀνάγκην
528 1011 591 1051 καὶ
616 1011 823 1064 πρόφασιν
849 1014 980 1052 κοινοῦ
1004 1011 1181 1063 πολέμου
1204 1012 1302 1065 πρὸς
1324 1012 1438 1063 ἡμᾶς.
1497 1013 1576 1065 ἐγὼ

245 1075 333 1130 γάρ,
374 1078 408 1117 εἰ
449 1076 596 1130 γένοιθ’
636 1078 730 1129 ἡμῖν
771 1078 868 1131 πρὸς
907 1079 1111 1120 Φίλιππον
1150 1078 1272 1120 πάλιν
1311 1079 1486 1131 πόλεμος
1527 1078 1576 1120 δι’

246 1144 495 1196 Ἀμφίπολιν
527 1144 552 1195 ἥ
584 1161 621 1185 τι
653 1148 831 1186 τοιοῦτον
866 1145 1030 1198 ἔγκλημ’
1056 1147 1169 1192 ἴδιον,
1197 1146 1241 1186 οὗ
1277 1145 1330 1198 μὴ
1362 1145 1578 1200 μετέχουσι

246 1211 446 1251 Θετταλοὶ
478 1211 568 1263 μηδ’
594 1212 769 1265 Ἀργεῖοι
800 1215 898 1264 μηδὲ
925 1215 1117 1263 Θηβαῖοι,
1144 1212 1213 1253 οὐκ
1242 1212 1291 1254 ἂν
1320 1213 1414 1265 ἡμῖν
1446 1214 1577 1265 οἴομαι

245 1277 395 1319 τούτων
419 1277 580 1320 οὐδένας
605 1281 846 1331 πολεμῆσαι,
875 1279 937 1319 καὶ
963 1279 1123 1320 πάντων
1147 1280 1291 1331 ἥκιστα
1313 1278 1397 1332 (καί
1424 1297 1492 1331 μοι
1522 1280 1576 1332 μὴ

246 1343 455 1401 θορυβήσῃ
490 1347 628 1397 μηδεὶς
663 1347 756 1398 πρὶν
789 1343 970 1396 ἀκοῦσαι)
1005 1347 1225 1397 Θηβαίους,
1263 1346 1336 1401 οὐχ
1370 1347 1421 1389 ὡς
1453 1346 1577 1398 ἡδέως

246 1411 409 1465 ἔχουσιν
445 1412 551 1463 ἡμῖν,
589 1412 670 1453 οὐδ’
707 1413 759 1455 ὡς
795 1412 864 1453 οὐκ
899 1412 948 1454 ἂν
983 1413 1208 1467 χαρίζοιντο
1245 1414 1448 1469 Φιλίππῳ,
1483 1413 1577 1455 ἀλλ’

246 1479 385 1519 ’ίσασιν
410 1479 597 1531 ἀκριβῶς,
626 1481 659 1520 εἰ
688 1480 751 1520 καὶ
785 1478 888 1520 πάνυ
914 1481 1022 1532 φησί
1052 1497 1111 1522 τις
1142 1480 1282 1523 αὐτοὺς
1314 1480 1578 1532 ἀναισθήτους

247 1545 360 1591 εἶναι,
388 1546 461 1592 ὅτι,
489 1547 523 1587 εἰ
555 1545 768 1599 γενήσεται
797 1547 972 1598 πόλεμος
1001 1546 1098 1599 πρὸς
1128 1548 1228 1599 ὑμᾶς
1259 1549 1402 1595 αὐτοῖς,
1429 1550 1477 1589 τὰ
1505 1550 1578 1599 μὲν

249 1614 345 1652 κακὰ
370 1612 486 1654 πάνθ’
507 1612 666 1664 ἕξουσιν
691 1613 814 1659 αὐτοί,
842 1618 925 1656 τοῖς
950 1613 982 1654 δ’
1009 1615 1171 1667 ἀγαθοῖς
1197 1616 1419 1668 ἐφεδρεύων
1445 1616 1578 1668 ἕτερος

249 1682 480 1720 καθεδεῖται.
542 1681 682 1721 οὔκουν
702 1680 876 1733 προοῖντ’
899 1681 947 1722 ἂν
973 1682 1113 1724 αὐτοὺς
1139 1683 1194 1724 εἰς
1219 1686 1345 1729 τοῦτο,
1366 1683 1418 1734 μὴ
1447 1685 1578 1733 κοινῆς

247 1749 317 1798 τῆς
347 1747 473 1801 ἀρχῆς
503 1748 565 1788 καὶ
594 1750 663 1799 τῆς
693 1749 820 1790 αἰτίας
849 1749 970 1799 οὔσης
1000 1752 1068 1789 τοῦ
1099 1749 1286 1801 πολέμου.
1358 1749 1449 1790 οὐδέ
1481 1748 1518 1802 γ’
1545 1751 1578 1790 εἰ

248 1813 370 1855 πάλιν
396 1813 493 1866 πρὸς
517 1814 607 1856 τοὺς
634 1816 842 1866 Θηβαίους
875 1816 1177 1868 πολεμήσαιμεν
1208 1816 1255 1857 δι’
1281 1816 1469 1869 Ὠρωπὸν
1492 1815 1517 1867 ἤ
1541 1833 1578 1856 τι

247 1884 326 1921 τῶν
359 1882 480 1927 ἰδίων,
515 1881 629 1922 οὐδὲν
661 1882 710 1922 ἂν
741 1883 843 1933 ἡμᾶς
876 1886 1018 1924 παθεῖν
1050 1884 1232 1936 ἡγοῦμαι·
1283 1884 1345 1924 καὶ
1378 1886 1454 1937 γὰρ
1484 1883 1578 1935 ἡμῖν

250 1949 443 1990 κάκείνοις
472 1948 562 1991 τοὺς
594 1951 842 2000 βοηθοῦντας
876 1949 924 1991 ἂν
958 1950 1077 2001 οἶμαι,
1106 1952 1161 1992 εἰς
1186 1951 1256 2001 τὴν
1282 1952 1429 1992 οἰκείαν
1455 1952 1492 1992 εἴ
1522 1967 1579 1991 τις

292 2070 310 2097 4
350 2058 538 2100 συμμάχους
571 2061 636 2091 εἴτε
669 2058 820 2100 σύνταξιν
853 2060 877 2091 S
890 2060 921 2090 A
942 2072 948 2091 τ
988 2060 1138 2102 σύνταξιν
1170 2063 1236 2093 εἴτε
1269 2060 1458 2102 συμμάχους
1488 2060 1577 2100 vulg.

249 2103 332 2134 ἄλλο
348 2102 396 2142 τι]
410 2112 476 2133 om.
492 2116 524 2134 τι
539 2102 562 2133 S
576 2102 606 2133 A
617 2102 649 2133 Y
665 2115 672 2134 ε
694 2103 848 2142 agnoscit
865 2103 1025 2135 Libanius
1135 2105 1157 2134 6
1172 2104 1299 2143 ποιήσει
1312 2104 1378 2135 SA
1390 2104 1420 2134 Y
1436 2115 1443 2134 τ
1459 2106 1578 2146 ποιήσῃ

248 2145 336 2184 vulg.
432 2156 449 2185 7
475 2146 523 2178 τίς
542 2150 618 2186 post
638 2147 732 2178 ὁποία
750 2156 814 2177 om.
832 2147 943 2186 vulg.:
969 2149 1045 2179 add.
1065 2147 1088 2178 S
1105 2148 1199 2179 solus
1288 2149 1309 2179 8
1332 2148 1536 2190 γεγενημένη
1554 2148 1579 2179 S

248 2188 336 2227 vulg.
354 2199 361 2218 ε
384 2190 611 2231 γεγενημένην
629 2189 804 2221 Palatinus
826 2200 886 2228 113
905 2190 1005 2221 Vind.
1030 2202 1042 2221 1
1063 2191 1173 2222 Cobet
1318 2201 1353 2222 11
1380 2191 1578 2233 προαξόμεθα

248 2231 278 2261 Y
290 2231 321 2262 Ο
337 2243 344 2263 :
369 2235 575 2274 προαξώμεθα
586 2232 621 2263 S¹
635 2233 675 2264 A¹
688 2233 778 2272 vulg.
874 2244 911 2273 17
938 2235 1067 2267 οὐδένας
1086 2234 1302 2266 Herwerden
1320 2245 1326 2264 :
1352 2234 1465 2267 οὐδένα
1481 2235 1576 2266 codd.

252 2276 289 2305 18
313 2276 445 2308 ἀκοῦσαι
464 2276 594 2307 SAY:
621 2278 659 2309 ἂν
679 2276 800 2319 ἀκούσῃ
820 2276 905 2308 FB:
935 2279 973 2310 ἂν
996 2278 1128 2310 ἀκούσαι
1153 2278 1184 2309 O
1354 2288 1397 2308 20
1428 2279 1528 2320 φησίν
1553 2277 1578 2309 S

247 2319 358 2349 solus:
385 2320 482 2359 φήσει
501 2319 532 2349 Α
545 2320 594 2352 Y:
620 2320 734 2361 φήσειε
751 2321 841 2359 vulg.
968 2331 1004 2351 21
1033 2324 1139 2354 αὐτοῖς
1157 2321 1181 2352 S
1199 2331 1302 2360 marg.
1323 2321 1415 2361 vulg.
1432 2332 1439 2352 τ
1465 2323 1578 2355 αὐτοὺς

248 2361 272 2392 S
285 2361 311 2392 F
323 2362 350 2392 B
486 2373 524 2401 27
551 2366 747 2401 βοηθοῦντας
766 2364 789 2393 S
807 2376 812 2394 :
837 2366 1061 2404 βοηθήσοντας
1080 2365 1165 2405 vulg.

1599 829 1638 852 10

1599 1164 1637 1197 Ι5

1599 1499 1640 1522 20

1601 1834 1639 1865 25
