1763 2828
97 123 215 178 [426]

145 578 163 603 2

167 569 212 605 ὦ

675 124 1157 163 ΔΗΜΟΣΘΕΝΟΎΣ
1487 122 1572 176 hm

247 228 307 268 καὶ
346 227 552 279 Λασθένης
589 231 660 279 μὲν
697 229 823 281 ἤρεψε
861 229 931 279 τὴν
967 230 1092 270 οἰκίαν
1128 234 1210 272 τοῖς
1246 231 1288 270 ἐκ
1326 232 1575 273 Μακεδονίας

244 294 391 345 ξύλοις,
424 295 673 347 Εὐθυκράτης
708 298 749 337 δὲ
781 300 880 346 βοῦς
914 296 1079 349 ἔτρεφεν
1112 298 1266 339 πολλὰς
1299 296 1415 347 τιμὴν
1447 297 1574 339 οὐδενὶ

244 362 345 409 δούς,
369 363 498 415 ἕτερος
524 362 567 403 δέ
585 380 643 405 τις
663 363 753 414 ἧκεν
775 363 879 416 ἔχων
901 364 1096 415 πρόβατα,
1119 363 1243 405 ἄλλος
1269 363 1311 404 δέ
1335 380 1393 406 τις
1418 365 1571 411 ἵππους,

243 431 279 470 οἱ
309 431 350 470 δὲ
376 430 533 476 πολλοί,
562 427 651 481 [καὶ]
680 430 763 470 καθ’
790 431 844 471 ὧν
869 430 974 470 ταῦτ’
1000 432 1192 483 ἐγίγνετο,
1221 431 1293 483 οὐχ
1322 431 1428 473 ὅπως
1456 431 1571 483 ὠργί-

245 497 356 546 ζοντο
386 493 409 546 ἢ
443 495 623 546 κολάζειν
654 496 787 547 ἠξίουν
821 497 911 539 τοὺς
943 501 1064 537 ταῦτα
1096 501 1314 544 ποιοῦντας,
1350 497 1443 538 ἀλλ’
1477 497 1572 538 ἀπέ-

242 567 410 613 βλεπον,
434 562 610 613 ἐζήλουν,
633 565 787 614 ἐτίμων,
811 563 953 616 ἄνδρας
973 565 1152 617 ἡγοῦντο·
1191 563 1325 614 ἐπειδὴ
1345 563 1453 604 ταῦθ’
1474 565 1574 605 οὕτω

244 628 437 682 προήγετο
471 630 533 670 καὶ
564 630 609 670 τὸ
642 633 874 682 δωροδοκεῖν
904 630 1111 683 ἐκράτησε,
1142 632 1296 685 χιλίους
1327 633 1399 682 μὲν
1433 631 1575 674 ἱππέας

244 695 485 747 κεκτημένοι,
513 697 671 738 πλείους
696 696 729 736 δ’
755 698 864 739 ὄντες
890 694 913 748 ἦ
938 698 1080 750 μύριοι,
1108 698 1257 740 πάντας
1282 700 1323 738 δὲ
1349 698 1440 740 τοὺς
1465 715 1572 750 περι-

243 763 395 816 χώρους
425 763 587 816 έχοντες
620 763 862 816 συμμάχους,
897 765 1046 816 μυρίοις
1079 766 1121 805 δὲ
1150 765 1277 815 ξένοις
1308 766 1369 806 καὶ
1397 764 1576 817 τριήρεσι

244 828 474 879 πεντήκονθ’
498 831 606 881 ὑμῶν
634 829 928 881 βοηθησάντων
954 832 1097 877 αὐτοῖς,
1127 833 1188 872 καὶ
1217 832 1276 872 ἔτι
1299 835 1376 872 τῶν
1401 836 1576 872 πολιτῶν

243 897 588 950 τετρακισχιλίοις,
617 896 731 938 οὐδὲν
761 897 900 939 αὐτοὺς
930 898 1080 938 τούτων
1106 896 1269 948 ἐδυνήθη
1297 901 1440 944 σῶσαι,
1468 899 1576 938 ἀλλὰ

244 963 334 1015 πρὶν
359 965 431 1014 μὲν
457 962 633 1014 ἐξελθεῖν
658 963 836 1004 ἐνιαυτὸν
861 967 929 1003 τοῦ
955 964 1132 1015 πολέμου
1157 966 1226 1006 τὰς
1251 965 1387 1006 πόλεις
1417 964 1576 1007 ἁπάσας

244 1029 568 1071 ἀπωλωλέκεσαν
597 1032 667 1072 τὰς
697 1032 740 1071 ἐν
769 1037 816 1088 τῇ
847 1032 1067 1087 Χαλκιδικῇ
1093 1029 1384 1084 [προδιδόντες],
1412 1031 1475 1071 καὶ
1500 1033 1573 1072 Φί-

243 1102 391 1139 λιππος
411 1097 535 1138 οὐκέτ’
556 1097 664 1152 εἶχεν
684 1097 894 1138 ὑπακούειν
916 1101 996 1139 τοῖς
1017 1100 1283 1150 προδιδοῦσιν,
1305 1097 1384 1138 οὐδ’
1400 1094 1539 1152 [εἶχεν]
1555 1099 1577 1137 ὅ

244 1181 280 1203 τι
305 1167 459 1216 πρῶτον
484 1163 609 1220 λάβῃ.
681 1165 964 1206 πεντακοσίους
994 1164 1026 1204 δ’
1055 1164 1197 1206 ἱππέας
1222 1164 1487 1216 προδοθέντας
1510 1164 1576 1206 ὑπ’

244 1230 371 1271 αὐτῶν
402 1235 480 1272 τῶν
512 1230 740 1283 ἡγουμένων
777 1231 927 1281 ἔλαβεν
964 1231 1094 1273 αὐτοῖς
1131 1232 1270 1272 ὅπλοις
1305 1232 1326 1270 ὁ
1359 1232 1572 1278 Φίλιππος,

243 1298 361 1339 ὅσους
388 1297 513 1339 οὐδεὶς
538 1298 688 1339 πώποτ’
714 1298 839 1340 ἄλλος
866 1299 1095 1350 ἀνθρώπων.
1169 1298 1231 1338 καὶ
1256 1298 1343 1339 οὔτε
1368 1298 1437 1338 τὸν
1462 1298 1576 1348 ἥλιον

242 1364 455 1421 ᾐσχύνονθ’
485 1367 520 1405 οἱ
550 1369 670 1405 ταῦτα
700 1369 901 1407 ποιοῦντες
935 1366 1023 1406 οὔτε
1052 1365 1124 1415 τὴν
1154 1367 1228 1417 γῆν
1256 1364 1409 1417 πατρίδ’
1437 1366 1574 1411 οὖσαν,

244 1431 309 1483 ἐφ’
330 1431 374 1482 ἧς
400 1431 591 1477 ἕστασαν,
614 1432 694 1472 οὔθ’
723 1434 806 1484 ἱερὰ
832 1433 921 1473 οὔτε
947 1432 1097 1484 τάφους
1122 1433 1212 1472 οὔτε
1236 1432 1307 1482 τὴν
1332 1434 1429 1483 μετὰ
1454 1436 1576 1472 ταῦτα

244 1498 515 1549 γενησομένην
533 1500 728 1552 αἰσχύνην
745 1500 808 1540 ἐπὶ
830 1499 1022 1541 τοιούτοις
1042 1500 1186 1551 ἔργοις·
1223 1499 1345 1540 οὕτως
1365 1499 1573 1551 ἔκφρονας,

243 1563 273 1604 ὦ
306 1564 442 1617 ἄνδρες
472 1565 687 1616 Ἀθηναῖοι,
722 1566 783 1605 καὶ
818 1568 1080 1617 παραπλῆγας
1113 1565 1156 1605 τὸ
1190 1568 1425 1618 δωροδοκεῖν
1458 1569 1574 1606 ποιεῖ.

243 1632 340 1682 ὑμᾶς
359 1631 439 1678 οὖν,
458 1633 556 1682 ὑμᾶς
573 1632 613 1672 εῧ
630 1636 793 1685 φρονεῖν
810 1635 870 1672 δεῖ
887 1633 977 1674 τοὺς
995 1632 1182 1678 πολλούς,
1201 1632 1262 1672 καὶ
1281 1632 1333 1683 μὴ
1352 1632 1575 1684 ἐπιτρέπειν

243 1700 292 1738 τὰ
306 1702 477 1745 τοιαῦτα,
496 1699 602 1739 ἀλλὰ
624 1699 805 1749 κολάζειν
826 1699 1011 1753 δημοσίᾳ.
1061 1699 1124 1739 καὶ
1141 1701 1216 1750 γὰρ
1231 1698 1280 1739 ἂν
1297 1699 1360 1739 καὶ
1377 1700 1575 1752 ὑπερφυὲς

245 1766 317 1815 ε’ίη,
358 1766 391 1805 εἰ
434 1767 532 1805 κατὰ
572 1768 645 1816 μὲν
686 1770 764 1806 τῶν
803 1765 1035 1807 Ὀλυνθίους
1072 1766 1298 1818 προδόντων
1337 1767 1471 1806 πολλὰ
1513 1766 1575 1807 καὶ

294 1832 304 1845 Ι
327 1830 336 1845 3
372 1833 381 1846 5

243 1834 325 1872 δειν
365 1833 644 1885 εψηφίσασθε,
676 1832 766 1874 τοὺς
796 1835 838 1873 δὲ
870 1832 959 1885 παρ’
990 1834 1079 1883 ὑμῖν
1107 1831 1237 1874 αὐτοῖς
1265 1833 1494 1874 ἀδικοῦντας
1522 1832 1575 1884 μὴ
1600 1849 1613 1861 ⁶

244 1897 478 1948 κολάζοντες
520 1900 745 1951 φαίνοισθε.
817 1899 913 1952 λέγε
959 1899 1005 1939 τὸ
1045 1898 1243 1952 ψήφισμα
1282 1899 1327 1940 τὸ
1368 1900 1457 1952 περὶ
1499 1903 1576 1940 τῶν

242 1964 476 2007 Ὀλυνθίων.

286 2086 305 2114 4
330 2077 381 2109 καὶ
398 2076 480 2108 secl.
502 2077 635 2108 Dobree
825 2087 862 2115 13
887 2076 1092 2117 προδιδόντες
1110 2076 1177 2108 SA
1194 2088 1200 2107 :
1225 2076 1306 2108 secl.
1325 2075 1500 2108 Markland
1517 2089 1522 2108 :
1548 2079 1577 2108 οἱ

243 2120 445 2161 προδιδόντες
466 2120 491 2150 L
508 2120 597 2160 vulg.
748 2131 785 2159 14
811 2120 915 2152 οὐκέτ’
934 2121 1024 2161 εἶχεν
1042 2120 1211 2152 ὑπακούειν
1227 2120 1317 2159 vulg.
1332 2130 1337 2149 Ξ
1364 2119 1468 2152 οὐκέτ’
1485 2120 1576 2161 εἶχεν

243 2163 364 2195 ἀκούων
378 2164 418 2195 Y:
446 2166 507 2204 οὐχ
525 2167 660 2205 ὑπεῖχεν
677 2163 840 2196 ὑπακούων
859 2163 882 2194 S
897 2163 931 2193 L¹
946 2163 989 2201 A,
1004 2164 1043 2195 cf.
1059 2166 1074 2201 ξ
1091 2173 1127 2202 51
1146 2164 1193 2203 (in
1213 2164 1236 2194 S
1254 2163 1301 2194 sie
1318 2164 1494 2203 scriptum,
1513 2165 1574 2204 οὐχ

245 2208 378 2248 ὑπεῖχεν
402 2231 408 2237 .
434 2232 478 2246 ..,
503 2208 683 2239 aberrante
710 2208 864 2238 nimirum
891 2207 1016 2237 librarii
1034 2208 1133 2238 oculo
1157 2208 1198 2237 ad
1217 2217 1267 2247 pr.
1293 2207 1455 2246 syllabam
1479 2217 1575 2237 voca-

245 2250 312 2280 buli
336 2251 520 2290 sequentis,
540 2252 580 2282 cf.
605 2256 619 2289 ξ
642 2261 707 2290 324
730 2253 874 2283 ἐκδοῦναι
897 2261 957 2290 pro
980 2253 1123 2283 ἐνδοῦναι
1145 2251 1374 2290 praecedente
1400 2249 1576 2289 ἑκόντας);

245 2295 301 2325 οὐκ
320 2296 449 2335 ἐπεῖχεν
468 2295 633 2327 ὑπακούων
649 2294 742 2325 Weil
759 2305 766 2325 ε
801 2296 856 2326 οὐκ
875 2294 1005 2335 ἐπήρκει
1022 2294 1185 2326 ὑπακούων
1203 2293 1338 2332 Madvig
1485 2294 1575 2333 εἶχεν

245 2337 387 2368 seclusi:
427 2339 518 2378 εἶχον
543 2339 613 2369 eod.
644 2348 730 2368 unus
954 2339 992 2368 16
1030 2337 1216 2379 ἡγουμένων
1241 2337 1366 2368 SLY:
1407 2336 1575 2378 ἡγεμόνων

246 2380 333 2419 vulg.

1600 848 1638 870 10
