1763 2828
107 133 225 188 [339]

180 737 220 772 13

99 939 218 995 [340]

179 1542 220 1577 14

114 2236 220 2292 [341]

672 133 1159 172 ΔΗΜΟΣΘΕΝΟΎΣ
1494 127 1582 183 [xxx

254 231 338 268 ἄνευ
366 231 520 269 Φωκέων
547 232 729 283 γράφοντι
759 231 825 280 τὴν
855 232 1011 280 εἰρήνην.
1068 232 1133 268 οὐκ
1162 231 1301 280 ἔλαβεν
1329 230 1456 280 ὅρκους
1483 233 1583 281 παρὰ

253 287 449 323 Θετταλῶν
477 286 772 336 συμμαχούντων
806 286 992 336 Φιλίππῳ,
1022 284 1056 322 οἳ
1089 286 1155 322 οὐκ
1188 284 1232 324 ἂν
1261 286 1584 335 συνεστράτευσαν

253 340 313 377 ἐπὶ
332 341 489 384 Φωκέας,
513 340 612 389 εἴπερ
632 339 824 380 δεδωκότες
844 339 942 388 ἦσαν
956 339 1040 379 τοὺς
1061 339 1200 388 ὅρκους.
1242 339 1390 377 ἐνέδωκε
1409 340 1583 392 Φιλίππῳ

251 394 386 445 χρόνον
399 394 763 444 παρασκευάσασθαι
781 395 849 442 τὴν
865 395 923 432 ἐπὶ
938 394 1085 433 Φωκέας
1100 394 1307 443 στρατείαν·
1338 393 1497 444 διέτριψε
1511 396 1583 446 γὰρ

253 450 388 489 ἐκεῖνος
410 449 494 489 τοὺς
519 449 671 500 χρόνους
695 448 902 497 ἐξεπίτηδες
926 449 1149 492 ἀναλίσκων,
1172 448 1228 486 ἵνα
1255 449 1307 497 μὴ
1333 449 1584 498 περιπλεύσας
1603 462 1621 495 5

253 505 273 541 ὁ
301 503 415 552 δῆμος
445 503 578 554 κλείσῃ
606 505 671 543 τὰς
700 504 842 543 Πύλας.
902 504 1114 552 ἐξηπάτησε
1142 503 1210 551 τὴν
1234 503 1346 540 πόλιν
1372 503 1583 541 ἐπανελθὼν

254 557 418 607 ἐπίτηδες
444 557 578 597 διτταῖς
605 559 744 602 ἐλπίσι,
764 560 832 609 μιᾷ
858 560 927 608 μὲν
950 558 1006 595 ὅτι
1033 557 1196 606 Θηβαῖοι
1223 559 1459 601 ἀπολοῦνται,
1480 557 1583 608 ἑτέρᾳ

253 611 291 649 δὲ
321 612 376 650 ὅτι
405 613 542 652 Φωκεῖς
571 612 818 662 σωθήσονται,
845 613 941 650 ὥστε
970 613 1021 661 μὴ
1052 611 1269 663 ἐγγενέσθαι
1297 611 1587 660 βουλεύσασθαί

252 683 287 704 τι
307 666 424 711 δεξιὸν
439 668 529 715 ὑπὲρ
549 667 713 704 Φωκέων·
745 666 822 704 εἶπε
841 668 913 718 γὰρ
933 666 1006 704 δεῖν
1021 667 1196 717 Φιλίππῳ
1215 666 1414 704 πιστεύειν·
1445 665 1583 704 σώσειν

252 721 324 771 γὰρ
343 720 473 760 αὐτοὺς
491 721 539 770 τῇ
563 721 672 758 πόλει
697 721 957 772 ἐπηγγείλατο.
1016 721 1074 758 καὶ
1100 723 1165 758 τοῦ
1184 722 1252 770 μὲν
1271 721 1450 770 προτέρου
1469 723 1583 758 ταῦτα

251 775 439 824 τεκμήρια.
496 776 561 812 τοῦ
588 774 625 812 δὲ
654 774 820 824 δευτέρου
848 792 913 813 του
941 776 1024 824 περὶ
1051 778 1123 813 τῶν
1144 775 1275 825 δώρων,
1298 778 1334 813 ἐν
1359 793 1385 812 ω
1405 774 1583 813 δείκνυται

252 828 308 867 ὅτι
334 829 509 879 χρήματα
539 829 693 878 εἴληφεν
720 830 858 880 Αισχιι
860 846 912 878 ης,
936 846 1051 868 ταυτα
1079 830 1267 879 τεκμήρια·
1309 829 1357 867 ὧν
1381 829 1513 878 ὁμοίως
1537 830 1583 867 τὸ.

250 884 318 932 μὲν
348 886 386 920 ἐκ
413 886 485 921 τῶν
513 884 739 933 παρειμένων
768 883 860 928 ἐστί,
890 885 937 922 τὰ
965 883 1003 922 δὲ
1033 886 1072 921 ἐκ
1104 887 1176 922 τῶν
1204 883 1583 935 πεπραγμένων.οὗ

249 939 356 986 μισεῖ
373 938 573 982 Φίλιππον,
589 938 719 987 καίπερ
740 937 1014 987 ἐξαπατηθεις“
998 937 1057 975 υπ’
1078 939 1199 983 αὐτοῦ,
1218 938 1264 978 ὥς
1283 941 1394 986 φησι.
1434 939 1583 975 συνεῖπε

250 991 425 1043 Φιλίππῳ
445 991 618 1043 γενέσθαι
638 992 903 1042 Ἀμφικτύονα,
920 993 1264 1042 πρεσβευσαμένων
1278 991 1362 1041 περὶ
1382 993 1493 1030 αὐτοῦ
1512 995 1584 1030 τῶν

249 1045 541 1096 Ἀμφικτυόνων.
618 1048 793 1085 σύνεστιν
831 1047 887 1085 ἀεὶ
925 1048 1145 1096 Φιλοκράτει
1183 1048 1358 1098 χρήματα
1396 1046 1581 1095 εἰληφότι.

251 1101 477 1150 καλούμενος
497 1100 557 1139 ἐπὶ
575 1101 828 1151 μαρτυρίαν,“
810 1102 916 1150 ηνίκα
935 1100 1147 1151 Ὺπερειδης
1169 1102 1381 1153 εἰσήγγειλε
1400 1101 1582 1149 Φιλοκρά-

249 1171 327 1204 την,
355 1157 480 1205 παρὼν
504 1156 569 1194 οὐκ
596 1156 816 1208 ἐφθέγξατο.
873 1155 1142 1206 χειροτονηθεὶς
1168 1154 1404 1206 πρεσβευτὴς
1432 1155 1491 1193 ἐπὶ
1515 1154 1584 1203 τὴν

249 1209 396 1248 Φωκίδα
423 1210 515 1260 πρὸς
543 1210 771 1249 Φίλιππον’
755 1228 814 1248 επι
842 1212 921 1251 ταῖς
949 1211 1206 1261 ὑποσχέσεσιν
1235 1211 1437 1260 ἀρρωστεῖν
1465 1225 1584 1259 προσ-

250 1264 465 1314 εποιήσατο.
519 1265 685 1303 ἁλόντων
703 1265 857 1303 Φωκέων
876 1266 969 1315 μετὰ
988 1265 1056 1314 τὴν
1077 1265 1284 1315 ἐξωμοσίαν
1305 1263 1584 1316 ἀχειροτόνητος

248 1319 451 1368 πορεύεται,
473 1318 535 1358 ὅτε
555 1319 614 1357 καὶ
634 1319 876 1368 φυλάξασθαι
896 1320 1006 1358 αὐτὸν
1027 1322 1151 1371 ἐχρῆν.
1209 1321 1322 1357 ταῦτα
1341 1320 1387 1357 τὸ.
1405 1319 1584 1368 τεκμήρια

248 1376 314 1411 τοῦ
347 1373 515 1423 δευτέρου
549 1374 679 1426 λόγου.
738 1374 817 1412 ἔστι
846 1374 884 1412 δὲ
916 1374 1054 1412 τούτων
1082 1375 1126 1413 τὸ
1162 1374 1416 1425 ἰσχυρότατον,
1449 1373 1508 1411 καὶ
1541 1372 1584 1410 οὒ

248 1428 417 1476 μάλιστα
438 1428 638 1479 ἀντέχεται,
653 1429 678 1477 ἡ
698 1429 903 1481 ἐπαγγελία
924 1429 984 1467 καὶ
1003 1429 1027 1477 ἡ
1046 1429 1253 1480 ὑπόσχεσις
1266 1429 1448 1479 Αἰσχίνου
1463 1428 1486 1477 ἡ
1501 1427 1584 1476 περὶ

250 1482 428 1531 Θηβαίων
450 1499 508 1520 και
528 1483 692 1521 Φωκέων.

303 1534 350 1573 H
379 1538 447 1585 μὲν
475 1537 652 1577 ὑπόθεσις
679 1554 744 1575 του
773 1537 890 1589 λόγου
925 1537 1170 1606 στοχαστική·
1211 1538 1254 1574 οὔ
1286 1553 1358 1588 γαρ
1391 1536 1583 1586 συντρέχει

249 1592 325 1630 τοῖς
354 1592 637 1642 ἐγκαλουμένοις
665 1592 856 1658 Αἰσχίνης,
886 1590 971 1629 ἀλλ
1001 1594 1160 1641 ἀρνεῖται
1188 1592 1416 1629 παντάπασι.
1473 1590 1516 1627 τὸ
1546 1589 1583 1628 δὲ

251 1644 343 1685 εἶδος
371 1647 405 1683 οἱ
432 1647 500 1695 μὲν
529 1647 672 1684 ἁπλοῦν
701 1647 947 1696 νενομίκασιν,
977 1646 1069 1694 ὕλης
1096 1647 1244 1695 πολλῆς
1276 1647 1323 1685 ὡς
1356 1647 1395 1683 ἐν
1425 1644 1582 1694 ἀληθείᾳ

249 1699 544 1750 συνδραμούσης,
566 1702 600 1738 οἱ
624 1700 661 1738 δὲ
686 1700 1135 1753 συγκατασκευαζόμενον,
1159 1700 1222 1738 δύο
1242 1701 1425 1749 λαβόντες
1450 1700 1583 1751 ἐγκλή-

249 1771 359 1804 ματα,
380 1755 422 1793 τὸ
450 1756 540 1792 κατὰ
569 1756 716 1795 Φωκέας
747 1755 806 1793 καὶ
834 1755 995 1806 Θράκην.
1054 1754 1266 1805 Μένανδρος
1290 1754 1329 1793 δὲ
1353 1754 1582 1804 ἐμπίπτοντά

1606 737 1644 759 ῐΟ

1606 1007 1642 1040 15

1606 1279 1644 1302 20

1604 1551 1643 1584 ²5

250 1812 379 1858 φησιν.
437 1810 608 1859 εἴληπται
629 1810 702 1848 δὲ’
687 1827 726 1847 εκ
747 1810 928 1859 διαβολῆς
951 1810 993 1847 τὸ
1013 1810 1218 1859 προοίμιον·
1250 1808 1337 1847 δι’
1314 1827 1362 1848 ων
1381 1825 1453 1861 γαρ
1472 1808 1583 1847 αὐτὸν
1602 1825 1644 1857 30

250 1863 391 1902 δεδιότα
418 1867 517 1902 ποιεῖ
543 1864 602 1902 καὶ
632 1864 814 1914 δεόμενον,
845 1865 903 1902 διὰ
931 1865 1069 1902 τούτων
1098 1864 1281 1902 δείκνυσιν
1309 1865 1352 1902 οὗ
1382 1865 1478 1901 πάνυ
1506 1865 1583 1903 τοῖς

250 1918 399 1958 δικαίοις
424 1919 684 1968 τεθαρρηκότα.
744 1919 802 1956 καὶ
827 1920 903 1968 ἅμα
927 1919 1221 1970 συγκρουστικὸν
1245 1917 1290 1957 ἂν
1314 1919 1368 1967 εἴη
1393 1919 1435 1957 τὸ
1462 1918 1581 1967 νόημα

250 1976 290 2010 ἐκ
310 1973 490 2022 διαβολῆς
509 1976 573 2011 τοῦ
596 1991 637 2011 τε
661 1973 842 2011 ἀντιδίκου
871 1974 929 2011 καὶ
952 1976 1024 2011 τῶν
1043 1973 1260 2025 συνηγόρων
1279 1974 1401 2017 αὐτοῦ,
1423 1971 1499 2010 οἷον
1517 1974 1582 2010 τοῦ

249 2028 449 2076 Εὐβούλου
474 2028 533 2065 καὶ
558 2031 630 2067 τῶν
649 2028 732 2077 περὶ
752 2028 872 2066 αὐτόν·
905 2028 960 2065 ἀεὶ
987 2028 1059 2079 γὰρ
1079 2029 1098 2065 ὁ
1119 2028 1316 2077 Εὔβουλος
1337 2027 1510 2076 ἐπολέμει
1534 2028 1584 2076 τῷ

250 2082 484 2131 Δημοσθένει
506 2083 579 2120 ἀπὸ
599 2084 663 2132 τῆς
683 2083 800 2122 αἰτίας
818 2085 884 2131 τῆς
905 2083 996 2120 κατὰ
1015 2082 1275 2133 Ἀρίσταρχον,
1298 2083 1344 2122 ὡς
1363 2083 1524 2133 ἔγνωμεν
1544 2083 1582 2118 ἐν
1601 2092 1640 2124 35

278 2139 294 2149 Α
388 2138 398 2150 X
530 2137 540 2149 Ι

248 2153 299 2188 τῳ
315 2153 406 2174 κατα
426 2136 592 2175 Μειδιου.

311 2240 421 2291 ‘'Oa-⁷7
452 2241 536 2292 μέν,
564 2239 594 2281 ὦ
621 2240 759 2292 ἄνδρες
783 2240 999 2291 Ἀθηναῖοι,
1028 2240 1180 2291 σπουδὴ
1211 2240 1300 2292 περὶ
1329 2239 1482 2280 τουτουὶ
1511 2238 1580 2279 τὸν

252 2308 386 2359 ἀγῶνα
420 2308 481 2347 καὶ
515 2309 764 2360 παραγγελία
794 2307 947 2360 γέγονε,
980 2308 1127 2361 σχεδὸν
1160 2307 1268 2358 οἶμαι
1300 2305 1451 2347 πάντας
1480 2306 1580 2356 ὑμᾶς

744 2427 780 2457 17
807 2412 969 2459 ρὙπερίδης
986 2418 1083 2449 codd.
