1731 2844
158 161 198 215 v]
492 158 633 196 ΠΕΡι
682 155 805 192 ΤΗΣ
853 150 1136 189 ΕΙΡΗΝΗΣ
1503 139 1590 193 [63]

159 266 220 305 διὰ
245 264 298 309 τί,·
337 262 402 301 ἵνα
426 260 477 311 μὴ
503 260 749 308 πολεμῶμεν,
777 256 923 305 φαῖμεν
948 250 1008 290 ἄν.
1083 248 1145 287 καὶ
1170 247 1358 298 Φιλίππω
1392 243 1475 283 νυνὶ
1506 254 1546 289 25

162 331 257 371 κατὰ
303 330 371 369 τὰς
413 324 608 375 συνθήκας
648 319 931 373 Ἀμφιπόλεως
971 327 1369 367 παρακεχωρηκαμεν,
1415 309 1476 348 καὶ

162 394 402 448 Καρδιανοὺς
428 394 551 443 εῶμεν
576 387 650 439 ἔξω
676 387 978 438 Χερρονησιτῶν
1002 385 1079 421 των
1109 378 1246 419 ἄλλων
1274 374 1475 428 τετάχθαι,

163 463 224 503 καὶ
248 460 316 501 τὸν
338 463 446 511 Κᾶρα
471 460 539 499 τὰς
564 455 708 506 νήσους
733 449 1068 501 καταλαμβάνειν,
1091 446 1189 486 Χίον
1216 444 1277 483 καὶ
1300 445 1389 482 Κῶν
1416 441 1478 480 καὶ

123 541 140 571 5
160 529 307 573 Ῥόδον,
341 527 402 566 καὶ
437 523 668 574 Βυζαντίους
702 518 886 570 κατάγειν
918 517 965 555 τὰ
997 516 1130 558 πλοῖα,
1162 513 1285 560 δηλον
1317 509 1377 547 ὅτι
1407 523 1478 556 την

163 595 240 635 ἀπὸ
276 610 344 643 της
383 590 537 644 εἰρηνης
575 587 747 640 ἡσυχίαν
784 584 980 625 πλειόνων
1018 581 1175 631 ἀγαθῶν
1214 576 1341 616 αἰτίαν
1379 589 1479 614 ειναι

162 661 382 711 νομίζοντες
414 655 437 707 ὴ
471 656 515 696 τὸ
548 652 806 707 προσκρούειν
841 650 902 690 καὶ
935 648 1157 700 φιλονικεῖν
1193 642 1280 694 περὶ
1315 640 1474 680 τούτων.

162 728 300 767 οὐκοῦν
325 725 458 775 εὔηθες
486 722 546 763 καὶ
574 724 710 776 κομιὸη
742 716 945 770 σχέτλιον,
973 712 1069 765 πρὸς
1098 709 1287 751 εκάστους
1319 706 1401 747 καθ’
1427 704 1480 745 ἕν’

163 794 261 833 οὕτω
282 787 670 845 προσενηνεγμένους
692 784 777 837 περὶ
793 787 871 823 τῶν
891 781 1046 821 οἰκείων
1068 778 1129 818 καὶ
1149 772 1479 827 ἀναγκαιοτάτων,

107 877 143 898 10
163 860 257 912 πρὸς
282 858 430 899 πάντας
455 855 542 907 περὶ
567 871 634 904 της
661 854 704 893 ἐν
731 853 911 902 Δελφοῖς
937 849 1051 887 σκιᾶς
1077 843 1160 885 νυνὶ
1185 842 1424 891 πολεμησαι.

293 979 312 999 2
336 969 393 1001 τὰς
410 971 488 998 ante
507 963 663 1003 συνθήκας
680 972 745 993 om.
768 960 791 990 S
804 959 842 989 ΑῘ
864 957 970 988 Bekk.
989 954 1141 987 Anecd.·
1136 978 1141 984 .
1168 952 1243 983 add.
1264 950 1353 990 vulg.

224 1015 262 1047 In
280 1016 304 1046 S
321 1015 548 1053 subscriptum

647 1058 737 1084 ΠΕΡΙ
762 1056 841 1084 ΤΗΣ
867 1054 1044 1082 ΕΙΡΗΝΗΣ

744 1100 769 1127 Η
789 1100 813 1127 Η
834 1100 858 1126 H
877 1099 904 1125 n
923 1099 935 1125 Ι
