1731 2844
423 131 747 174 CODICVM
794 132 1218 176 CATALOGVS

156 242 246 278 Vrb.
306 244 464 280 Vrbinas
484 254 560 290 113,
575 245 892 287 membranaceus,
907 257 1001 281 saec.
1015 246 1062 281 xi.
1102 246 1277 282 Continet
1296 247 1483 283 orationes

299 303 520 348 quindecim.
572 302 705 339 ‘Varia
723 303 862 339 codicis
887 316 1020 340 manus
1037 311 1072 340 et
1091 304 1201 340 lectio
1219 304 1341 340 referri
1360 312 1482 350 potest

298 361 346 396 ad
364 361 544 397 familiam
562 363 594 397 Y
608 362 615 376 ⁷
635 361 834 406 (Voemel).

158 440 186 464 s.
220 431 426 466 Parisinus
451 440 554 476 2940,
572 431 827 476 bombycinus,
854 443 950 467 saec.
971 432 1044 467 xiii.
1095 431 1270 467 Continet
1296 432 1482 468 orationes

300 488 474 525 sedecim.

157 557 194 592 k.
227 559 433 594 Parisinus
458 561 549 605 2998
581 559 681 604 (olim
709 559 778 603 264
808 566 844 595 et
875 560 992 604 2766),
1021 560 1276 604 bombycinus,
1305 571 1400 596 saec.
1426 559 1485 595 xiv

299 616 469 653 ineuntis.
521 618 695 653 Continet
720 618 905 654 orationes
933 617 1209 663 septemdecim.

158 696 186 721 r.
220 687 426 722 Parisinus
447 688 539 732 2936
561 687 663 732 (olim
682 688 752 733 380
774 694 809 724 et
833 687 954 732 2188),
972 687 1292 732 membranaceus,
1313 699 1409 724 saec.
1428 690 1486 723 xiv

298 745 468 781 ineuntis.
539 746 713 782 Continet
748 746 936 782 orationes
972 746 1238 792 quinquaginta
1274 753 1416 791 septem
1451 754 1485 781 et

301 804 495 839 Prooemia
519 815 541 840 a
564 804 708 840 decimo
732 804 957 850 incipientia.
1010 806 1100 839 Pars
1120 811 1215 840 certe
1234 805 1415 849 posterior
1437 805 1484 839 ab

300 862 333 895 A
352 862 518 897 derivata
535 869 601 898 est.

604 967 820 1006 FAMILIA
853 966 1044 1006 TERTIA

159 1057 191 1089 Y
211 1057 267 1091 vel
286 1061 324 1090 Υ.
374 1057 579 1091 Parisinus
597 1066 700 1103 2935,
720 1058 1037 1098 membranaceus,
1059 1067 1154 1092 saec.
1173 1069 1194 1090 x
1215 1057 1272 1091 vel
1294 1056 1339 1090 xi.
1391 1057 1488 1091 Con-

299 1114 392 1150 tinet
429 1115 697 1159 Prolegomena
733 1115 778 1151 de
812 1115 885 1150 Vit.
921 1116 1044 1159 Dem.,
1081 1114 1224 1149 Libanii
1260 1121 1489 1158 argumenta,

300 1173 486 1208 orationes
504 1172 630 1217 viginti
649 1184 783 1208 novem
801 1173 872 1208 hoc
890 1172 1019 1208 ordine
1038 1173 1249 1208 conlocatas
1269 1172 1372 1214 i-xxi,
1393 1172 1488 1214 xxiii,

300 1231 381 1272 xxii,
400 1230 601 1273 xxiv—xxvi,
624 1232 680 1275 lix,
699 1232 759 1274 lxi,
779 1232 824 1272 lx,
844 1238 879 1266 et
900 1231 1108 1266 Prooemia.

160 1302 192 1335 O
212 1300 267 1335 vel
288 1305 327 1334 Ω.
376 1300 672 1345 Antverpz'ensz's
684 1310 739 1345 43,
756 1312 853 1337 nunc
874 1300 1132 1342 Bruxellensis,
1149 1300 1375 1342 chartaceus,
1394 1311 1489 1335 saec,

300 1371 355 1394 xv.
409 1359 581 1394 Continet
601 1359 744 1395 Libanii
764 1359 837 1395 Vit.
859 1361 967 1395 Dem.
987 1366 1022 1394 et
1048 1365 1268 1403 argumenta
1287 1359 1487 1403 complura,

300 1417 487 1453 orationes
505 1418 656 1453 easdem
683 1429 775 1463 quas
799 1419 830 1451 V
852 1424 887 1452 et
914 1417 1045 1452 eodem
1064 1416 1204 1451 ordine.
1256 1417 1389 1451 Cetera
1407 1428 1488 1452 curn

299 1477 331 1511 Y
349 1476 566 1521 plerumque
585 1476 808 1521 conspirant.

161 1549 188 1582 P
207 1547 263 1583 vel
281 1552 323 1581 Π.
373 1547 659 1581 Laurentianus
682 1546 772 1590 plut.
797 1546 854 1580 lix.
879 1555 911 1589 9,
938 1545 1255 1585 membranaceus,
1280 1554 1374 1579 saec.
1395 1556 1414 1577 x
1433 1544 1489 1578 vel

300 1605 333 1640 xi
364 1616 476 1640 manu
508 1603 666 1649 scriptus
700 1604 832 1639 eadem
866 1615 939 1649 qua
972 1603 1244 1647 Aristophanes
1279 1604 1489 1637 Ravennas.

304 1666 454 1699 Inerant
477 1663 564 1699 olim
589 1662 773 1698 orationes
794 1663 967 1705 sedecim,
985 1662 1119 1696 desunt
1142 1667 1241 1695 octo.
1292 1660 1490 1695 Orationes

301 1722 465 1757 continet
479 1721 537 1756 xix
551 1721 669 1766 (cuius
684 1721 864 1756 orationis
876 1721 996 1766 prima
1013 1729 1025 1753 1
1035 1721 1054 1754 8
1067 1719 1154 1754 folia
1167 1730 1299 1754 manus
1311 1718 1492 1753 recentior

302 1780 516 1826 supplevit),
543 1780 588 1822 lx,
618 1792 674 1821 xx,
700 1780 769 1821 xxi,
797 1779 894 1822 xxiii,
920 1779 1004 1821 xxii,
1030 1778 1125 1821 xxiv,
1152 1790 1231 1812 xxv.
1297 1779 1426 1812 Insunt
1454 1783 1490 1811 et

300 1845 518 1883 argumenta
536 1839 714 1873 nonnulla
732 1844 767 1872 et
787 1837 928 1873 scholia
946 1837 1057 1872 varia.

160 1922 194 1945 v.
231 1910 434 1944 Parisinus
455 1908 711 1944 Coz'slinianus
729 1917 808 1952 339,
828 1907 1145 1948 membranaceus,
1170 1917 1265 1941 saec.
1287 1917 1343 1939 xv.
1395 1905 1489 1939 Ora-

301 1968 421 2002 tiones
440 1966 565 2001 insunt
584 1967 738 2001 eaedem
758 1977 852 2011 quae
872 1966 907 2000 in
926 1967 958 1999 Y
977 1972 1013 2000 et
1033 1964 1239 2000 Prooemia.

160 2049 194 2072 u.
230 2038 435 2072 Parisinus
463 2035 721 2071 Coz‘slinianns
747 2044 825 2079 324,
845 2035 1072 2076 chartaceus,
1094 2045 1191 2069 saec.
1210 2045 1265 2067 xv.
1318 2031 1491 2066 Continet

302 2094 445 2130 Libanii
479 2093 553 2128 Vit.
591 2095 696 2128 Dem.
737 2100 772 2128 et
813 2093 996 2128 orationes
1037 2092 1228 2128 tredecim.
1296 2090 1489 2125 Consentit

302 2165 383 2188 cum
412 2154 457 2188 O.

601 2233 822 2273 FAMILIA
856 2231 1065 2285 QVARTA

351 2324 471 2360 Huius
490 2323 649 2360 familiae
667 2324 740 2359 dux
757 2330 859 2359 est—

162 2396 191 2431 F
212 2394 268 2430 vel
288 2396 342 2430 M.
391 2395 619 2430 Marcianus
643 2394 723 2437 416,
752 2393 1070 2433 membranaceus,
1101 2401 1197 2425 saec.
1224 2402 1256 2425 x.
1317 2388 1488 2423 Continet

796 2463 853 2485 χιχ
