1747 2844
182 532 200 564 5

165 861 201 882 10

165 1194 200 1226 15

163 1526 201 1548 20

222 139 326 194 xvn]
353 143 477 180 ΠΕΡΙ
505 142 619 179 ΤΩΝ
649 141 791 178 ΠΡΟΣ
817 138 1193 178 ΑΛΕΞΑΝΔΡΟΝ
1222 138 1537 176 ΣΎΝΘΗΚΩΝ
1574 136 1678 191 [214]

221 250 263 289 δὲ
300 250 369 298 τῆς
412 245 564 298 εἰρήνης
605 244 825 298 μετέχομεν
863 245 931 294 τῆς
970 241 1294 295 προσταττούσης
1332 242 1543 292 πολεμίους

219 315 402 367 ἡγεῖσθαι
441 313 531 354 τοὺς
569 316 687 352 ταῦτα
726 310 979 363 πράττοντας.
1053 310 1094 349 ἐκ
1133 308 1178 358 δὴ
1216 308 1363 348 τούτων
1400 308 1545 358 πότερα

221 381 435 432 πειθόμεθα
459 383 539 421 τοῖς
570 382 714 419 κοινοῖς
739 375 1023 429 προστάγμασι
1047 375 1251 425 πολεμίοις
1282 374 1410 415 αὐτοῖς
1439 374 1541 425 χρώ-

220 464 343 500 μενοι,
365 444 388 497 ἢ
408 445 721 498 βδελυρεύσεταί
737 460 795 484 τις
815 443 859 483 οὐ
880 441 1062 494 φάσκων,
1085 442 1231 481 τούτων
1250 444 1327 481 τῶν
1345 442 1541 491 μισθοφο-

219 514 391 567 ρούντων
427 513 531 564 παρὰ
567 515 635 550 τοῦ
668 509 913 555 Μακεδόνος,
948 512 1025 549 τῶν
1063 507 1148 548 καθ’
1181 509 1287 558 ὑμῶν
1320 513 1542 557 πεπλουτη-

223 581 364 627 κότων,·
402 579 445 619 οὐ
469 580 544 631 γὰρ
571 577 616 627 δὴ
642 575 792 627 λέληθέ
816 575 853 627 γ’
873 575 1013 617 αὐτοὺς
1038 575 1150 614 οὐδὲν
1173 574 1336 614 τούτων·
1373 573 1464 613 ἀλλ’
1491 575 1544 614 εἰς

220 646 325 687 τοῦθ’
343 647 495 697 ὕβρεως
514 644 676 695 ἥκουσιν
699 643 803 683 ὥστε
824 641 1155 694 δορυφορούμενοι
1173 644 1254 682 τοῖς
1272 644 1339 680 τοῦ
1356 639 1545 691 τυράννου

221 711 498 764 στρατοπέδοις
524 713 566 751 ἐν
591 712 662 762 μὲν
690 713 772 751 τοῖς
798 707 1181 761 παραβεβασμένοις
1211 709 1339 760 ὅρκοις
1365 706 1544 757 ἐμμένειν

1580 589 1619 614 12

218 781 307 830 ὑμῖν
325 779 629 822 διακελεύονται,
654 777 704 818 ὡς
732 776 795 816 καὶ
814 792 882 826 της
909 777 1108 827 ἐπιορκίας
1128 773 1408 826 αὐτοκράτορος
1433 775 1545 814 ὄντος
1577 776 1678 829 [215]

220 847 381 891 εκείνου,
409 844 497 886 τοὺς
524 843 556 883 δ’
578 845 697 885 ἰδίους
722 844 821 894 ὑμᾶς
846 843 989 893 νόμους
1014 841 1281 894 ἀναγκάζουσι
1306 841 1428 886 λύειν,
1455 841 1545 882 τοὺς

219 915 291 963 μὲν
329 910 576 963 κεκριμένους
616 912 658 950 ἐν
694 913 775 951 τοῖς
815 910 1081 960 δικαστηρίοις
1119 907 1316 959 ἀφιέντες,
1355 907 1466 958 ἕτερα
1502 909 1543 947 δὲ

220 980 436 1029 παμπληθῆ
473 981 631 1018 τοιαῦτα
666 977 897 1027 βιαζόμενοι
930 978 1184 1027 παρανομεῖν.
1255 975 1426 1015 εἰκότως·
1464 977 1544 1015 τοῖς

220 1047 295 1097 γὰρ
316 1045 564 1096 πεπρακόσιν
585 1042 743 1085 ἑαυτοὺς
764 1044 819 1084 εἰς
837 1043 1027 1083 τάναντία
1045 1045 1127 1083 τοῖς
1145 1047 1193 1098 τῇ
1213 1042 1369 1092 πατρίδι
1388 1039 1542 1093 συμφέ-

220 1128 359 1164 ρουσιν
390 1111 458 1151 οὐκ
496 1111 553 1152 ἔνι
585 1109 722 1161 μέλειν
754 1110 885 1160 νόμων
917 1108 997 1149 οὐδ’
1027 1110 1166 1161 ὅρκων·
1203 1112 1284 1150 τοῖς
1317 1107 1348 1147 δ’
1378 1107 1546 1158 ὀνόμασι

220 1179 342 1230 μόνον
385 1178 512 1218 αὐτῶν
554 1176 830 1230 ἀποχρώμενοι
867 1175 1178 1227 παρακρούονται
1215 1174 1305 1216 τοὺς
1342 1173 1546 1226 παρέργως

223 1244 376 1286 ἐνταυθὶ
397 1244 487 1285 ἀλλ’
505 1244 572 1285 οὐκ
594 1242 854 1294 ἐξεταστικῶς
874 1241 1218 1292 ἐκκλησιάζοντας,
1237 1241 1298 1281 καὶ
1318 1241 1546 1292 νομίζοντας

221 1312 292 1362 τὴν
328 1311 534 1364 παραυτίχ’
572 1311 743 1363 ἡσυχίαν
779 1309 846 1349 οὐκ
883 1309 1053 1350 ἔσεσθαί
1086 1308 1174 1348 ποτ’
1210 1309 1336 1348 αἰτίαν
1372 1309 1545 1360 ταραχῆς

221 1379 370 1419 ἀτόπου
409 1374 626 1430 [μεγάλης].
698 1376 844 1417 κελεύω
887 1375 918 1415 δ’
962 1375 1099 1428 ἔγωγε,
1145 1374 1318 1426 καθάπερ
1359 1375 1401 1414 ἐν
1443 1375 1545 1430 ἀρχῇ

221 1449 423 1497 προεῖπον,
462 1445 671 1485 πείθεσθαι
713 1442 863 1485 τούτοις
901 1446 982 1484 τοῖς
1020 1441 1224 1494 φάσκουσι
1260 1444 1341 1482 δεῖν
1381 1442 1422 1481 ἐν
1460 1445 1546 1482 ταῖς

223 1516 368 1554 κοιναῖς
399 1512 628 1563 ὁμολογίαις
659 1510 851 1562 ἐμμένειν,
884 1511 916 1550 εἰ
945 1509 996 1560 μὴ
1029 1510 1154 1549 ἐκεῖνο
1184 1508 1423 1559 νομίζουσιν,
1453 1508 1547 1547 ὅταν

220 1581 292 1630 μὲν
330 1578 506 1631 λέγωσιν
549 1578 600 1620 ὡς
644 1576 878 1629 ἐμμενετέον
917 1580 1000 1618 τοῖς
1042 1577 1182 1627 ὅρκοις,
1224 1575 1267 1614 οὐ
1306 1574 1440 1627 λέγειν
1479 1574 1544 1614 αὐ-

221 1646 309 1687 τοὺς
341 1645 386 1686 τὸ
420 1648 541 1697 μηδὲν
575 1645 808 1690 ἀδικεῖσθαι,
843 1642 982 1683 οὐδένα
1018 1642 1051 1682 δ’
1086 1644 1234 1682 οἴονται
1266 1640 1545 1691 αἰσθήσεσθαι,

221 1713 460 1764 τυραννίδων
491 1713 578 1753 ἀντὶ
607 1714 874 1764 δημοκρατιῶν
905 1709 1202 1760 καθισταμένων
1234 1709 1295 1749 καὶ
1325 1711 1402 1748 τῶν
1432 1715 1545 1748 πολι-

221 1783 336 1820 τειῶν
364 1777 675 1829 καταλυομένων.

287 1845 346 1886 Τὸ
371 1845 404 1886 δ’
424 1846 482 1886 ἔτι
507 1845 913 1897 καταγελαστότερον·
953 1843 1039 1884 ἔστι
1064 1845 1138 1896 γὰρ
1164 1844 1206 1883 ἐν
1226 1847 1310 1885 ταῖς
1336 1841 1548 1892 συνθήκαις

223 1914 497 1963 ἐπιμελεῖσθαι
536 1911 625 1952 τοὺς
669 1911 972 1963 συνεδρεύοντας
1015 1910 1078 1950 καὶ
1119 1910 1208 1952 τοὺς
1251 1910 1314 1950 ἐπὶ
1355 1914 1402 1965 τῇ
1440 1913 1548 1964 κοινῇ

224 1984 382 2036 φυλακῇ
411 1977 671 2030 τεταγμένους
695 1978 801 2019 ὅπως
827 1979 869 2018 ἐν
894 1980 978 2019 ταῖς
1005 1977 1287 2018 κοινωνούσαις
1312 1976 1457 2016 πόλεσι
1481 1975 1549 2023 τῆς

223 2044 377 2098 εἰρήνης
401 2045 453 2096 μὴ
473 2046 686 2098 γίγνωνται
706 2043 866 2085 θάνατοι
892 2044 953 2085 καὶ
974 2044 1097 2096 φυγαὶ
1117 2045 1221 2095 παρὰ
1241 2043 1331 2084 τοὺς
1353 2039 1549 2092 κειμένους

265 2166 284 2195 3
308 2155 478 2195 πειθόμεθα
494 2155 525 2185 A
539 2155 568 2184 Y
583 2154 613 2184 O
630 2165 635 2182 ε
659 2155 836 2194 πειθώμεθα
852 2154 941 2193 vulg.
1077 2154 1097 2183 8
1124 2155 1157 2184 ἐν
1173 2151 1233 2192 μὲν
1248 2155 1316 2184 τοῖς
1334 2151 1429 2182 codd.
1450 2162 1456 2181 t
1481 2153 1549 2183 τοῖς

221 2199 281 2239 μὲν
299 2199 526 2235 Herwerden‚
547 2198 617 2235 cf.§
642 2208 678 2236 14
771 2208 808 2236 14
831 2197 944 2237 μέλειν
961 2197 1070 2236 vulg.:
1095 2196 1248 2236 μετέχειν
1265 2196 1295 2224 Α
1390 2205 1427 2233 15
1451 2194 1550 2234 μόνον

223 2245 327 2274 αὐτῶν
343 2242 395 2272 A:
420 2244 524 2273 αὐτῶν
540 2241 646 2281 μόνοις
664 2241 751 2279 vulg.
901 2242 939 2271 18
961 2240 1108 2281 μεγάλης
1125 2239 1213 2277 vulg.
1234 2250 1241 2268 :
1266 2240 1316 2270 καὶ
1333 2239 1479 2279 μεγάλης
1496 2237 1526 2266 Α
1542 2248 1548 2267 ;

223 2286 288 2316 del.
310 2285 446 2315 Bekker
595 2294 634 2323 19
659 2286 693 2316 ἐν
710 2284 787 2315 secl.
807 2283 1034 2319 Herwerden,
1052 2284 1092 2314 cf.
1114 2285 1128 2319 ξ
1153 2292 1190 2312 12
1337 2291 1377 2320 25
1401 2284 1439 2313 τὸ
1456 2282 1482 2312 δ’
1501 2281 1548 2311 ἔτι

223 2329 272 2360 A:
304 2332 400 2361 τοῦτο
425 2329 454 2360 δ’
479 2330 549 2360 ἐστὶ
576 2329 662 2366 vulg.
772 2327 1097 2369 καταγελαστότερον
1123 2325 1269 2356 Reiske:
1303 2325 1547 2366 καταγελαστό-

224 2385 322 2403 τατον
340 2373 436 2403 codd.

1361 2412 1420 2441 13*

1579 985 1618 1020 13

1580 1389 1621 1422 14

1585 1854 1621 1890 15
