1763 2828
155 559 223 594 216

153 963 219 1000 217

150 1287 217 1322 218

97 1614 218 1668 [409]

148 1697 216 1731 219

675 109 1162 148 ΔΙΙΝῙΟΣΘΕΝΟΎΣ
1484 104 1570 158 [xnc

252 219 408 275 ᾐτίαται
446 217 638 269 πρότερον
680 215 857 260 πώποτε;
908 213 1085 263 οὐδαμῶς
1127 211 1264 262 δήπου.
1337 211 1429 252 ἀλλ’
1470 212 1574 263 ὅμως

253 287 344 337 ἐρεῖ,
381 284 442 324 καὶ
473 284 519 334 νὴ
554 282 624 322 Δί’
655 283 814 323 εἰκότως
845 297 903 332 γε.
975 281 1061 320 ἴστε
1097 280 1171 331 γὰρ
1205 277 1328 328 δήπου
1359 277 1479 325 τοῦθ’,
1512 280 1573 320 ὅτι

253 351 323 403 ἀφ’
356 351 401 391 οὗ
433 350 649 403 γεγόνασιν
685 348 883 399 ἄνθρωποι
917 347 979 386 καὶ
1011 347 1160 398 κρίσεις
1195 347 1412 397 γίγνονται,
1447 345 1573 388 οὐδεὶς

254 417 405 459 πώποθ’
437 418 642 468 ὁμολογῶν
674 416 823 455 ἀδικεῖν
856 413 975 459 ἑάλω,
1006 412 1098 453 ἀλλ’
1127 413 1476 465 ἀναισχυντοῦσιν,
1502 412 1569 464 ἆρ-

254 488 423 529 νοῦινται,
450 483 678 535 ψεύδονται,
704 480 928 532 προφάσεις
953 478 1206 525 πλάττονται,
1234 477 1363 519 πάντα
1390 482 1573 519 ποιοῦσιν
1593 497 1611 529 5

253 553 350 603 ὑπὲρ
375 553 442 591 τοῦ
467 550 519 600 μὴ
544 551 677 588 δοῦναι
701 548 825 598 δίκην.
896 548 950 587 ὧν
983 546 1111 586 οὐδενὶ
1139 549 1201 586 δεῖ
1225 547 1572 597 παρακρουσθῆναι

253 617 422 669 τήμερον
446 618 554 666 ὑμᾶς,
583 614 675 654 ἀλλ’
703 614 773 666 ἀφ’
799 615 853 654 ὧν
878 612 955 654 ἴστ’
982 613 1090 653 αὐτοὶ
1120 615 1167 654 τὰ
1192 612 1403 665 πράγματα
1432 615 1570 665 κρῖναι,

252 684 303 735 μὴ
330 687 411 724 τοῖς
442 685 548 733 ἐμοῖς
580 682 717 734 λόγοις
748 683 848 732 μηδὲ
871 684 952 722 τοῖς
976 681 1115 720 τούτου
1138 678 1368 732 προσέχειν,
1396 678 1494 729 μηδέ
1526 696 1573 732 γε

252 754 334 792 τοῖς
367 749 572 800 μάρτυσιν,
607 748 672 790 οὓς
710 747 822 790 οὗτος
857 748 1034 798 ἑτοίμους
1069 746 1148 797 ἕξει
1184 749 1393 798 μαρτυρεῖν
1429 746 1570 792 ὁτιοῦν,

253 817 439 871 Φιλίππῳ
477 819 634 870 χορηγῷ
672 815 886 868 χρώμενος·
929 815 1084 866 ὄψεσθε
1120 812 1153 854 δ’
1187 813 1239 855 ὡς
1272 813 1437 864 ἑτοίμως
1467 812 1572 868 αὐτῷ
1596 829 1635 851 10

251 882 583 935 μαρτυρήσουσιν·
620 881 719 933 μηδέ
742 881 780 934 γ’
808 883 840 922 εἰ
867 880 990 921 καλὸν
1017 880 1078 920 καὶ
1102 879 1191 932 μέγ’
1210 879 1322 921 οὗτος
1341 877 1569 932 φθέγξεται,

250 950 338 1001 μηδ’
363 951 395 990 εἰ
421 953 577 1002 φαῦλον
603 949 693 1001 ἐγώ.
757 948 847 990 οὐδὲ
869 950 944 1001 γὰρ
969 947 1145 1000 ῥητόρων
1169 946 1258 988 οὐδὲ
1281 946 1416 998 λόγων
1442 948 1572 998 κρίσιν

250 1018 348 1067 ὑμᾶς
386 1015 566 1068 τήμερον,
607 1016 715 1067 εἵπερ
755 1016 797 1056 εὖ
836 1017 1032 1067 φρονεῖτε,
1069 1012 1261 1066 προσήκει
1297 1015 1439 1059 ποιεῖν,
1479 1013 1572 1054 ἀλλ’

249 1085 345 1136 ὑπὲρ
371 1082 613 1136 πραγμάτων
633 1084 810 1135 αἰσχρῶς
831 1082 892 1122 καὶ
911 1084 1046 1123 δεινῶς
1071 1080 1340 1121 ἀπολωλότων
1358 1079 1430 1129 τὴν
1447 1079 1569 1133 ὑπάρ-

249 1167 402 1203 χουσαν
419 1150 616 1203 αἰσχύνην
636 1150 690 1190 εἰς
709 1149 798 1191 τοὺς
817 1150 963 1190 αἰτίους
982 1148 1214 1193 ἀπώσασθε,
1233 1148 1281 1187 τὰ
1299 1146 1570 1199 πεπραγμένα,
1594 1163 1632 1195 15

249 1217 272 1256 ἃ
308 1216 451 1258 πάντες
488 1217 721 1262 ἐπίστασθε,
760 1214 1032 1266 ἐξετάσαντες.
1101 1215 1143 1256 τί
1175 1214 1241 1254 οὖν
1279 1214 1366 1254 ἐστι
1401 1213 1511 1254 ταῦθ’
1546 1214 1572 1254 ἃ

248 1283 356 1333 ὑμεῖς
393 1284 481 1324 ’ίστε
519 1284 581 1324 καὶ
617 1282 662 1322 οὐ
697 1282 787 1334 παρ’
824 1282 935 1333 ἡμῶν
970 1283 1070 1332 ὑμᾶς
1105 1282 1274 1322 ἀκοῦσαι
1308 1283 1387 1327 δεῖ,·
1431 1281 1465 1321 εἰ
1499 1282 1571 1332 μὲν

249 1348 389 1390 ἅπανθ’
431 1348 493 1389 ὅσ’
531 1348 748 1403 ὑπέσχονθ’
787 1350 876 1400 ὑμῖν
919 1349 960 1389 ἐκ
1002 1350 1070 1398 τῆς
1113 1346 1267 1400 εἰρήνης
1307 1346 1463 1399 γέγονε,
1507 1348 1570 1388 καὶ

249 1416 443 1466 τοσαύτης
460 1416 669 1469 ἀνανδρίας
686 1415 748 1456 καὶ
769 1416 904 1457 κακίας
921 1415 1029 1466 ὑμεῖς
1049 1413 1271 1466 ὁμολογεῖτ’
1291 1414 1389 1455 εἶναι
1412 1414 1567 1464 μεστοί,

249 1482 353 1523 ὥστε
371 1481 461 1533 μήτ’
477 1485 519 1523 ἐν
538 1488 586 1540 τῇ
609 1483 720 1536 χώρᾳ
739 1486 817 1523 τῶν
836 1483 1037 1532 πολεμίων
1056 1483 1181 1522 ὄντων
1199 1479 1288 1531 μήτ’
1310 1481 1352 1520 ἐκ
1372 1479 1569 1530 θαλάττης
1592 1495 1633 1518 20

248 1549 573 1601 πολιορκούμενοι
613 1548 700 1599 μήτ’
741 1550 783 1589 ἐν
823 1548 934 1603 ἄλλῳ
975 1548 1111 1598 μηδενὶ
1152 1549 1265 1601 δεινῷ
1306 1548 1376 1597 τῆς
1412 1546 1569 1588 πόλεως

250 1615 386 1666 οὔσης,
420 1617 526 1656 ἀλλὰ
559 1615 621 1655 καὶ
655 1619 770 1656 σῖτον
794 1615 938 1655 εὔωνον
972 1613 1184 1664 ὠνούμενοι
1218 1612 1281 1653 καὶ
1314 1611 1429 1653 τᾶλλ’
1454 1613 1568 1654 οὐδὲν

248 1686 384 1735 χεῖρον
408 1681 645 1734 πράττοντες
670 1679 693 1732 ἢ
718 1685 798 1728 νῦν,
826 1681 1050 1733 προειδότες
1070 1680 1131 1720 καὶ
1151 1680 1439 1732 προακηκοότες
1463 1681 1568 1732 παρὰ

246 1750 394 1790 τούτων
434 1750 495 1789 καὶ
533 1749 623 1790 τοὺς
661 1748 892 1801 συμμάχους
934 1747 1225 1798 ἀπολουμένους
1262 1747 1324 1786 καὶ
1362 1747 1568 1797 Θηβαίους

247 1816 432 1868 ἰσχυροὺς
467 1815 757 1869 γενησομένους
793 1816 854 1855 καὶ
889 1815 981 1856 τάπὶ
1008 1812 1169 1869 Θρᾴκης
1195 1814 1399 1854 Φίλιππον
1431 1814 1565 1867 ληψό-
1591 1830 1628 1862 ²5

245 1900 364 1933 μενον
403 1883 464 1923 καὶ
503 1884 544 1923 ἐν
584 1882 741 1937 Εὐβοίᾳ
781 1880 1221 1932 κατασκευασθησόμεν’
1261 1879 1461 1933 ὁρμητήρι’
1501 1880 1567 1934 ἐφ’

246 1950 343 2000 ὑμᾶς
375 1950 438 1989 καὶ
467 1948 582 1990 πάνθ’
607 1950 632 1990 ἃ
655 1949 874 2001 πέπρακται
906 1948 1167 2001 γενησόμενα,
1196 1946 1279 1988 εἶτα
1307 1947 1379 1998 τὴν
1408 1946 1566 1999 εἰρήνην

247 2015 483 2066 ἐποιήσασθ’
501 2017 724 2068 ἀγαπητῶς,
744 2015 1057 2068 ἀποψηφίσασθ’
1079 2016 1286 2068 Αἰσχίνου,
1310 2015 1372 2055 καὶ
1395 2014 1447 2066 μὴ
1469 2013 1566 2067 πρὸς

245 2084 449 2125 τοσούτοις
475 2085 658 2136 αἰσχροῖς
684 2084 745 2123 καὶ
771 2084 969 2135 ἐπιορκίαν
995 2080 1317 2134 προσκτήσησθε·
1355 2080 1466 2122 οὐδὲν
1490 2083 1566 2134 γὰρ

291 2204 304 2224 1
330 2194 460 2237 ᾐτίαται
479 2192 544 2225 SA
560 2205 566 2224 :
590 2194 706 2236 ᾐτιᾶτο
725 2194 750 2224 L
768 2193 855 2233 vulg.
1022 2203 1058 2224 11
1085 2192 1257 2234 φθέγξεται
1275 2191 1419 2225 SLAY
1435 2203 1442 2223 ε
1466 2191 1564 2234 φθέγ-

243 2251 336 2279 γεται
356 2238 443 2276 vulg.
561 2248 597 2268 12
622 2238 714 2276 prius
731 2236 803 2269 οὐδὲ
821 2238 844 2267 S
858 2236 883 2267 L
901 2248 907 2267 :
931 2238 966 2269 οὐ
983 2242 1061 2268 cett.
1183 2246 1221 2275 15
1247 2237 1417 2268 ἀπώσασθε
1435 2234 1462 2265 Β
1479 2245 1564 2266 corr.

245 2281 275 2311 Ο
294 2292 378 2311 corr.
402 2281 428 2311 P
444 2291 529 2312 corr.
550 2280 599 2319 Q:
627 2282 812 2312 ἀπώσασθαι
831 2280 854 2311 S
870 2281 894 2310 L
910 2281 996 2320 vulg.
1090 2281 1129 2310 16
1154 2279 1364 2321 ἐξετάσαντες
1383 2279 1406 2310 S
1420 2279 1445 2309 L
1462 2279 1563 2318 vulg.:

245 2325 458 2364 ἐξετάσαντας
475 2325 517 2356 al.
651 2325 684 2356 τί
701 2324 724 2355 S
737 2324 786 2355 Y:
812 2325 884 2356 τίνα
900 2323 987 2363 vulg.
1172 2334 1208 2362 17
1234 2323 1316 2364 δεΐ,·]
1335 2323 1564 2362 interrogandi

244 2369 375 2406 signum
394 2369 504 2407 posuit
524 2368 740 2399 Herwerden
900 2369 936 2398 18
962 2367 1133 2408 ὑπέσχονθ’
1153 2367 1177 2398 S
1191 2366 1257 2397 LY
1273 2378 1279 2396 :
1304 2367 1457 2407 ὑπέσχεθ’
1476 2366 1564 2404 vulg.

244 2412 285 2441 28
311 2412 480 2449 ἐποιήσατε
497 2413 527 2442 Λ
