1747 2844
165 131 285 185 xvm]
465 136 609 174 ΠΕΡΙ
657 136 778 173 ΤΟΎ
825 136 1162 173 ΣΤΕΦΑΝΟὙ
1516 133 1625 191 [316]

163 241 294 280 τοίνυν
325 239 431 280 ταῦτ’
460 240 576 292 ἀφεὶς
608 241 677 291 ἐμὲ
709 239 779 280 τὸν
807 241 913 290 παρὰ
945 239 1120 279 τουτοισὶ
1153 238 1487 288 πεπολιτευμένον

163 307 279 361 αἰτιᾷ,
308 306 368 346 καὶ
394 306 500 347 ταῦτ’
525 307 635 348 εἰδὼς
665 307 736 352 ὅτι,
764 306 827 345 καὶ
851 306 885 345 εἰ
908 305 960 357 μὴ
986 304 1032 345 τὸ
1057 306 1165 350 ὅλον,
1192 303 1309 356 μέρος
1339 304 1375 356 γ’
1402 306 1484 345 ἐπι-

163 372 312 424 βάλλει
341 375 410 424 τῆς
437 373 704 425 βλασφημίας
732 371 870 417 ἅπασι,
903 372 966 412 καὶ
995 370 1172 422 μάλιστα
1201 371 1279 411 σοί.
1351 372 1384 411 εἰ
1416 373 1488 422 μὲν
1519 369 1622 424 [317]

163 441 238 491 γὰρ
275 440 353 491 ἐγὼ
391 439 473 480 κατ’
509 438 675 490 ἐμαυτὸν
710 437 958 490 αὐτοκράτωρ
998 438 1087 490 περὶ
1128 441 1205 478 τῶν
1247 436 1488 490 πραγμάτων

124 527 143 559 5
163 507 446 557 ἐβουλευόμην,
469 505 515 557 ἦν
534 505 582 546 ἂν
605 508 687 547 τοῖς
710 504 850 547 ἄλλοις
873 503 1062 557 ῥήτορσιν
1080 505 1169 555 ὑμῖν
1195 503 1253 555 ἔμ’
1273 505 1487 544 αἰτιᾶσθαι·

164 574 197 614 εἰ
233 575 275 614 δὲ
311 575 459 625 παρῆτε
493 574 565 623 μὲν
603 573 644 612 ἐν
680 574 763 614 ταῖς
799 572 1027 622 ἐκκλησίαις
1064 570 1249 617 ἁπάσαις,
1284 572 1345 611 ἀεὶ
1383 570 1414 610 δ’
1447 572 1489 612 ἐν
1519 584 1585 619 273

165 643 279 694 κοινῷ
303 639 347 679 τὸ
373 638 619 691 συμφέρονὴ
645 639 760 680 πόλις
785 637 983 691 προύτίθει
1003 642 1181 684 σκοπεῖν,
1203 640 1303 678 πᾶσι
1323 639 1363 678 δὲ
1382 636 1488 677 ταῦτ’

164 706 291 747 ἐδόκει
314 705 395 746 τότ’
420 704 548 757 ἄριστ’
568 705 678 751 εἶναι,
707 706 769 746 καὶ
794 704 973 756 μάλιστα
997 706 1065 745 σοί
1085 705 1145 755 (οὐ
1170 706 1245 757 γὰρ
1270 704 1334 745 ἐπὶ
1360 704 1491 758 εὐνοίᾳ

164 771 200 824 γ’
226 772 312 823 ἐμοὶ
341 772 584 826 παρεχώρεις
614 773 785 812 ἐλπίδων
812 772 874 812 καὶ
907 770 1024 822 ζήλου
1055 771 1117 812 καὶ
1147 775 1281 822 τιμῶν,
1309 771 1333 811 ἃ
1363 770 1491 811 πάντα

106 860 144 882 10
163 841 317 890 προσῆν
341 842 422 880 τοῖς
445 839 534 879 τότε
559 837 841 891 πραττομένοις
865 838 929 879 ὑπ’
949 840 1054 889 ἐμοῦ,
1082 839 1188 878 ἀλλὰ
1212 840 1279 888 τῆς
1304 838 1491 888 ἀληθείας

161 906 383 957 ἡττώμενος
408 906 592 956 δηλονότι
618 905 680 946 καὶ
704 909 756 960 τῷ
781 907 902 957 μηδὲν
928 905 1036 958 ἔχειν
1055 906 1179 946 εἰπεῖν
1198 902 1389 955 βέλτιον),
1411 908 1492 946 πῶς

163 973 231 1012 οὐκ
264 973 409 1014 ἀδικεῖς
444 973 506 1013 καὶ
539 973 646 1013 δεινὰ
678 975 803 1014 ποιεῖς
835 972 989 1013 τούτοις
1021 975 1090 1013 νῦν
1119 973 1299 1024 ἐγκαλῶν
1328 972 1382 1011 ὧν
1411 969 1491 1010 τότ’

163 1038 231 1078 οὐκ
258 1038 363 1092 εἶχες
381 1038 515 1091 λέγειν
534 1040 684 1090 βελτίω
692 1055 705 1086 ,·
743 1040 848 1091 παρὰ
872 1041 944 1090 μὲν
964 1039 1095 1079 τοίνυν
1114 1042 1196 1080 τοῖς
1215 1037 1354 1080 ἄλλοις
1374 1036 1491 1089 ἔγωγ’
1521 1052 1589 1087 274

164 1105 239 1156 ὁρῶ
277 1108 400 1146 πᾶσιν
435 1106 655 1158 ἀνθρώποις
690 1105 929 1158 διωρισμένα
965 1106 1027 1146 καὶ
1061 1104 1281 1157 τεταγμένα
1322 1121 1404 1146 πως
1444 1104 1493 1143 τὰ

106 1191 143 1223 15
163 1175 335 1212 τοιαῦτα.
394 1173 520 1213 ἀδικεῖ
541 1189 600 1214 τις
624 1172 737 1213 ἑκών·
775 1172 897 1224 ὀργὴν
925 1172 987 1212 καὶ
1012 1173 1199 1224 τιμωρίαν
1220 1172 1316 1211 κατὰ
1340 1170 1490 1211 τούτου.

163 1237 355 1290 ἐξήμαρτέ
386 1255 444 1280 τις
476 1238 597 1279 ἄκων·
647 1239 886 1290 συγγνώμην
919 1239 1005 1280 ἀντὶ
1037 1241 1104 1289 τῆς
1136 1238 1321 1290 τιμωρίας
1351 1237 1487 1292 τούτῳ.

163 1303 243 1344 οὔτ’
279 1305 424 1346 ἀδικῶν
460 1321 518 1347 τις
554 1304 634 1345 οὔτ’
673 1303 952 1358 ἐξαμαρτάνων
989 1306 1043 1347 εἷς
1081 1306 1128 1345 τὰ
1165 1308 1264 1345 πᾶσι
1303 1307 1492 1345 δοκοῦντα

164 1370 381 1424 συμφέρειν
411 1371 550 1412 ἑαυτὸν
581 1371 670 1413 δοὺς
700 1371 744 1411 οὐ
780 1372 1038 1423 κατώρθωσεν
1067 1371 1153 1422 μεθ’
1185 1371 1381 1412 ἁπάντων·
1424 1371 1492 1411 οὐκ

163 1437 366 1488 ὀνειδίζειν
391 1437 478 1478 οὐδὲ
503 1441 772 1490 λοιδορεῖσθαι
792 1443 844 1493 τῷ
869 1438 1030 1493 τοιούτῳ
1056 1439 1217 1484 δίκαιον,
1241 1439 1345 1478 ἀλλὰ
1370 1436 1490 1477 συνά-

103 1523 144 1545 20
162 1506 346 1558 χθεσθαι.
407 1503 630 1557 φανήσεται
664 1509 783 1546 ταῦτα
814 1504 927 1545 πάνθ’
958 1505 1080 1547 οὕτως
1113 1504 1157 1544 οὐ
1188 1505 1310 1555 μόνον
1340 1505 1382 1544 ἐν
1410 1507 1491 1546 τοῖς
1522 1518 1587 1554 275

163 1571 309 1622 νόμοις,
336 1572 441 1612 ἀλλὰ
472 1573 535 1613 καὶ
563 1572 585 1623 ἡ
617 1572 739 1624 φύσις
768 1571 863 1622 αὐτὴ
891 1576 971 1614 τοῖς
1000 1571 1197 1624 ἀγράφοις
1226 1572 1404 1622 νομίμοις
1431 1570 1491 1610 καὶ

162 1642 243 1680 τοῖς
263 1639 522 1691 ἀνθρωπίνοις
547 1638 687 1690 ἤθεσιν
712 1639 901 1691 διώρικεν.
973 1639 1168 1691 Αἰσχίνης
1193 1638 1325 1679 τοίνυν
1349 1641 1489 1678 τοσοῦ-

162 1721 231 1746 τον
262 1706 568 1758 ὑπερβέβληκεν
602 1706 778 1748 ἅπαντας
811 1706 1037 1758 ἀνθρώπους
1071 1705 1241 1756 ὠμότητι
1275 1705 1336 1745 καὶ
1373 1721 1488 1745 συκο-

163 1774 322 1827 φαντίᾳ,
354 1774 460 1814 ὥστε
494 1773 555 1814 καὶ
584 1775 639 1814 ὧν
668 1773 783 1816 αὐτὸς
813 1773 863 1815 ὡς
898 1772 1160 1827 ἀτυχημάτων
1190 1771 1394 1824 ἐμέμνητο,
1427 1772 1490 1812 καὶ

103 1858 142 1890 25
161 1838 267 1879 ταῦτ’
294 1841 387 1890 ἐμοῦ
412 1844 631 1893 κατηγορεῖ.

230 1906 307 1946 Καὶ
326 1906 422 1959 πρὸς
441 1911 523 1949 τοῖς
542 1907 694 1954 ἄλλοις,
713 1906 849 1959 ὥσπερ
868 1906 983 1949 αὐτὸς
1005 1908 1140 1949 ἁπλῶς
1160 1906 1223 1947 καὶ
1242 1901 1325 1954 μετ’
1337 1904 1489 1946 εὐνοίας
1519 1911 1587 1955 276

162 1972 310 2015 πάντας
336 1975 497 2026 εἰρηκὼς
521 1974 611 2016 τοὺς
634 1974 791 2027 λόγους,
818 1974 1034 2027 φυλάττειν
1061 1975 1129 2025 ἐμὲ
1160 1974 1222 2014 καὶ
1246 1975 1378 2022 Τηρεῖν
1404 1970 1486 2012 ἐκέ-

204 2093 224 2122 4
248 2083 290 2115 ὢν
308 2086 384 2122 post
401 2081 603 2124 αὐτοκράτωρ
619 2083 694 2114 add.
718 2082 743 2113 L
762 2092 864 2122 marg.
883 2083 971 2123 vulg.
991 2095 997 2114 ι
1022 2093 1086 2114 om.
1109 2084 1131 2113 S
1146 2082 1226 2112 L¹A
1396 2081 1417 2110 6
1441 2080 1489 2112 ἀεὶ

162 2126 189 2158 δ’
215 2128 250 2158 ἐν
273 2130 365 2167 κοινῷ
392 2126 473 2157 SL:
511 2127 558 2157 ἀεὶ
584 2128 619 2158 ἐν
642 2130 734 2167 κοινῷ
759 2126 793 2158 δὲ
819 2131 895 2158 cett.
1066 2136 1102 2165 15
1139 2126 1239 2167 ὀργὴν
1263 2125 1314 2157 καὶ
1339 2123 1489 2165 τιμωρίαν

163 2169 288 2201 SLA:
329 2170 409 2211 ὀργὴ
441 2170 492 2201 καὶ
523 2170 656 2211 τιμωρία
688 2169 776 2210 vulg.
976 2171 1014 2200 16
1055 2171 1251 2211 συγγνώμην
1283 2167 1372 2199 SA:
1412 2178 1489 2208 συγ-

160 2214 273 2253 γνώμη
306 2213 332 2243 L
364 2213 452 2251 vulg.
666 2223 702 2251 17
744 2215 924 2255 ἐξαμαρτὼν
956 2213 987 2243 Α
1193 2223 1235 2243 20
1274 2211 1380 2243 τοίνυν
1411 2214 1490 2250 post

162 2257 342 2296 φανήσεται
373 2257 449 2288 add.
484 2256 597 2295 vulg.:
637 2267 703 2288 om.
738 2257 801 2287 SL
935 2257 1041 2289 πάντα
1071 2266 1135 2286 om.
1171 2255 1235 2286 0¹:
1276 2260 1355 2286 ante
1387 2256 1491 2286 ταῦτα

162 2300 258 2339 ponit
288 2299 389 2331 Vind.
425 2310 460 2330 1:
502 2300 698 2332 καταστάνθ’
729 2299 821 2331 Weil
933 2302 966 2332 ἐν
996 2301 1073 2331 add.
1108 2300 1134 2329 L
1164 2299 1279 2338 vulg.:
1318 2309 1383 2330 om.
1421 2296 1489 2328 SA

162 2352 201 2373 21
228 2344 369 2383 νομίμοις
388 2343 455 2374 SA
473 2343 563 2382 vulg.
582 2355 588 2373 :
615 2343 719 2383 νόμοις
738 2343 805 2374 LO
824 2353 908 2374 corr.
1075 2352 1116 2372 22
1140 2344 1230 2381 ἤθεσι
1247 2352 1311 2372 om.
1334 2342 1357 2372 S
1376 2341 1487 2372 solus:

163 2386 256 2418 ἔθεσι·
267 2386 394 2417 Reiske
