1763 2828
107 128 218 183 [193]

180 653 219 678 12

109 973 220 1027 [194]

181 1050 220 1084 13

181 1519 223 1554 14

182 1917 221 1954 H

670 128 1160 167 ΔΗΜΟΣΘΕΝΟΎΣ
1507 124 1580 180 [xv

251 232 493 275 ἀκούσαντες
531 236 716 274 σκοπεῖτε
751 232 819 274 εἴτ’
855 233 979 285 ὀρθῶς
1015 232 1224 285 λογίζομαι
1261 232 1367 273 ταῦτ’
1403 234 1480 275 εἴτε
1514 232 1580 286 μή.

250 301 329 354 ἐγὼ
362 300 519 352 νομίζω,
548 299 787 352 πράττοντος
819 301 891 351 μὲν
921 300 962 339 ἐν
990 299 1177 354 Αἰγύπτῳ
1203 298 1319 340 πάνθ’
1346 299 1397 342 ὡς
1429 300 1584 353 ὥρμηκε

250 367 469 420 βασιλέως,
509 367 652 420 σφόδρ’
685 367 733 408 ἂν
767 366 1023 419 Ἀρτεμισίαν
1060 368 1293 418 πειραθῆναι
1329 368 1584 419 περιποιῆσαι

249 434 386 476 Ῥόδον
418 434 533 489 αὐτῷ,
565 434 610 474 οὐ
641 440 689 492 τῇ
717 433 925 485 βασιλέως
959 433 1102 488 εὐνοίᾳ,
1135 434 1243 473 ἀλλὰ
1274 437 1327 489 τῷ
1360 434 1584 485 βούλεσθαι

250 503 425 553 πλησίον
463 501 580 552 αὐτῆς
622 503 897 553 διατρίβοντος
940 501 1090 542 ἐκείνου
1131 499 1312 552 μεγάλην
1352 500 1584 553 εὐεργεσίαν

252 568 493 610 καταθέσθαι
517 567 615 620 πρὸς
639 568 768 614 αὐτόν,
795 567 844 609 ἵν’
871 568 921 611 ὡς
947 566 1153 608 οἰκειότατ’
1180 566 1301 618 αὐτὴν
1327 566 1582 620 ἀποδέχηται·

250 634 490 688 πράττοντος
505 633 538 674 δ’
557 634 608 676 ὡς
625 633 799 687 λέγεται,
821 635 883 675 καὶ
899 635 1207 686 διημαρτηκότος
1229 634 1287 675 οἶς
1307 634 1582 686 ἐπεχείρησεν,

250 702 435 755 ἡγεῖσθαι
470 701 540 752 τὴν
575 703 700 751 νῆσον
735 702 893 753 ταύτην,
931 702 1029 753 ὅπερ
1061 700 1185 747 ἔστιν,
1222 700 1324 741 ἄλλο
1360 702 1433 751 μὲν
1470 699 1584 741 οὐδὲν

250 769 298 809 ἂν
336 768 434 809 εἶναι
471 771 641 819 βασιλεῖ
673 769 875 821 χρησίμην
912 769 954 809 ἐν
989 771 1041 822 τῷ
1080 768 1257 820 παρόντι,
1293 769 1362 818 τῆς
1398 766 1430 808 δ’
1466 767 1583 817 αὐτῆς

251 836 376 888 ἀρχῆς
393 834 648 888 ἐπιτείχισμα
664 834 761 887 πρὸς
776 834 821 875 τὸ
839 834 928 886 μηδ’
946 836 1074 875 ὁτιοῦν
1091 838 1335 887 παρακινεῖν.
1395 834 1500 875 ὥστε
1516 850 1583 885 μοι

251 906 360 942 δοκεῖ
384 904 541 952 μᾶλλον
564 900 613 942 ἂν
638 903 737 952 ὑμᾶς
765 901 874 955 ἔχειν
897 901 949 952 μὴ
976 904 1158 954 φανερῶς
1183 901 1302 951 αὐτῆς
1329 901 1530 951 ἐνδούσης,
1557 897 1582 950 ἢ

251 969 393 1010 ’κεῖνον
417 972 563 1019 λαβεῖν
591 968 829 1019 βούλεσθαι.
900 966 1008 1019 οἶμαι
1039 970 1112 1019 μὲν
1141 968 1210 1008 οὖν
1239 967 1328 1009 οὐδὲ
1361 966 1582 1019 βοηθήσειν

252 1035 386 1086 αὐτήν,
413 1034 462 1076 ἂν
491 1034 523 1075 δ’
549 1035 623 1088 ἄρα
647 1039 760 1075 τοῦτο
785 1035 889 1092 ποιῇ,
918 1035 1082 1088 φαύλως
1112 1036 1175 1076 καὶ
1207 1038 1346 1077 κακῶς.
1407 1035 1493 1075 ἐπεὶ
1519 1034 1582 1075 καὶ

251 1102 432 1154 βασιλέα
461 1120 520 1155 γε,
548 1102 570 1142 ὅ
597 1119 636 1143 τι
667 1104 739 1153 μὲν
765 1101 923 1153 ποιήσει
951 1104 1006 1154 μὰ
1033 1101 1102 1142 Δί’
1122 1102 1190 1143 οὐκ
1219 1101 1268 1142 ἂν
1295 1100 1436 1153 εἴποιμ’
1463 1100 1581 1154 ἔγωγ’

252 1170 304 1213 ὡς
328 1170 427 1216 οἶδα,
455 1170 515 1210 ὅτι
548 1168 684 1221 μέντοι
709 1168 905 1222 συμφέρει
929 1170 976 1226 τῇ
1002 1169 1118 1210 πόλει
1146 1171 1270 1219 δῆλον
1295 1168 1366 1220 ἤδη
1392 1168 1582 1222 γενέσθαι

251 1236 382 1290 πότερ’
413 1235 711 1287 ἀντιποιήσεται
745 1238 815 1287 τῆς
850 1237 1005 1279 πόλεως
1039 1238 1109 1287 τῆς
1133 1234 1294 1277 Ῥοδίων
1328 1232 1353 1286 ἢ
1387 1236 1444 1282 οὔ,
1480 1235 1583 1276 τοῦτ’

251 1304 299 1345 ἂν
337 1305 636 1357 ἰσχυρισαίμην·
676 1303 720 1344 οὐ
755 1304 831 1356 γὰρ
866 1305 964 1357 ὑπὲρ
999 1302 1160 1344 Ῥοδίων
1195 1302 1449 1354 βουλευτέον,
1489 1304 1584 1344 ὅταν

253 1372 513 1422 ἀντιποιῆται,
540 1371 676 1422 μόνον,
703 1369 794 1411 ἀλλ’
819 1371 916 1423 ὑπὲρ
939 1370 1049 1422 ἡμῶν
1074 1370 1201 1412 αὐτῶν
1228 1371 1291 1412 καὶ
1321 1374 1400 1412 τῶν
1425 1369 1585 1411 πάντων

251 1436 475 1488 Ἑλλήνων.

319 1505 380 1546 Οὐ
404 1504 482 1555 μὴν
507 1503 585 1545 οὐδ’
606 1503 654 1544 ἂν
680 1505 713 1545 εἰ
737 1503 787 1544 δι’
808 1504 934 1545 αὑτῶν
955 1504 1066 1558 εἶχον
1089 1504 1162 1554 τὴν
1183 1506 1302 1545 πόλιν
1321 1506 1358 1546 οἱ
1383 1507 1452 1546 νῦν
1472 1505 1584 1547 ὄντες

253 1572 296 1612 ἐν
326 1571 424 1628 αὐτῇ
448 1570 603 1617 Ῥόδιοι,
630 1569 820 1627 παρῄνεσ’
845 1570 893 1611 ἂν
925 1572 1016 1622 ὑμῖν
1046 1571 1205 1613 τούτους
1234 1570 1411 1618 ἑλέσθαι,
1444 1570 1523 1612 οὐδ’
1550 1573 1584 1612 εἶ

252 1637 369 1679 πάνθ’
393 1637 652 1692 ὑπισχνοῦνθ’
678 1638 768 1688 ὑμῖν
797 1636 991 1688 ποιήσειν.
1066 1639 1142 1691 ὁρῶ
1167 1640 1243 1691 γὰρ
1268 1638 1408 1681 αὐτοὺς
1437 1637 1482 1679 τὸ
1509 1640 1584 1690 μὲν

253 1708 420 1757 πρῶτον,
452 1705 557 1747 ὅπως
586 1703 844 1745 καταλύσωσι
872 1704 942 1745 τὸν
971 1707 1106 1757 δῆμον,
1133 1706 1446 1758 προσλαβόντας
1475 1707 1584 1747 τινὰς

253 1775 330 1812 τῶν
364 1775 551 1817 πολιτῶν,
583 1770 717 1821 ἐπειδὴ
751 1773 793 1812 δὲ
826 1770 928 1811 τοῦτ’
958 1771 1144 1824 ἔπραξαν,
1176 1771 1299 1813 πάλιν
1334 1772 1584 1824 ἐκβαλόντας

253 1838 425 1881 τούτους·
462 1838 553 1880 τοὺς
585 1837 654 1878 οὖν
685 1837 911 1890 μηδετέροις
945 1843 1096 1881 πιστῶς
1131 1838 1395 1893 κεχρημένους
1427 1838 1507 1879 οὐδ’
1535 1838 1584 1879 ἂν

252 1906 343 1956 ὑμῖν
383 1907 577 1957 βεβαίους
614 1905 782 1957 ἡγοῦμαι
821 1905 1010 1958 γενέσθαι
1052 1906 1298 1960 συμμάχους.
1373 1906 1435 1946 καὶ
1476 1905 1582 1946 ταῦτ’

254 1971 496 2013 οὐδεπώποτ’
526 1972 638 2013 εἶπον
672 1971 732 2018 ἄν,
765 1973 799 2013 εἰ
830 1976 883 2027 τῷ
913 1972 1075 2014 Ῥοδίων
1108 1972 1216 2028 δήμῳ
1252 1973 1375 2024 μόνον
1405 1972 1584 2025 ἡγούμην

255 2038 487 2092 συμφέρειν·
526 2039 615 2080 οὔτε
644 2041 719 2091 γὰρ
748 2038 924 2091 προξενῶ
958 2044 1036 2081 τῶν
1067 2041 1219 2092 ἀνδρῶν
1253 2039 1332 2080 οὔτ’
1363 2041 1441 2093 ἰδίᾳ
1471 2038 1584 2090 ξένος

255 2106 381 2147 αὐτῶν
401 2106 526 2149 οὐδείς
558 2107 647 2147 ἐστί
675 2123 754 2157 μοι.
825 2106 870 2146 οὐ
901 2106 978 2157 μὴν
1003 2107 1082 2147 οὐδ’
1108 2108 1142 2148 εἷ
1174 2106 1279 2147 ταῦτ’
1305 2105 1496 2158 ἀμφότερ’
1520 2104 1581 2155 ἦν,

299 2227 318 2247 2
343 2218 383 2248 ὡς
401 2215 548 2247 SABY
561 2215 613 2246 O:
639 2215 688 2248 ὅσ’
705 2215 795 2254 vulg.
945 2226 962 2255 7
988 2215 1049 2257 οἷς]
1067 2216 1138 2248 o'sS
1284 2225 1306 2255 9
1329 2216 1368 2248 ἂν
1384 2225 1448 2247 om.
1469 2215 1557 2254 vulg.
1576 2226 1583 2245 :

256 2260 333 2290 add.
355 2259 464 2290 SAY
595 2270 632 2297 14
657 2273 736 2291 ποτε
754 2264 831 2298 post
848 2258 907 2299 μὲν
924 2260 1001 2291 add.
1019 2260 1129 2299 vulg.:
1155 2269 1218 2290 om.
1240 2258 1306 2290 SA
1434 2259 1474 2289 16
1497 2259 1583 2290 ἀντι·

257 2306 394 2334 ποιεῖται
413 2303 513 2333 Blass
529 2304 603 2334 coll.
622 2303 727 2333 schol.
858 2312 895 2341 17
921 2304 1000 2335 ὅταν
1018 2304 1040 2334 S
1057 2315 1064 2334 z
1089 2305 1126 2335 ἂν
1142 2303 1231 2342 vulg.
1362 2303 1400 2332 18
1423 2305 1488 2334 τῶν
1504 2306 1584 2333 ante

257 2346 385 2378 πάντων
404 2347 427 2376 S
442 2359 449 2377 :
473 2352 547 2385 post
564 2346 692 2378 πάντων
709 2350 786 2377 cett.
924 2356 963 2385 27
989 2348 1193 2380 οὐδεπώποτε
1212 2346 1236 2377 S
1247 2346 1295 2376 A:
1320 2345 1474 2378 οὐδέποτε
1490 2345 1580 2384 vulg.

259 2391 300 2420 28
324 2392 462 2431 προξενῶ
482 2389 546 2420 SA
560 2389 626 2419 FY
642 2401 649 2420 :
672 2389 821 2431 πρόξενος
837 2389 925 2429 vulg.

1602 516 1621 549 5

1606 849 1645 871 10

1606 1184 1643 1216 Ι5

1606 1518 1646 1540 20

1605 1850 1643 1883 ²5
