1763 2828
114 126 223 180 [410]

160 378 228 413 223

127 1130 226 1186 [411]

161 1196 229 1229 224

160 1579 227 1618 225

676 125 1161 164 ΔΙῙΜΟΣΘΕΝΟΎΣ
1489 120 1574 174 [x1x

260 230 321 270 καὶ
354 230 524 276 τούτοις,·
563 230 624 270 καὶ
656 229 745 270 τοὺς
777 231 848 280 μὲν
883 228 1157 282 αἰχμαλώτους
1191 229 1233 268 ἐκ
1265 231 1342 269 τῶν
1376 229 1482 270 ἰδίων
1514 246 1577 270 το-

259 297 414 337 σούτων
450 296 661 350 χρημάτων
697 297 876 342 λύεσθαι,
914 297 1031 347 μικρὰ
1063 294 1095 335 δ’
1129 293 1261 345 ἀξιοῦν
1293 297 1397 348 παρὰ
1432 297 1579 338 τούτων

261 365 437 416 αἰσχρῶς
478 362 560 414 μετ’
599 363 742 416 ἔχθρας
783 362 1027 414 λαμβάνεινς
1079 361 1146 402 οὐκ
1189 362 1276 402 ἔστι
1315 365 1447 409 ταῦτα,
1489 363 1579 404 ἀλλ’

261 429 487 483 ἀπήγγειλα
527 433 600 481 μὲν
642 431 793 480 τάληθῆ
838 429 899 470 καὶ
942 429 1178 482 ἀπεσχόμην
1219 432 1286 469 τοῦ
1326 432 1472 480 λαβεῖν
1512 434 1580 471 τοῦ

261 499 409 537 δικαίου
437 498 498 537 καὶ
524 499 592 547 τῆς
617 497 805 547 ἀληθείας
830 498 959 537 εἵνεκα
985 498 1046 537 καὶ
1071 499 1140 536 τοῦ
1163 499 1304 537 λοιποῦ
1337 498 1442 547 βίου,
1470 499 1577 548 νομί·
1599 515 1616 547 5

263 564 349 614 ζων,
377 562 512 615 ὥσπερ
545 563 662 603 ἄλλοι
694 566 796 606 τινὲς
829 563 919 615 παρ’
944 564 1045 614 ὑμῖν,
1079 563 1141 602 καὶ
1174 563 1288 604 αὐτὸς
1322 563 1375 604 ὢν
1408 564 1581 614 ἐπιεικὴς

260 630 564 681 τιμηθήσεσθαι,
604 630 665 670 καὶ
703 630 770 670 οὐκ
807 630 1102 671 ἀνταλλακτέον
1139 630 1240 671 εἶναί
1275 647 1340 681 μοι
1377 630 1448 680 τὴν
1483 631 1580 683 πρὸς

260 698 358 747 ὑμᾶς
397 698 630 749 φιλοτιμίαν
668 696 825 739 οὐδενὸς
864 697 1031 749 κέρδους·
1085 700 1189 749 μισῶ
1229 700 1269 738 δὲ
1307 697 1479 744 τούτους,
1519 699 1580 739 ὅτι

260 763 482 817 μοχθηροὺς
521 763 582 804 καὶ
622 766 724 806 θεοῖς
764 764 930 817 ἐχθροὺς
968 764 1070 804 εἶδον
1108 765 1151 805 ἐν
1187 764 1233 819 τῇ
1270 765 1479 818 πρεσβείᾳ,
1517 765 1580 806 καὶ

261 829 531 882 ἀπεστέρημαι
559 830 620 871 καὶ
645 834 723 871 τῶν
749 831 857 871 ἰδίων
882 834 1119 883 φιλοτιμιῶν
1147 832 1212 871 διὰ
1237 830 1307 881 τὴν
1332 831 1479 872 τούτων
1505 835 1578 872 δω·
1603 851 1642 874 ιο

259 898 441 949 ροὸοκίαν
471 896 567 949 πρὸς
597 898 695 947 ὅλην
728 900 931 950 δυσχερῶς
960 898 1066 948 ὑμῶν
1099 897 1170 947 τὴν
1203 899 1422 948 πρεσβείαν
1456 900 1578 952 ἐσχη-

262 965 398 1004 κότων·
450 967 651 1016 κατηγορῶ
695 966 736 1005 δὲ
778 965 863 1005 νυνὶ
902 965 964 1005 καὶ
1005 964 1069 1005 ἐπὶ
1108 966 1178 1006 τὰς
1216 963 1377 1006 εὐθύνας
1415 964 1495 1015 ἥκω
1535 965 1581 1005 τὸ

259 1030 410 1082 μέλλον
436 1032 723 1083 προορώμενος,
751 1032 813 1072 καὶ
838 1031 1084 1082 βουλόμενος
1109 1032 1232 1083 ἀγῶνι
1259 1031 1320 1071 καὶ
1345 1033 1581 1086 δικαστηρίῳ

259 1115 324 1148 μοι
358 1099 564 1150 διωρίσθαι
595 1097 686 1149 παρ’
709 1098 802 1148 ὑμῖν
832 1098 892 1137 ὅτι
921 1096 1099 1138 τάναντί’
1127 1097 1212 1148 ἐμοὶ
1241 1098 1303 1138 καὶ
1331 1098 1481 1140 τούτοις
1511 1098 1579 1139 πέ-

260 1181 440 1216 πρακται.
502 1165 565 1206 καὶ
585 1164 753 1211 δέδοικα,
773 1164 929 1205 δέδοικα
942 1163 1157 1216 (εἰρήσεται
1173 1166 1248 1217 γὰρ
1269 1163 1383 1205 πάνθ’
1403 1165 1427 1205 ὃ,
1447 1169 1581 1217 φρονῶ
1604 1182 1641 1214 15

261 1231 357 1284 πρὸς
381 1228 496 1282 ὑμᾶς)
516 1231 569 1282 μὴ
590 1232 680 1272 τότε
704 1234 777 1282 μὲν
795 1230 1144 1281 συνεπισπάσησθ’
1165 1232 1233 1282 ἐμὲ
1251 1230 1320 1272 τὸν
1344 1231 1431 1282 μηδ’
1453 1232 1581 1273 ὁτιοῦν

261 1298 481 1345 ἀδικοῦντα,
521 1302 591 1339 νῦν
632 1298 664 1339 δ’
704 1299 1029 1340 ἀναπεπτωκότες
1069 1296 1149 1348 ἦτε.
1221 1298 1450 1339 παντάπασι
1491 1298 1580 1351 γάρ,

260 1364 397 1417 ἄνδρες
423 1364 637 1416 Ἀθηναῖοι,
666 1365 906 1406 ἐκλελύσθαι
937 1381 1004 1416 μοι
1034 1367 1186 1406 δοκεῖτε
1219 1365 1280 1406 καὶ
1313 1367 1452 1406 παθεῖν
1486 1366 1579 1406 ἀνα-

259 1431 393 1483 μένειν
417 1434 465 1472 τὰ
494 1432 615 1479 δεινά,
642 1431 797 1484 ἑτέρους
825 1435 866 1473 δὲ
896 1431 1129 1485 πάσχοντας
1163 1431 1329 1483 ὁρῶντες
1361 1431 1405 1472 οὐ
1430 1432 1580 1484 φυλάτ-

260 1501 412 1545 τεσθαι,
447 1499 536 1540 οὐδὲ
568 1500 791 1551 φροντίζειν
826 1500 894 1548 τῆς
929 1499 1083 1541 πόλεως
1119 1498 1242 1539 πάλαι
1279 1501 1375 1539 κατὰ
1408 1499 1584 1541 πολλοὺς
1605 1516 1644 1538 20

263 1565 324 1605 καὶ
343 1565 493 1608 δεινοὺς
512 1566 681 1618 τρόπους
700 1565 1039 1618 διαφθειρομένης.
1094 1565 1162 1605 οὐκ
1180 1567 1312 1606 οἴεσθε
1332 1565 1461 1607 δεινὸν
1482 1566 1580 1607 εἶναι

260 1632 323 1673 καὶ
342 1632 559 1685 ὑπερφυές,·
584 1632 664 1684 (καὶ
683 1634 758 1684 γὰρ
778 1634 814 1673 εἵ
831 1649 868 1673 τι
887 1635 1044 1673 σιωπᾶν
1064 1632 1263 1684 ἐγνώκειν,
1285 1632 1418 1685 λέγειν
1439 1631 1578 1686 ἐξάγο-

258 1696 358 1751 μαι.)
403 1701 491 1740 ἵστε
515 1698 638 1750 δήπου
659 1699 871 1739 Πυθοκλέα
894 1700 1048 1740 τουτονὶ
1067 1699 1136 1740 τὸν
1158 1700 1407 1753 Πυθοδώρου.
1456 1701 1579 1755 τούτῳ

261 1765 362 1806 πάνυ
383 1766 674 1819 φιλανθρώπως
690 1765 912 1819 ἐκεχρήμην
933 1767 1022 1819 ἐγώ,
1046 1767 1109 1807 καὶ
1134 1767 1249 1817 ἀηδὲς
1270 1767 1355 1818 ἐμοὶ
1375 1768 1438 1808 καὶ
1456 1768 1580 1822 τούτῳ

260 1832 425 1885 γέγονεν
458 1834 512 1875 εἷς
545 1833 617 1883 τὴν
645 1833 795 1885 ἡμέραν
830 1834 972 1883 ταύτην
1009 1833 1134 1874 οὐδέν.
1205 1833 1317 1876 οὗτος
1354 1834 1586 1888 ἐκτρέπεταί
1604 1847 1641 1878 25

258 1916 308 1951 με
333 1903 402 1940 νῦν
429 1900 627 1946 ἀπαντῶν,
654 1899 724 1952 ἀφ’
750 1899 794 1940 οὗ
826 1900 921 1952 πρὸς
947 1901 1149 1941 Φίλιππον
1180 1901 1357 1954 ἀφῖκται,
1386 1901 1458 1942 κᾶν
1486 1902 1579 1942 ἀνα-

260 1969 417 2024 γκασθῇ
441 1983 516 2008 που
536 1970 759 2021 συντυχεῖν,
782 1966 1037 2017 ἀπεπήδησεν
1057 1967 1211 2014 εὐθέως,
1232 1967 1285 2020 μή
1305 1986 1364 2011 τις
1383 1968 1500 2009 αὐτὸν
1519 1969 1583 2024 ἴδῃ

259 2034 447 2075 λαλοῦντ’
481 2035 580 2086 ἐμοί·
623 2035 721 2085 μετὰ
755 2033 788 2074 δ’
825 2035 1019 2087 Αἰσχίνου
1050 2034 1299 2089 περιέρχεται
1330 2035 1401 2086 τὴν
1434 2036 1584 2088 ἀγορὰν

303 2154 324 2175 2
347 2145 480 2177 λύεσθαι
499 2143 522 2175 S
535 2143 565 2175 A
578 2143 627 2175 Y:
653 2144 811 2177 λύσασθαι
828 2143 917 2184 vulg.
1079 2146 1101 2175 6
1126 2143 1227 2184 ὑμῖν,]
1245 2154 1318 2176 cum
1335 2144 1462 2177 Weilio
1481 2146 1586 2177 inter-

259 2189 366 2228 punxi
501 2198 517 2227 7
543 2189 774 2228 τιμηθήσεσθαι
792 2189 888 2219 codd.
904 2199 910 2217 τ
935 2188 1128 2226 τιμήσεσθαι
1145 2187 1235 2219 Weil
1253 2200 1259 2219 ε
1283 2190 1514 2229 τιμηθήσεσθαι
1531 2191 1583 2222 καὶ

258 2232 361 2265 πλέον
379 2232 459 2273 ἕξειν
476 2236 540 2264 τῶν
556 2235 689 2264 πολλῶν
706 2233 787 2264 κατὰ
804 2234 900 2263 τοῦτο
918 2231 961 2270 Α,
981 2233 1020 2263 cf.
1043 2236 1058 2270 ξ
1080 2242 1141 2264 100
1306 2233 1344 2263 16
1368 2232 1492 2265 τούτοις
1508 2239 1584 2272 post

258 2275 318 2315 μὲν
334 2277 408 2308 add.
431 2276 456 2306 L
474 2275 563 2314 vulg.
579 2287 586 2306 τ
610 2285 674 2307 οτη.
696 2275 760 2305 SA
862 2276 1137 2314 συνεπισπάσησθ’
1156 2275 1211 2314 ἐμὲ
1229 2275 1253 2305 S
1269 2287 1275 2306 :
1301 2276 1587 2315 συνεπισπάσησθέ

259 2333 298 2358 με
316 2326 393 2351 cett.
504 2321 542 2350 18
568 2319 590 2351 ὦ
607 2324 685 2350 ante
703 2320 812 2361 ἄνδρες
828 2319 904 2350 add.
924 2319 1012 2358 vulg.
1033 2331 1039 2350 :
1063 2329 1124 2351 om.
1147 2319 1170 2350 S
1184 2319 1210 2349 L
1303 2329 1341 2359 19
1364 2319 1584 2360 φυλάττεσθαι

262 2363 285 2392 S
301 2364 324 2393 Ι-
337 2364 380 2394 Αι
397 2376 403 2394 :
428 2364 634 2404 φυλάττεσθε
651 2363 740 2401 vulg.
890 2373 932 2393 20
956 2363 1135 2404 φροντίζειν
1152 2362 1176 2393 S
1190 2362 1215 2393 L
1233 2372 1318 2393 corr.
1340 2372 1388 2402 pr.
1409 2373 1450 2394 m.
1470 2362 1557 2402 vulg.
1578 2375 1585 2394 z

261 2407 446 2448 φροντίζετε
466 2407 491 2437 L
505 2407 538 2436 F*
553 2407 584 2445 Q
597 2407 627 2437 Ο
798 2416 833 2436 21
863 2406 1120 2447 διαφθειρομένης
1138 2405 1161 2437 S
1175 2406 1200 2436 L
1212 2406 1242 2436 Y
1257 2417 1263 2436 ἓ
1289 2406 1515 2447 διεφθαρμένης
1531 2407 1561 2437 Α
1577 2417 1584 2436 :

262 2451 468 2489 ἀδικουμένης
486 2450 571 2489 vulg.
706 2450 747 2480 28
772 2451 853 2482 κατὰ
870 2454 947 2480 ante
963 2452 1024 2488 τὴν
1042 2451 1160 2491 ἀγορὰν
1176 2449 1250 2481 add.
1272 2449 1378 2480 Cobet
