1763 2828
114 139 202 193 [97]

162 258 201 305 31

159 591 202 626 32

663 137 1149 175 ΔΙἸΜΟΣΘΕΝΟΥΣ
1471 132 1561 188 [vm

238 245 337 295 φατὲ
370 244 430 283 καὶ
462 241 659 294 θορυβεῖθ’
687 242 737 284 ὡς
767 243 890 293 ὀρθῶς
920 242 1042 294 λέγει·
1082 241 1129 281 ἂν
1159 244 1197 281 δὲ
1230 243 1436 293 παρελθὼν
1464 243 1564 300 λέγῃ

235 327 294 352 τις
318 310 483 360 τάληθῆ,
512 310 571 349 ὅτι
599 312 608 326 ‘
625 308 785 361 ληρεῖτ’,
809 309 1024 359 Ἀθηναῖοι·
1064 308 1221 349 πάντων
1245 312 1324 349 τῶν
1350 313 1477 350 κακῶν
1503 312 1564 351 καὶ

234 381 313 418 τῶν
337 375 577 430 πραγμάτων
602 376 750 416 τούτων
770 376 971 418 Φίλιππός
997 374 1080 415 ἐστ’
1101 378 1235 417 αἴτιος·
1274 377 1306 416 εἰ
1325 378 1398 428 γὰρ
1419 378 1565 419 ἐκεῖνος

234 443 330 496 ἦγεν
356 443 539 497 ἡσυχίαν,
572 444 684 484 οὐδὲν
717 442 764 483 ἂν
793 442 839 493 ἣν
872 445 1033 495 πρᾶγμα
1064 443 1110 498 τῇ
1144 441 1285 489 πόλει,’
1316 442 1366 484 ὡς
1396 445 1468 494 μὲν
1497 443 1564 484 οὐκ

235 511 362 561 ἀληθῆ
396 508 503 550 ταῦτ’
538 511 649 550 ἐστὶν
681 509 749 550 οὐκ
781 509 884 563 ἔχετ’
919 508 1154 562 ἀντιλέγειν,
1191 509 1386 562 ἄχθεσθαι
1422 509 1464 550 δέ
1499 527 1565 561 μοι

234 581 385 618 δοκεῖτε
411 578 472 618 καὶ
498 577 632 628 ὥσπερ
653 577 878 618 ἀπολλύναι
900 593 939 618 τι
963 578 1145 627 νομίζειν.
1206 578 1331 617 αἴτιον
1357 579 1398 618 δὲ
1417 577 1565 618 τούτων

232 644 315 695 (καί
338 660 405 695 μοι
430 643 526 696 πρὸς
552 646 663 690 θεῶν,
691 645 785 683 ὅταν
812 644 941 684 εἵνεκα
969 647 1036 683 τοῦ
1066 644 1284 694 βελτίστου
1313 643 1433 696 λέγω,
1459 644 1564 685 ἔστω

236 708 459 764 παρρησία)·
499 708 845 762 παρεσκευάκασιν
879 711 979 761 ὑμᾶς
1009 714 1088 751 τῶν
1119 710 1436 762 πολιτευομένων
1470 711 1566 752 ἔνιοι

202 805 206 808 -
236 779 278 819 ἐν
304 780 376 829 μὲν
403 781 488 819 ταῖς
518 778 749 827 ἐκκλησίαις
781 777 982 829 φοβεροὺς
1013 778 1074 818 καὶ
1101 778 1314 830 χαλεπούς,
1340 779 1384 818 ἐν
1412 781 1453 819 δὲ
1482 782 1566 821 ταῖς

113 1044 203 1099 [98]

160 1193 203 1228 33

161 1593 207 1628 34

165 1998 205 2034 35

235 848 500 897 παρασκευαῖς
533 848 618 886 ταῖς
652 847 719 884 τοῦ
752 843 928 895 πολέμου
957 844 1152 897 ῥᾳθύμους
1182 845 1242 884 καὶ
1272 844 1563 897 εὐκαταφρονή-

235 928 334 953 τους.
406 911 453 952 ἂν
478 913 550 962 μὲν
576 911 643 952 οὖν
668 910 736 952 τὸν
762 912 885 951 αἴτιον
916 912 1005 967 εἴπῃ
1031 928 1088 952 τις
1118 911 1161 952 ὃν
1186 911 1266 952 ἴσθ’
1293 912 1351 951 ὅτι
1380 911 1566 963 λήψεσθε

236 978 325 1031 παρ’
350 979 439 1030 ὑμῖν
468 978 610 1024 αὐτοῖς,
639 980 741 1030 φατὲ
773 978 835 1018 καὶ
864 978 1079 1029 βούλεσθε·
1115 977 1163 1018 ἂν
1192 980 1233 1018 δὲ
1262 981 1436 1019 τοιοῦτον
1466 978 1564 1035 λέγῃ

236 1062 305 1092 τις,
327 1045 372 1086 ὃν
393 1044 665 1097 κρατήσαντας
683 1048 765 1086 τοῖς
785 1045 936 1091 ὅπλοις,
958 1044 1093 1086 ἄλλως
1111 1044 1142 1085 δ’
1164 1044 1230 1084 οὐκ
1250 1045 1361 1085 ἔστιν
1381 1044 1564 1092 κολάσαι,

236 1113 304 1153 οὐκ
340 1111 456 1166 ἔχετ’,
496 1112 613 1163 οἶμαι,
653 1114 693 1152 τί
726 1111 927 1162 ποιήσετε,
966 1110 1271 1164 ἐξελεγχόμενοι
1307 1111 1340 1151 δ’
1377 1111 1563 1164 ἄχθεσθε.

236 1181 357 1233 ἐχρῆν
384 1178 471 1232 γάρ,
503 1177 532 1219 ὦ
565 1178 702 1231 ἄνδρες
729 1178 945 1230 Ἀθηναῖοι,
976 1179 1204 1219 τούναντίον
1236 1175 1258 1228 ἢ
1293 1181 1361 1220 νῦν
1391 1178 1566 1220 ἅπαντας
1613 1196 1625 1205 -

235 1247 325 1288 τοὺς
361 1245 690 1297 πολιτευομένους
733 1246 774 1287 ἐν
811 1248 883 1297 μὲν
922 1249 1007 1287 ταῖς
1050 1247 1280 1296 ἐκκλησίαις
1319 1245 1464 1298 πράους
1504 1247 1566 1286 καὶ

237 1313 540 1366 φιλανθρώπους
576 1314 674 1364 ὑμᾶς
714 1313 855 1363 ἐθίζειν
897 1312 996 1353 εἶναι
1031 1311 1141 1364 (πρὸς
1179 1313 1254 1365 γὰρ
1292 1312 1390 1363 ὑμᾶς
1427 1311 1566 1354 αὐτοὺς

238 1381 299 1420 καὶ
327 1379 416 1422 τοὺς
445 1379 678 1433 συμμάχους
706 1381 748 1420 ἐν
777 1378 933 1421 ταύταις
965 1380 1051 1420 ἐστὶ
1082 1381 1130 1419 τὰ
1157 1376 1312 1428 δίκαια),
1341 1379 1383 1419 ἐν
1413 1381 1452 1419 δὲ
1480 1381 1565 1420 ταῖς

236 1451 501 1499 παρασκευαῖς
531 1451 616 1489 ταῖς
640 1449 707 1487 τοῦ
732 1445 908 1497 πολέμου
933 1446 1134 1498 φοβεροὺς
1165 1447 1226 1486 καὶ
1256 1444 1455 1499 χαλεποὺς
1480 1447 1563 1486 ἐπι-

237 1515 444 1555 δεικνύναι·
483 1514 579 1566 πρὸς
595 1515 669 1566 γὰρ
683 1513 773 1555 τοὺς
792 1512 956 1566 ἐχθροὺς
978 1514 1037 1553 καὶ
1053 1512 1143 1555 τοὺς
1164 1512 1402 1554 ἀντιπάλους
1419 1513 1566 1554 ἐκεῖνός

239 1580 323 1621 ἐσθ’
343 1581 461 1634 ἁγών.
522 1584 590 1621 νῦν
610 1582 650 1621 δὲ
671 1584 992 1633 δημαγωγοῦντες
1010 1581 1108 1631 ὑμᾶς
1130 1580 1192 1620 καὶ
1212 1580 1461 1633 χαριζόμενοι
1483 1579 1566 1620 καθ’

236 1648 465 1700 ὑπερβολὴν
490 1649 588 1688 οὕτω
614 1646 904 1697 διατεθήκασιν,
931 1646 1027 1687 ὥστ’
1053 1648 1095 1687 ἐν
1128 1650 1201 1698 μὲν
1225 1651 1310 1689 ταῖς
1336 1647 1566 1697 ἐκκλησίαις

236 1717 390 1768 τρυφᾶν
416 1716 478 1755 καὶ
509 1714 793 1755 κολακεύεσθαι
820 1713 948 1755 πάντα
975 1713 1070 1765 πρὸς
1098 1714 1241 1765 ἡδονὴν
1271 1714 1494 1760 ἀκούοντας,
1522 1715 1565 1754 ἐν

238 1784 279 1823 δὲ
311 1786 392 1824 τοῖς
421 1781 626 1834 πράγμασι
660 1783 722 1822 καὶ
755 1784 836 1823 τοῖς
869 1781 1117 1834 γιγνομένοις
1150 1782 1238 1833 περὶ
1269 1785 1346 1822 τῶν
1381 1779 1565 1834 ἐσχάτων

237 1848 308 1900 ἥδη
331 1849 577 1891 κινδυνεύειν.
634 1848 730 1901 φέρε
751 1850 826 1901 γὰρ
846 1848 942 1901 πρὸς
962 1850 1068 1894 Διός,
1088 1850 1120 1889 εἰ
1139 1849 1262 1902 λόγοι·
1282 1850 1380 1900 ὑμᾶς
1399 1846 1563 1899 ἀπαιτή-

239 1933 353 1957 σειαν
380 1918 414 1956 οἱ
432 1914 633 1967 ’Έλληνες
662 1916 715 1956 ὧν
745 1917 828 1957 νυνὶ
857 1915 1068 1968 παρείκατε
1099 1919 1240 1967 καιρῶν
1269 1918 1330 1956 διὰ
1358 1916 1563 1970 ῥᾳθυμίαν,

241 1983 302 2023 καὶ
336 1982 479 2034 ἔροινθ’
505 1983 615 2034 ὑμᾶς,
646 1982 805 2035 “ἄνδρες
832 1983 1046 2034 Ἀθηναῖοι,
1076 1982 1242 2034 πέμπεθ’
1269 1983 1319 2025 ὡς
1346 1983 1447 2034 ἡμᾶς
1475 1981 1563 2022 ἑκά-

240 2067 357 2090 στοτε
376 2048 581 2102 πρέσβεις,
601 2050 664 2090 καὶ
684 2050 816 2103 λέγεθ’
834 2050 883 2092 ὡς
904 2050 1156 2101 ἐπιβουλεύει
1173 2051 1373 2091 Φίλιππος
1392 2049 1483 2100 ἡμῖν
1505 2048 1566 2088 καὶ

240 2120 339 2157 πᾶσι
372 2121 454 2159 τοῖς
472 2116 664 2168 ’Έλλησα
695 2119 754 2158 καὶ
785 2117 836 2158 ὡς
866 2117 1139 2169 φυλάττεσθαι
1168 2120 1228 2158 δεῖ
1251 2116 1318 2157 τὸν
1343 2116 1563 2169 ἄνθρωπον,

283 2239 301 2259 2
326 2228 348 2261 ὧ
367 2230 477 2270 ἄνδρες
494 2233 573 2260 ante
591 2227 750 2266 Ἀθηναῖοι
773 2227 848 2258 add.
871 2227 956 2267 vulg.
976 2239 981 2258 z
1011 2238 1074 2258 om.
1097 2228 1119 2258 S
1134 2227 1168 2258 L¹
1187 2228 1248 2259 soli
1425 2239 1444 2268 5
1470 2229 1566 2269 ἔχετε

239 2271 327 2311 vulg.
347 2284 353 2302 :
379 2272 467 2313 ἕξετε
492 2273 525 2304 S.
575 2271 643 2302 Aut
669 2272 765 2312 ἔχετε
785 2298 789 2303 .
810 2295 815 2301 .
838 2295 844 2301 .
867 2272 1020 2311 ἄχθεσθαι
1046 2271 1083 2303 δέ
1105 2272 1284 2310 legendum
1308 2272 1358 2303 'cs.
1381 2274 1418 2310 ἐξ
1437 2282 1488 2311 3ο,
1507 2274 1563 2311 39Ῑ

241 2320 297 2346 aut
314 2315 393 2356 ἕξετ’
412 2340 418 2346 .
441 2340 447 2346 .
468 2340 474 2347 .
497 2317 652 2355 ἄχθεσθαι
670 2315 696 2347 δ’
716 2316 752 2347 ἄν
775 2325 849 2345 cum
869 2314 1000 2345 Blassio
1177 2316 1196 2345 8
1221 2317 1298 2355 ὑμᾶς
1317 2315 1340 2346 S
1353 2314 1410 2347 L¹:
1436 2317 1513 2355 ὑμᾶς
1532 2317 1567 2347 ἐκ

242 2362 366 2391 πολλοῦ
383 2359 472 2398 vulg.
490 2371 496 2389 :
524 2362 559 2391 ἐκ
576 2361 702 2390 πολλοῦ
720 2360 797 2398 ὑμᾶς
810 2358 907 2389 Vind.
928 2368 937 2387 1
1038 2368 1075 2397 19
1101 2358 1326 2399 e'mssemvbvat'f
1346 2358 1566 2392 ἀποδεικνύναι

243 2402 286 2432 H.
305 2402 406 2433 Wolf
535 2412 577 2432 20
603 2404 721 2434 ἐκεῖνος
741 2402 763 2431 S
778 2401 813 2431 L'
832 2413 837 2432 :
864 2403 897 2433 ἐν
916 2402 1049 2434 ἐκείναις
1066 2407 1143 2432 cett.

1585 527 1602 559 5

1588 863 1627 887 10

1589 1530 1628 1552 20

1589 1865 1626 1897 ²5
