1763 2828
125 136 236 189 1358]

190 791 228 826 55

112 1576 227 1631 [359]

185 1791 226 1828 57

687 133 1174 172 ΔΙ-ΙΜΟΣΘΕΝΟΎΣ
1507 132 1590 173 'xlx

268 238 385 278 ἄλλοι
419 241 522 280 τινὲς
556 238 592 279 οἳ
625 237 799 292 πάσχειν
835 239 965 279 ὁτιοῦν
994 239 1056 279 καὶ
1089 238 1309 289 ἀμύνεσθαι
1341 241 1423 280 δεῖν
1456 238 1590 294 ᾤοντο·

268 306 373 345 ἀλλὰ
391 307 451 346 καὶ
467 306 627 347 τούτους
642 304 842 356 μαλακοὺς
859 305 1022 355 ἐποίησε
1038 304 1082 345 τὸ
1097 305 1166 346 τὸν
1182 306 1385 346 Φίλιππον
1401 305 1592 360 ὑπάρχειν

267 372 398 414 αὐτοῖς
427 375 650 423 πεισθῆναι,
684 372 746 412 καὶ
776 371 821 412 τὸ
848 371 955 412 ταῦτ’
985 373 1019 412 εἰ
1049 371 1102 424 μὴ
1135 371 1374 423 ποιήσουσιν
1400 373 1499 423 ’ὑμᾶς
1531 373 1592 415 ἐπ’

267 439 405 481 αὐτοὺς
429 438 551 489 ἥξειν,
580 439 646 482 οὓς
670 437 892 490 βοηθήσειν
917 439 1046 481 αὐτοῖς
1071 438 1238 489 ἤλπιζον
1262 439 1416 479 ἐκεῖνοι.
1487 440 1593 481 ἀλλὰ

268 506 331 546 καὶ
368 505 605 557 μεταμέλειν
643 506 733 556 ὑμῖν
773 504 896 560 ᾤοντό
933 522 1036 548 τινες
1073 505 1351 556 πεποιημένοις
1389 505 1461 556 τὴν
1495 506 1593 559 πρὸς
1613 525 1631 557 5

267 573 471 613 Φίλιππον
505 571 675 624 εἰρήνην·
713 572 867 614 τούτοις
903 573 962 612 ὅτι
997 573 1058 612 καὶ
1091 575 1172 614 τοῖς
1207 572 1388 624 ἐγγόνοις
1420 572 1491 623 τὴν
1525 573 1591 614 αὐ-

264 638 336 689 τὴν
373 637 630 691 ἐψηφίσασθ’
665 637 882 689 ἐπέδειξαν,
920 639 1024 679 ὥστε
1061 644 1245 695 πανταχῇ
1279 640 1326 678 τὰ
1362 638 1452 691 παρ’
1484 641 1594 691 ὑμῶν

264 706 586 758 ἀπογνωσθῆναι.
660 706 795 756 διόπερ
820 709 942 745 ταῦτα
966 705 1079 746 πάντ’
1104 707 1160 746 εἰς
1185 705 1226 745 ἓν
1250 705 1451 758 ψήφισμα
1475 723 1591 747 συνε-

264 772 477 812 σκεύασαν.
551 771 571 812 ὃ
599 772 661 812 καὶ
691 770 883 824 μέγιστον
908 772 1043 824 ἔμοιγε
1074 774 1260 812 δοκοῦσιν
1284 771 1470 813 ἁπάντων
1494 774 1594 824 ὑμᾶς

262 838 498 889 ἠδικηκέναι·
537 838 582 878 τὸ
601 840 677 891 γὰρ
699 838 795 891 πρὸς
821 837 944 890 ἄνδρα
970 838 1111 888 θνητὸν
1134 840 1195 878 καὶ
1222 840 1285 878 διὰ
1310 839 1467 891 καιρούς
1485 856 1594 882 τινας
1615 856 1655 878 10

263 906 455 958 ἰσχύοντα
480 905 710 957 γράφοντας
743 903 900 957 εἰρήνην
926 904 1122 945 ἀθάνατον
1154 904 1371 945 συνθέσθαι
1401 905 1472 955 τὴν
1499 907 1595 946 κατὰ

260 974 329 1022 τῆς
348 973 503 1014 πόλεως
522 972 732 1026 αἰσχύνην,
758 972 819 1011 καὶ
840 972 1114 1023 ἀποστερῆσαι
1134 971 1183 1022 μὴ
1204 971 1328 1022 μόνον
1345 975 1423 1012 τῶν
1442 971 1591 1018 ἄλλων,

261 1040 367 1079 ἀλλὰ
398 1040 458 1080 καὶ
491 1043 569 1079 τῶν
600 1041 704 1091 παρὰ
739 1040 807 1089 τῆς
835 1038 958 1092 τύχης
993 1038 1228 1091 εὐεργεσιῶν
1261 1037 1333 1088 τὴν
1362 1039 1495 1084 πόλιν,
1530 1039 1594 1079 καὶ

260 1106 436 1162 τοσαύτῃ
454 1106 662 1160 περιουσίᾳ
687 1104 921 1159 χρήσασθαι
942 1107 1131 1157 πονηρίας
1157 1105 1262 1146 ὥστε
1285 1104 1338 1155 μὴ
1363 1105 1486 1156 μόνον
1505 1105 1595 1147 τοὺς

259 1174 376 1215 ὄντας
404 1173 650 1224 Ἀθηναίους,
683 1173 790 1212 ἀλλὰ
827 1173 889 1212 καὶ
922 1172 1010 1214 τοὺς
1043 1173 1210 1223 ὕστερόν
1243 1188 1339 1212 ποτε
1370 1171 1595 1222 μέλλοντας
1617 1189 1654 1222 15

259 1240 426 1280 ἔσεσθαι
450 1239 599 1282 πάντας
624 1238 862 1290 ἠδικηκέναι,
891 1242 974 1281 πῶς
999 1239 1089 1292 οὐχὶ
1109 1238 1317 1280 πάνδεινόν
1338 1239 1443 1285 ἐστι,·
1481 1242 1595 1279 τοῦτο

259 1307 390 1347 τοίνυν
421 1306 600 1347 οὐδέποθ’
631 1307 740 1358 ὑμεῖς
770 1305 997 1357 ὑπεμείνατ’
1026 1305 1074 1346 ἂν
1105 1302 1301 1358 [ὕστερον]
1331 1304 1594 1358 προσγράψαι

258 1373 354 1425 πρὸς
385 1373 457 1423 τὴν
490 1372 660 1425 εἰρήνην,
696 1373 741 1413 τὸ
780 1373 841 1413 καὶ
880 1376 961 1414 τοῖς
999 1373 1190 1425 ἐγγόνοις,
1229 1373 1262 1412 εἰ
1296 1371 1349 1423 μὴ
1381 1376 1466 1414 ταῖς
1502 1371 1594 1424 παρ’

259 1441 455 1493 Αἰσχίνου
485 1441 691 1492 ῥηθείσαις
719 1439 997 1493 ὑποσχέσεσιν
1027 1439 1108 1479 τότ’
1140 1439 1418 1485 ἐπιστεύσατε,
1449 1439 1594 1491 αἷσπερ

260 1508 295 1547 οἱ
335 1510 487 1549 Φωκεῖς
526 1507 813 1548 πιστεύσαντες
858 1507 1078 1547 ἀπώλοντο.
1153 1506 1214 1546 καὶ
1252 1505 1327 1557 γάρ
1366 1522 1427 1546 τοι
1466 1522 1592 1557 παρα·
1615 1521 1654 1543 20

260 1574 393 1615 δόντες
418 1573 556 1616 αὐτοὺς
577 1574 765 1627 Φιλίππῳ
787 1574 849 1613 καὶ
871 1574 1028 1615 ἑκόντες
1049 1574 1349 1626 ἐγχειρίσαντες
1368 1573 1504 1627 ἐκείνῳ
1523 1574 1593 1614 τὰς

259 1641 396 1683 πόλεις
422 1639 607 1681 ἁπάντων
627 1642 705 1680 τῶν
726 1640 916 1680 ἐναντίων
937 1640 992 1680 ὧν
1014 1639 1110 1691 πρὸς
1128 1640 1228 1690 ὑμᾶς
1247 1638 1359 1681 οὗτος
1379 1637 1591 1691 ἀπήγγειλ’

259 1707 413 1761 ἔτυχον.

318 1773 408 1815 Ἵνα
444 1773 476 1813 δ’
512 1774 639 1824 εἰδῆτε
678 1776 819 1825 σαφῶς
857 1774 917 1814 ὅτι
954 1772 1060 1813 ταῦθ’
1094 1774 1194 1813 οὕτω
1232 1773 1295 1814 καὶ
1332 1774 1396 1813 διὰ
1432 1771 1592 1815 τούτους

258 1841 457 1887 ἀπόλωλε,
495 1840 585 1882 τοὺς
622 1840 789 1894 χρόνους
826 1841 916 1891 ὑμῖν
951 1843 1160 1892 λογιοῦμαι
1198 1838 1282 1879 καθ’
1318 1839 1384 1881 οὓς
1421 1838 1592 1892 ἐγίγνεθ’
1614 1856 1652 1887 25

258 1907 419 1948 ἕκαστα.
493 1907 581 1959 περὶ
611 1908 666 1947 ὧν
696 1907 729 1946 δ’
760 1907 806 1948 ἄν
836 1924 894 1949 τις
927 1906 1116 1963 ἀντιλέγῃ
1148 1907 1309 1952 τούτων,
1341 1906 1517 1948 ἀναστὰς
1548 1908 1592 1947 ἐν

257 1978 311 2029 τῷ
337 1976 415 2029 ἐμῷ
439 1974 550 2015 ὕδατι
579 1973 738 2014 εἰπάτω.
798 1973 821 2024 ἡ
847 1976 919 2025 μὲν
943 1975 1073 2014 τοίνυν
1099 1972 1230 2026 εἰρήνη
1257 1975 1590 2026 ἐλαφηβολιῶνος

259 2040 375 2097 ἐνάτῃ
409 2041 473 2081 ἐπὶ
508 2040 601 2082 δέκα
636 2039 808 2092 ἐγένετο,
845 2040 1156 2091 ἀπεδημήσαμεν
1190 2039 1223 2080 δ’
1256 2040 1367 2091 ἡμεῖς
1404 2039 1468 2081 ἐπὶ
1500 2038 1591 2082 τοὺς

257 2108 394 2159 ὅρκους
425 2111 528 2160 τρεῖς
564 2109 688 2158 μῆνας
718 2108 847 2149 ὅλους·
889 2107 950 2147 καὶ
984 2111 1123 2148 τοῦτον
1155 2105 1310 2147 ἅπαντα
1342 2105 1411 2147 τὸν
1443 2106 1590 2159 χρόνον

257 2173 361 2224 ἦσαν
385 2176 421 2215 οἱ
449 2177 601 2216 Φωκεῖς
627 2176 737 2228 σῷοι.
809 2173 953 2224 ἥκομεν
979 2176 1021 2214 δὲ
1051 2172 1152 2226 δεῦρ’
1178 2172 1255 2214 ἀπὸ
1280 2175 1347 2223 τῆς
1372 2173 1590 2224 πρεσβείας
1610 2188 1651 2220 30

302 2284 323 2312 6
347 2283 495 2324 ἐγγόνοις
515 2282 538 2313 S
551 2282 577 2312 L
595 2282 705 2321 vulg.:
731 2281 875 2322 ἐκγόνοις
892 2282 949 2320 aL,
967 2283 1014 2313 sic
1033 2282 1092 2313 inf.
1115 2283 1164 2321 18,
1182 2282 1223 2313 cs.
1244 2284 1259 2319 ξ
1279 2283 1321 2320 48
1441 2282 1462 2312 8
1485 2285 1590 2315 ταῦτα

257 2329 365 2358 πάντα
380 2326 467 2365 vulg.
486 2336 493 2355 z
518 2325 645 2358 ἅπαντα
660 2327 763 2357 ταῦτα
781 2325 804 2355 S
817 2325 842 2355 L
854 2324 885 2354 Y
1007 2324 1094 2357 οὗτοι
1111 2330 1190 2356 ante
1208 2324 1448 2357 συνεσκεύασαν
1463 2326 1538 2356 add.
1561 2326 1588 2356 L

258 2370 347 2407 vulg.
367 2380 373 2399 :
397 2379 462 2400 om.
484 2368 562 2399 S¹A
680 2378 720 2398 12
742 2368 826 2410 παρὰ
843 2371 907 2400 τῶν
924 2374 1002 2399 ante
1021 2370 1130 2402 ἄλλων
1147 2369 1222 2400 add.
1242 2368 1332 2407 vulg.
1352 2379 1358 2399 :
1383 2378 1446 2400 om.
1469 2368 1492 2398 S
1506 2368 1541 2398 L'
1556 2369 1587 2399 A

263 2423 297 2451 ¹7
324 2415 457 2451 ὕστερον
474 2412 553 2443 secl.
572 2411 664 2442 Weil
