1763 2828
129 95 215 151 [62]

174 416 220 443 22

130 1068 220 1124 [63]

180 1418 223 1452 24

674 95 1157 133 ΔΗΜΟΣΘΕΝΟΎΣ
1529 91 1570 145 [ν

248 198 367 249 δόξαν
399 200 606 253 αἴσχιστα·
658 200 691 240 εἰ
726 201 799 252 γὰρ
833 199 884 250 μὴ
919 201 1096 252 παρῆλθε
1129 200 1342 246 Φίλιππος,
1380 198 1492 240 οὐδὲν
1524 198 1573 241 ἂν

247 267 379 309 αὐτοῖς
406 265 540 318 κέρδος
569 266 682 308 εἶναι.
753 270 875 306 ταῦτα
918 265 950 306 δ’
989 266 1055 306 οὐκ
1100 265 1332 317 ἐβούλοντο,
1371 267 1477 306 ἀλλὰ
1518 271 1571 322 τῷ

248 333 316 375 τὸν
350 333 597 388 Ὀρχομενὸν
632 333 693 374 καὶ
725 333 796 384 τὴν
832 333 1055 385 Κορώνειαν
1091 335 1237 384 λαβεῖν
1270 334 1484 384 ἐπιθυμεῖν,
1519 333 1572 385 μὴ

249 400 441 442 δύνασθαι
482 400 537 447 δέ,
581 400 710 442 πάντα
751 400 860 440 ταῦθ’
899 399 1125 451 ὑπέμειναν.
1197 400 1400 440 Φίλιππον
1441 401 1573 442 τοίνυν

249 470 354 510 τινὲς
376 470 446 519 μὲν
472 466 596 519 δήπου
619 471 800 518 τολμῶσι
824 466 959 520 λέγειν
979 467 1030 509 ὡς
1056 466 1134 508 οὐδ’
1161 466 1355 518 ἐβούλετο
1376 467 1574 518 Θηβαίοις
1594 485 1612 517 5

251 534 498 588 Ὀρχομενὸν
537 534 601 575 καὶ
639 535 864 586 Κορώνειαν
904 536 1155 586 παραδοῦναι,
1199 533 1290 574 ἀλλ’
1326 532 1573 586 ἠναγκάσθη·

252 602 330 654 ἐγὼ
363 604 404 642 δὲ
436 601 587 643 τούτοις
619 602 691 653 μὲν
725 602 923 654 ἐρρῶσθαι
952 600 1073 654 λέγω,
1108 602 1235 642 ἐκεῖνο
1266 600 1298 641 δ’
1325 600 1411 647 οἶδ’,
1438 601 1499 641 ὅτι
1531 600 1576 641 οὐ

251 668 406 720 μᾶλλόν
439 685 484 720 γε
517 667 623 708 ταῦτ’
650 668 757 719 ἔμελ’
784 669 885 724 αὐτῷ
910 665 933 719 ἢ
959 670 1028 711 τὰς
1053 668 1245 720 παρόδους
1278 671 1423 719 λαβεῖν
1455 667 1572 718 ἐβού-

251 741 344 776 λετο
372 736 432 775 καὶ
457 734 529 785 τὴν
554 734 672 786 δόξαν
697 738 764 775 τοῦ
788 734 963 787 πολέμου
987 739 1056 776 τοῦ
1081 738 1209 777 δοκεῖν
1236 734 1283 776 δι’
1303 734 1421 776 αὑτὸν
1447 735 1576 787 κρίσιν

254 801 473 854 εἰληφέναι,
503 802 565 842 καὶ
597 804 645 842 τὰ
671 802 802 842 Πύθια
836 804 961 844 θεῖναι
992 802 1040 843 δι’
1068 804 1197 849 αὑτοῦ,
1226 803 1288 843 καὶ
1320 801 1425 842 ταῦτ’
1451 801 1498 853 ἦν
1522 803 1577 843 ὧν
1600 819 1638 842 ιο

251 868 413 919 μάλιστ’
439 869 636 922 ἐγλίχετο.
699 869 897 909 Θετταλοὶ
922 868 965 910 δέ
990 869 1026 922 γ’
1046 868 1216 922 οὐδέτερ’
1242 869 1462 920 ἐβούλοντο
1487 869 1574 910 τού-

253 953 341 982 των,
378 936 465 977 οὔτε
500 937 708 986 Θηβαίους
742 936 830 976 οὔτε
867 936 935 976 τὸν
968 938 1174 977 Φίλιππον
1207 935 1333 988 μέγαν
1369 937 1579 988 γίγνεσθαι

250 1002 384 1054 (ταῦτα
409 1004 483 1055 γὰρ
510 1001 623 1043 πάντ’
649 1002 714 1055 ἐφ’
741 1002 900 1045 ἑαυτοὺς
924 1002 1119 1055 ἡγοῦντο),
1146 1006 1215 1053 τῆς
1240 1003 1409 1044 πυλαίας
1429 1002 1462 1042 δ’
1488 1004 1576 1044 ἐπε-

253 1069 398 1120 θύμουν
429 1070 491 1110 καὶ
520 1074 598 1110 τῶν
629 1071 669 1109 ἐν
697 1073 891 1122 Δελφοῖς,
919 1069 1274 1121 πλεονεκτημάτων
1308 1073 1428 1116 δυοῖν,
1458 1069 1579 1121 κύριοι

253 1135 452 1188 γενέσθαι·
495 1141 547 1191 τῷ
587 1139 628 1177 δὲ
667 1136 815 1177 τούτων
854 1137 1069 1190 γλίχεσθαι
1107 1136 1199 1178 τάδε
1239 1135 1578 1189 συγκατέπραξαν.
1603 1153 1640 1185 15

254 1207 332 1243 τῶν
357 1204 486 1244 τοίνυν
513 1204 621 1244 ἰδίων
647 1203 751 1257 ἕνεχ’
778 1202 957 1255 εὑρήσεθ’
979 1204 1147 1244 ἕκαστον
1172 1205 1306 1244 πολλὰ
1332 1202 1580 1256 προηγμένον

255 1271 307 1310 ὧν
352 1271 464 1310 οὐδὲν
507 1271 701 1320 ἐβούλετο
745 1270 900 1322 πρᾶξαι.
973 1274 1089 1311 τοῦτο
1131 1270 1280 1322 μέντοι,
1324 1270 1426 1311 τοῦτ’
1468 1270 1580 1311 ἔστιν

256 1337 479 1388 φυλακτέον
506 1337 609 1387 ἡμῖν.

320 1405 382 1444 Τὰ
406 1404 630 1454 κελευόμεν’
656 1405 756 1455 ἡμᾶς
785 1403 860 1456 ἄρα
889 1408 950 1445 δεῖ
982 1408 1108 1445 ποιεῖν
1139 1409 1259 1445 ταῦτα
1285 1404 1578 1456 φοβουμένους;

257 1471 319 1511 καὶ
346 1471 396 1511 σὺ
420 1474 540 1511 ταῦτα
566 1471 756 1517 κελεύεις;
796 1475 948 1512 πολλοῦ
981 1489 1026 1523 γε
1053 1472 1114 1512 καὶ
1139 1471 1226 1512 δέω.
1299 1471 1390 1511 ἀλλ’
1417 1471 1468 1513 ὡς
1493 1472 1582 1513 οὔτε
1604 1486 1643 1508 20

257 1536 456 1590 πράξομεν
490 1538 603 1578 οὐδὲν
637 1536 797 1588 ἀνάξιον
830 1538 938 1589 ἡμῶν
972 1538 1099 1579 αὐτῶν
1132 1538 1212 1579 οὔτ’
1245 1539 1359 1579 ἔσται
1392 1539 1579 1589 πόλεμος,

257 1608 347 1646 νοῦν
380 1607 421 1646 δὲ
456 1604 621 1656 δόξομεν
654 1608 777 1646 πᾶσιν
811 1605 919 1658 ἔχειν
954 1606 1015 1646 καὶ
1048 1607 1096 1645 τὰ
1132 1608 1261 1646 δίκαια
1295 1605 1442 1658 λέγειν,
1477 1605 1580 1646 τοῦτ’

258 1672 364 1722 οἶμαι
412 1674 492 1712 δεῖν
534 1676 673 1713 ποιεῖν.
745 1672 840 1723 πρὸς
881 1675 923 1713 δὲ
965 1673 1054 1714 τοὺς
1103 1672 1281 1725 θρασέως
1324 1673 1453 1713 ὁτιοῦν
1501 1674 1579 1713 οἰο-

256 1737 397 1790 μένους
426 1739 630 1789 ὑπομεῖναι
664 1742 745 1780 δεῖν
779 1741 841 1779 καὶ
874 1740 925 1790 μὴ
962 1740 1259 1793 προορωμένους
1292 1740 1360 1780 τὸν
1392 1740 1580 1791 πόλεμον,

257 1806 387 1847 ἐκεῖνα
411 1806 610 1856 βούλομαι
635 1808 892 1859 λογίσασθαι.
954 1807 1064 1857 ἡμεῖς
1090 1809 1299 1858 Θηβαίους
1324 1808 1449 1858 ἐῶμεν
1475 1806 1584 1861 ἔχειν
1607 1821 1643 1853 25

257 1871 456 1925 Ὠρωπόν·
495 1874 556 1913 καὶ
592 1875 627 1913 εἴ
657 1890 714 1914 τις
748 1874 865 1925 ἔροιθ’
891 1874 1003 1924 ἡμᾶς,
1037 1874 1226 1916 κελεύσας
1260 1875 1384 1915 εἰπεῖν
1416 1874 1581 1924 τάληθῆ,

298 1994 317 2014 2
341 1983 419 2015 vide
436 1982 644 2023 Corrigenda
744 1992 763 2022 5
788 1982 852 2015 οὐδ’
872 1982 895 2014 S
910 1982 993 2014 FB:
1020 1985 1075 2016 οὐκ
1092 1984 1181 2024 vulg.
1282 1985 1302 2015 8
1327 1983 1441 2024 ἔμελεν
1459 1981 1588 2014 SAY:

256 2028 394 2067 ἔμελλεν
409 2026 497 2067 vulg.
653 2037 674 2066 9
697 2028 755 2058 τοῦ
773 2029 878 2058 δοκεῖν
894 2027 1002 2064 codd„
1022 2028 1061 2058 cf.
1081 2028 1137 2057 xiv
1157 2038 1169 2057 1
1186 2038 1192 2058 t
1217 2028 1256 2060 τὸ
1273 2030 1379 2060 δοκεῖν
1396 2027 1494 2058 Blass
1512 2025 1586 2057 coll.

254 2071 322 2101 xxii
341 2081 381 2110 74
484 2080 523 2110 13
549 2070 627 2102 εἶναι
644 2074 721 2109 post
737 2071 877 2111 ἡγοῦντο
896 2071 971 2101 add.
987 2071 1096 2110 vulg:
1121 2081 1186 2103 om.
1207 2071 1231 2102 S
1251 2071 1331 2111 Pap.
1437 2071 1475 2100 16
1500 2067 1588 2110 ἕνεχ’

252 2117 402 2158 εὑρήσετε
422 2116 560 2149 ἕκαστον
579 2116 602 2147 S
615 2116 647 2146 A
659 2116 689 2146 Y
705 2127 712 2146 :
737 2117 831 2149 ἕνεκα
848 2118 987 2150 ἕκαστον
1004 2119 1158 2160 εὑρήσετε
1175 2117 1265 2157 vulg.
1380 2119 1423 2150 εἷς
1439 2118 1482 2150 τὰ
1497 2122 1578 2148 ante

250 2161 360 2192 πολλὰ
384 2161 459 2191 add.
487 2160 600 2199 vulg:
634 2171 697 2190 om.
724 2160 831 2190 SAY
1001 2172 1037 2201 17
1069 2161 1179 2202 μέντοι
1203 2162 1290 2193 τοῦτ’
1317 2161 1510 2199 Rehdantz,
1537 2160 1577 2191 cf.

252 2203 406 2234 Prooem.
428 2214 481 2243 29,
499 2203 638 2234 Al‘istid.
660 2204 669 2233 i
687 2204 773 2243 589:
796 2203 907 2243 μέντοι
928 2204 1000 2242 (μέν
1024 2219 1074 2237 τοι
1098 2215 1146 2244 pr.
1166 2204 1224 2245 m.)
1244 2206 1293 2236 ὅτι
1316 2205 1405 2236 τοῦτ’
1424 2204 1448 2235 S
1466 2205 1576 2235 solus:

251 2245 361 2285 μέντοι
387 2248 436 2279 ὅτι
461 2249 609 2279 τοιοῦτον
635 2247 687 2277 B:
718 2246 777 2286 μὲν
801 2248 910 2279 τοίνυν
933 2249 983 2279 ὅτι
1008 2251 1156 2280 τοιοῦτον
1180 2248 1268 2287 vulg.
1397 2258 1438 2278 22
1470 2247 1504 2280 δὲ
1531 2248 1577 2278 S:

252 2303 287 2321 τε
313 2295 390 2320 cett.
514 2301 554 2329 23
587 2293 654 2322 δεῖν
677 2293 779 2322 ποιεῖν
805 2291 851 2322 S:
884 2291 998 2331 δείξειν
1022 2292 1135 2330 vulg.:
1167 2294 1264 2332 δεῖξαι
1288 2291 1319 2321 Λ
1409 2292 1472 2323 οὐδ’
1497 2296 1577 2322 ante

252 2334 359 2366 ὁτιοῦν
376 2333 451 2365 add.
473 2333 580 2364 Cobet
602 2336 679 2365 sort.
701 2339 792 2364 recte
922 2345 962 2372 24
988 2337 1151 2374 ὑπομεῖναι
1169 2335 1192 2366 S
1206 2335 1237 2365 A
1254 2346 1259 2364 :
1286 2334 1454 2373 ὑπομένειν
1471 2335 1559 2373 vulg.
