1763 2828
706 133 1118 176 PRAEFATIO

241 261 485 301 perversam
528 247 903 302 interpretantium
946 262 995 289 ac
1038 261 1172 302 paene
1211 248 1456 290 constitisse
1494 262 1574 301 pu-

240 318 421 358 tandum
438 323 523 367 est;
556 331 643 370 quo
660 317 765 371 quid
781 318 922 371 potuit
940 318 1196 372 insperatius
1213 318 1410 359 evenire?
1453 317 1573 371 Quid

239 400 340 428 vero
385 386 668 440 interpolator
705 386 786 435 ille,
819 387 1085 440 Byzantinus
1124 387 1409 441 magistellus‚
1441 401 1569 441 quem

239 456 573 509 exagitaverunt
615 456 783 497 critici?
867 457 953 497 Hic
996 470 1169 510 quoque
1215 457 1249 496 si
1295 470 1380 497 non
1427 457 1573 497 insons

240 525 506 577 iudicandus,
531 532 577 566 at
610 538 694 566 non
720 526 877 580 capitis
908 527 1193 567 damnandus.
1258 527 1383 567 Idem
1415 527 1573 567 docent

238 594 421 636 aliorum
449 595 706 648 scriptorum
741 595 986 649 fragmenta
1019 609 1265 649 papyracea
1296 596 1363 636 vel
1396 594 1569 636 infimae

238 664 393 705 aetatis
415 664 610 705 homines
632 665 747 706 haud
772 665 1048 719 indiligenter
1070 666 1233 707 tradita
1254 678 1538 706 conservasse.

298 732 579 774 Habemusne
599 734 681 774 alia
699 734 753 774 ad
768 740 943 775 textum
964 735 1273 775 recensendum
1288 734 1565 781 adminicula,

237 816 310 842 eos
332 816 442 855 quos
462 802 529 843 vel
554 803 744 844 rhetores
767 804 1007 845 citaverunt
1040 805 1156 845 locos
1188 804 1256 844 vel
1290 804 1446 845 imitati
1471 811 1568 844 sunt

237 871 489 925 sophistae?
552 872 646 913 Has
676 873 789 913 enim
822 874 1055 915 memoriae
1080 873 1450 914 Demosthenicae
1474 873 1570 914 reli-

238 940 362 993 quias
395 940 619 982 undelibet
651 942 811 994 petitas
842 942 1091 983 admirabili
1125 956 1227 982 cura
1264 956 1314 983 ac
1347 943 1573 995 diligentia

238 1009 423 1063 conlegit
466 1010 601 1050 Blass.
678 1010 744 1051 At
786 1025 936 1052 vereor
977 1026 1029 1052 ne
1073 1012 1111 1052 in
1155 1026 1197 1052 re
1239 1011 1364 1052 nimis
1409 1011 1570 1053 lubrica

237 1085 430 1120 versatus
452 1079 507 1120 sit
529 1080 592 1120 vir
618 1080 924 1131 doctissimus;
957 1094 1057 1121 nam
1083 1080 1188 1121 illud
1212 1081 1401 1135 primum
1435 1094 1568 1134 quae-

238 1149 417 1189 rendum
461 1147 677 1190 librumne
719 1157 819 1190 ante
872 1150 1018 1191 oculos
1072 1150 1214 1191 rhetor
1265 1150 1463 1191 habuerit
1515 1164 1570 1191 an

238 1216 381 1258 locum
401 1218 655 1258 memoriter
672 1218 888 1267 citaverit3
911 1219 1076 1272 antiqui
1095 1220 1209 1260 enim
1225 1219 1356 1273 paulo
1372 1218 1570 1260 liberiore

237 1286 468 1328 utebantur
487 1287 648 1328 citandi
665 1301 834 1341 genere,
846 1288 1082 1329 memoriae
1101 1289 1239 1342 magis
1255 1302 1386 1342 quam
1400 1289 1570 1343 scriptis

238 1355 384 1396 confisi
402 1355 427 1398 ¹.
491 1355 568 1397 Sin
606 1357 934 1411 autem—quod
972 1371 1146 1410 perraro
1178 1357 1567 1412 fit---exploratum

236 1425 417 1466 habebis
451 1440 508 1466 ex
537 1426 647 1466 libro
678 1427 808 1467 verba
842 1426 934 1480 ipsa
967 1440 1058 1467 esse
1089 1427 1320 1480 exscripta,
1355 1441 1482 1480 porro
1515 1429 1568 1469 de

237 1493 347 1534 libro
381 1494 521 1548 qualis
550 1494 676 1535 fuerit
709 1502 852 1550 potest
880 1495 1074 1548 ambigi3
1107 1510 1206 1537 nam
1236 1495 1302 1537 vel
1333 1496 1567 1537 deterrima

236 1563 505 1617 exemplaria
543 1564 626 1604 iam
666 1572 759 1606 tum
796 1565 837 1604 in
871 1565 1071 1605 manibus
1106 1571 1238 1606 erant.
1304 1565 1488 1606 Accedit
1520 1572 1566 1606 ut

237 1632 354 1673 locus
378 1633 493 1673 idem
516 1633 583 1673 bis
603 1635 670 1674 vel
701 1634 871 1688 saepius
897 1634 952 1675 ab
979 1635 1133 1675 eodem
1164 1635 1321 1674 citatus
1349 1635 1564 1675 diversam

236 1702 421 1744 formam
465 1704 628 1754 induat,
670 1705 758 1744 sive
800 1704 973 1745 citantis
1014 1717 1155 1744 errore
1195 1704 1284 1744 sive
1327 1703 1564 1745 fluctuante

234 1772 434 1813 codicum
478 1772 674 1823 lectione,
721 1772 830 1814 sicut
878 1773 1143 1827 Philippicae
1188 1773 1340 1814 tertiae
1392 1773 1562 1814 initium

232 1847 387 1894 quater
409 1856 433 1881 a
464 1842 678 1895 Dionysio
703 1842 1078 1883 Halicarnassensi
1102 1842 1283 1882 citatum
1306 1849 1371 1884 ter
1399 1843 1566 1884 diverse

234 1910 398 1964 legitur.
462 1911 596 1951 Aliud
627 1925 802 1965 quoque
834 1919 899 1952 est
930 1913 970 1952 in
1000 1925 1087 1965 quo
1119 1912 1206 1952 iure
1233 1912 1423 1963 haereas
1446 1913 1562 1966 quod

231 1980 286 2020 ad
338 1980 646 2022 Demosthenis
709 1988 884 2022 textum
945 1981 1077 2034 vulgo
1129 1988 1349 2035 receptum
1413 1981 1561 2035 refingi

231 2048 399 2090 solebat
443 2056 485 2091 et
527 2050 859 2091 adcommodari
904 2051 1087 2092 rhetoris
1129 2057 1278 2092 textus
1314 2051 1387 2104 qui
1429 2051 1562 2093 citata

230 2118 424 2160 exhibet.
488 2118 659 2171 Quodsi
682 2120 852 2173 parcior
870 2134 926 2160 ex
949 2120 1015 2160 his
1038 2119 1202 2162 fructus
1220 2126 1363 2173 potest
1385 2121 1561 2174 percipi,

233 2187 371 2228 multo
395 2189 535 2228 minus
564 2190 804 2230 adiumenti
837 2189 999 2230 habent
1030 2191 1247 2231 orationes
1280 2189 1378 2230 illae
1403 2191 1561 2243 quibus

229 2257 458 2310 Aristides,
492 2257 713 2309 Libanius,
738 2258 930 2299 Isidorus
963 2259 1182 2300 Pelusiota
1216 2257 1559 2301 Demosthenem

273 2370 283 2390 ¹
310 2370 360 2401 Cf.
374 2370 511 2402 Aristid.
531 2371 563 2401 ii.
577 2372 642 2409 516
660 2370 795 2410 xDind.)
814 2371 870 2410 qui
889 2372 993 2402 citato
1011 2371 1084 2402 loco
1100 2381 1147 2402 or.
1160 2371 1239 2401 xviii
1257 2381 1318 2401 222
1335 2371 1426 2402 addit
1443 2370 1561 2402 οὑτωσί

231 2423 300 2446 mus·
327 2415 363 2445 οὐ
381 2413 442 2454 ’γὰρ
457 2414 592 2455 ἀκριβῶς
607 2413 766 2455 μέμνημαι
785 2414 824 2445 τὰ
841 2414 979 2455 ῥήματα.

874 2482 919 2504 xn
