1763 2828
109 137 222 191 [248]

108 373 226 429 [249]

180 722 224 758 73

182 1442 228 1477 74

111 1754 275 1810 [250]

184 1924 227 1962 75

680 140 761 177 ΔΗ
775 139 1168 177 ΜΟΣΘΕΝΟΎΣ
1461 135 1583 190 [xvm

256 239 476 293 ἀδικήματα
495 241 609 283 πάνθ’
629 243 653 283 ἃ
673 242 891 295 πέπρακται
911 243 973 284 καὶ
992 241 1235 295 ἁμαρτήματ’
1254 242 1342 294 ε’μά.
1401 244 1435 284 εἶ
1454 242 1486 283 δ’
1507 243 1586 285 ἔδει

257 310 344 350 τινὰ
372 309 521 350 τούτων
552 309 729 360 κωλυτὴν
754 313 940 362 φανῆναι,
967 309 1040 350 τίν’
1065 309 1192 350 ἄλλον
1220 306 1243 360 ἢ
1273 309 1343 351 τὸν
1366 308 1585 361 Ἀθηναίων

258 378 381 427 δῆμον
411 379 586 428 προσῆκε
617 376 823 429 γενέσθαι;
862 380 982 417 ταῦτα
1011 378 1143 417 τοίνυν
1174 377 1458 427 ἐπολιτευόμην
1493 377 1583 429 ἐγώ,

258 443 320 483 καὶ
350 444 449 495 ὁρῶν
476 445 837 495 καταδουλούμενον
864 443 1013 486 πάντας
1038 443 1266 496 ἀνθρώπους
1292 444 1442 484 ἐκεῖνον
1466 443 1583 494 ἠναν-

254 510 428 561 τιούμην,
452 511 513 551 καὶ
533 510 741 563 προλέγων
762 512 824 552 καὶ
844 510 1041 552 διδάσκων
1065 510 1117 561 μὴ
1137 510 1346 563 προΐεσθαι
1370 509 1584 551 διετέλουν.

257 577 318 618 καὶ
342 576 419 628 μὴν
444 577 515 627 τὴν
540 576 696 629 εἰρήνην
721 577 757 630 γ’
784 579 931 621 ἐκεῖνος
963 578 1083 619 ἔλυσε
1108 579 1156 617 τὰ
1182 581 1304 618 πλοῖα
1332 577 1486 628 λαβών,
1513 577 1585 631 οὐχ

254 643 277 694 ἡ
304 644 432 690 πόλις,
461 644 648 697 Αἰσχίνη.

322 710 426 763 Φέρε
456 710 488 749 δ’
515 711 611 750 αὐτὰ
640 712 688 750 τῖι
712 712 962 764 ψηφίσματα
994 712 1056 752 καὶ
1081 711 1152 761 τὴν
1179 711 1397 762 ἐπιστολὴν
1422 710 1494 761 τὴν
1518 714 1587 751 τοῦ

256 778 473 823 Φιλίππου,
496 778 559 818 καὶ
583 776 671 829 λέγ’
692 777 850 830 ἐφεξῆς·
889 778 965 820 ἀπὸ
987 780 1062 830 γὰρ
1081 778 1230 819 τούτων
1249 779 1307 821 τίς
1332 779 1438 821 τίνος
1463 778 1586 820 αἴτιός

256 845 343 885 ἐστι
368 842 580 896 γενήσεται
605 845 791 897 φανερόν.

822 941 1022 971 ΨΗΦΙΣΜΑ.

309 994 407 1047 [Ἐπὶ
445 999 622 1049 ἄρχοντος
662 999 881 1044 Νεοκλέους,
920 1000 1034 1049 μηνὸς
1077 997 1366 1048 βοηδρομιῶνος,
1408 1000 1589 1048 ἐκκλησία

254 1052 467 1103 σύγκλητος
486 1053 558 1091 ὑπὸ
582 1056 812 1105 στρατηγῶν,
833 1055 1031 1103 Εὔβουλος
1052 1053 1270 1102 Μνησιθέου
1292 1053 1456 1102 Κόπριος
1476 1052 1586 1091 εἶπεν·

255 1106 379 1155 ἐπειδὴ
398 1107 680 1158 προσήγγειλαν
695 1110 729 1146 οἱ
744 1108 949 1160 στρατηγοὶ
970 1110 1008 1147 ἐν
1023 1110 1069 1158 τῇ
1089 1108 1271 1158 ἐκκλησία
1291 1109 1337 1147 ὡς
1357 1108 1427 1156 ἄρα
1447 1107 1589 1145 Λεωδά-

255 1178 375 1210 μαντα
407 1162 471 1199 τὸν
505 1162 688 1212 ναύαρχον
722 1162 782 1200 καὶ
819 1163 865 1200 τὰ
902 1161 980 1212 μετ’
1015 1164 1126 1201 αὐτοῦ
1161 1162 1423 1200 ἀποσταλέντα
1456 1162 1588 1210 σκάφη

257 1215 374 1253 εἴκοσι
402 1216 460 1253 ἐπὶ
484 1216 550 1264 τὴν
569 1219 634 1254 τοῦ
658 1217 764 1254 σίτου
790 1217 1045 1266 παραπομπὴν
1071 1219 1119 1257 εἷς
1142 1215 1429 1265 Ἑλλήσποντον
1449 1217 1468 1253 ὁ
1488 1217 1588 1265 παρὰ

255 1270 445 1308 Φιλίππου
465 1272 675 1322 στρατηγὸς
694 1270 877 1320 Ἀμύντας
899 1272 1129 1323 καταγήοχεν
1150 1273 1199 1311 εἷς
1219 1270 1451 1309 Μακεδονίαν
1471 1271 1531 1309 καὶ
1551 1274 1589 1309 ἐν

257 1327 409 1374 φυλακῇ
437 1324 521 1375 ἔχει,
544 1324 812 1375 ἐπιμεληθῆναι
838 1326 922 1366 τοὺς
948 1327 1140 1375 πρυτάνεις
1168 1325 1227 1363 καὶ
1249 1326 1333 1366 τοὺς
1356 1326 1588 1378 στρατηγοὺς

257 1378 353 1418 ὅπως
376 1379 399 1427 ἡ
423 1379 549 1428 βουλὴ
573 1379 744 1430 συναχθῇ
773 1380 833 1418 καὶ
859 1380 1032 1429 αἱρεθῶσι
1060 1381 1240 1430 πρέσβεις
1267 1382 1359 1430 πρὸς
1387 1381 1587 1425 Φίλιππον,

258 1432 293 1470 οἳ
311 1434 600 1484 παραγενόμενοι
625 1433 855 1479 διαλέξονται
880 1435 970 1484 πρὸς
995 1436 1105 1473 αὐτὸν
1126 1435 1210 1485 περὶ
1232 1438 1298 1474 τοῦ
1318 1435 1501 1485 ἀφεθῆναι
1523 1435 1588 1473 τὸν

258 1488 440 1538 ναύαρχον
456 1488 515 1525 καὶ
530 1489 576 1526 τὰ
595 1490 710 1526 πλοῖα
731 1488 790 1526 καὶ
809 1488 893 1529 τοὺς
912 1489 1148 1538 στρατιώτας,
1168 1489 1227 1527 καὶ
1249 1491 1278 1527 εἷ
1296 1491 1364 1539 μὲν
1378 1488 1422 1527 δι’
1437 1490 1589 1541 ἄγνοιαν

256 1543 370 1579 ταῦτα
396 1542 594 1591 πεποίηκεν
614 1543 633 1580 ὃ
657 1541 851 1593 Ἀμύντας,
874 1543 929 1581 ὅτι
956 1545 998 1581 οὐ
1025 1545 1265 1594 μεμψιμοιρεῖ
1289 1545 1308 1582 ὁ
1332 1544 1445 1593 δῆμος
1471 1543 1586 1582 οὐδέν·

257 1597 288 1633 εἷ
303 1595 342 1633 δέ
355 1613 390 1634 τι
405 1598 700 1646 πλημμελοῦντα
715 1598 814 1647 παρὰ
828 1599 873 1636 τὰ
889 1599 1148 1648 ἐπεσταλμένα
1163 1598 1304 1647 λαβών,
1319 1598 1375 1636 ὅτι
1391 1598 1588 1647 ἐπισκεψά-

255 1666 358 1699 μενοι
373 1648 598 1699 Ἀθηναῖοι’
583 1652 846 1701 επιτιμήσουσι
868 1654 960 1691 κατὰ
979 1669 1047 1701 την
1060 1655 1124 1702 τῆς
1145 1653 1339 1704 ὀλιγωρίας
1355 1652 1470 1698 ἀξίαν
1499 1654 1530 1690 εἰ
1549 1652 1589 1690 δὲ

255 1704 455 1754 μηδέτερον
473 1705 610 1743 τούτων
632 1706 745 1750 ἐστίν,
768 1705 854 1744 ἀλλ’
881 1706 953 1757 ἰδίᾳ
978 1709 1254 1758 ἀγνωμονοῦσιν
1274 1706 1297 1756 ἢ
1319 1708 1338 1745 ὁ
1359 1706 1588 1746 ἀποστείλας

256 1776 279 1808 η
307 1760 327 1797 ὁ
353 1761 645 1808 ἀπεσταλμέιος,
671 1759 731 1797 καὶ
757 1764 865 1799 τοῦτο
893 1746 1069 1813 λέγειν,“
1054 1779 1110 1800 ινα
1136 1760 1444 1811 αἰσθανόμενος
1428 1778 1448 1799 ο
1474 1760 1588 1811 δῆμος

256 1813 514 1863 βουλεύσηται
532 1814 570 1852 τί
587 1814 642 1853 δεῖ
659 1813 800 1867 ποιεῖν]

324 1922 451 1960 Τοῦτο
486 1921 557 1970 μὲν
588 1920 720 1961 τοίνυν
754 1920 799 1961 τὸ
833 1919 1016 1973 ψήφισμ’
1051 1921 1257 1972 Εὔβουλος
1292 1921 1483 1974 ἔγραψεν,
1517 1918 1586 1960 οὐκ

259 1986 350 2038 ἐγώ,
382 1985 428 2026 τὸ
456 1986 489 2026 δ’
515 1985 660 2039 ἐφεξῆς
686 1986 952 2040 Ἀριστοφῶν,
987 1987 1057 2028 εἶθ’
1082 1986 1353 2040 “Ηγήσιππος,
1386 1986 1455 2029 εἶτ’
1480 1986 1586 2038 Ἀρι-

303 2107 322 2127 2
345 2097 418 2129 τινὰ
433 2095 557 2130 τούτων
574 2098 727 2136 (τοῦτονῖῑ
747 2096 798 2138 8¹)
816 2098 968 2136 κωλυτὴν
985 2098 1008 2127 S
1026 2108 1109 2128 corr.
1129 2097 1174 2129 L:
1207 2097 1330 2129 τούτων
1346 2097 1419 2129 τινὰ
1436 2096 1586 2133 κωλυτὴν

257 2139 289 2172 Ο
304 2152 310 2171 :
335 2140 458 2172 τούτων
475 2141 625 2179 κωλυτὴν
637 2141 727 2180 vulg.
745 2152 752 2171 ε
777 2154 850 2172 τινα
863 2140 887 2171 S
899 2154 951 2182 γρ.
964 2140 995 2171 Α
1008 2145 1090 2171 text.
1105 2152 1111 2171 ε
1137 2142 1210 2173 τίνα
1224 2141 1358 2171 Dobree
1447 2140 1583 2178 φανῆναι

257 2194 321 2214 om.
350 2183 374 2215 S
401 2197 451 2226 γρ.
482 2183 514 2214 Α
543 2189 649 2215 text.:
686 2183 764 2215 secl.
794 2183 929 2214 Dobree
1061 2183 1138 2224 τίν’]
1167 2186 1284 2216 τοῦτον
1312 2184 1336 2214 S
1363 2196 1415 2224 γρ.
1448 2182 1583 2212 Dobree

256 2236 277 2266 3
306 2227 458 2268 γενέσθαι
481 2227 560 2259 secl.
582 2227 800 2259 Herwerden
974 2238 992 2266 5
1026 2229 1128 2259 ταῦτα
1150 2228 1296 2267 Φιλίππῳ
1321 2231 1396 2266 post
1419 2226 1583 2266 προίεσθαι

257 2270 423 2312 (προέσθαι
455 2270 546 2311 ΑΟ)
579 2271 654 2301 add.
685 2270 801 2310 vulg.:
837 2281 902 2301 om.
934 2270 1009 2301 SLl
1143 2269 1308 2303 διετέλουν
1338 2279 1403 2300 om.
1432 2267 1583 2299 FBYO

255 2324 277 2352 9
302 2313 534 2354 ἐξεταζομένων
551 2319 629 2353 post
645 2314 768 2346 τούτων
783 2314 859 2345 add.
877 2313 964 2352 vulg.
982 2325 988 2344 :
1015 2324 1080 2344 om.
1099 2313 1136 2344 S¹
1149 2313 1187 2344 L¹
1363 2323 1399 2343 12
1426 2311 1584 2349 ἐκκλησία

257 2356 445 2397 σύγκλητος
462 2357 486 2388 S
500 2357 525 2387 L
539 2357 595 2388 F¹:
623 2358 796 2396 ἐκκλησίας
813 2357 1003 2397 συγκλήτου
1019 2357 1122 2396 vulg,
1140 2357 1179 2388 cs.
1200 2360 1214 2395 ξ
1233 2366 1275 2395 37
1398 2366 1433 2394 14
1459 2354 1583 2387 Λεωδά-

255 2413 361 2439 μαντα
378 2400 402 2431 S
416 2401 441 2430 L
458 2400 569 2439 vulg.:
593 2400 799 2440 Λαομέδοντα
814 2399 856 2438 A,
872 2400 911 2431 cf.
927 2403 942 2437 ξ
962 2411 1001 2439 77
1094 2411 1132 2439 19
1157 2403 1304 2442 συναχθῇ
1321 2399 1373 2430 A:
1398 2400 1582 2438 συναχθῶσι

259 2443 321 2474 SL
337 2442 429 2482 vulg.
563 2453 604 2483 25
629 2443 704 2476 ἀλλ’
721 2444 800 2486 ἰδίᾳ]
819 2444 894 2475 ἀλλ’
912 2444 986 2475 ι’δίαι
1003 2444 1042 2475 δι’
1062 2444 1147 2474 SL:
1173 2444 1247 2475 sort
1269 2444 1355 2485 ἄλλῃ
1373 2441 1399 2474 δ’
1419 2442 1518 2473 Blass

1606 523 1625 556 <n

1611 857 1650 878 10

1612 1447 1651 1469 20

1610 1718 1649 1752 25
