1763 2828
106 144 210 199 [123]

165 328 208 364 47

164 1262 210 1297 49

109 1601 213 1703 [1233

170 1863 208 1899 51

666 145 1153 183 ΔΗΜΟΣΘΕΝΟΎΣ
1507 141 1562 196 [1x

477 249 546 290 [ΕΚ
577 254 657 282 'roff‘
691 255 983 282 ΓΡΑΜΜΑΤΕῙΟὙ
1016 249 1334 290 ΑΝΑΓιΓΝΩΣκεῙ]

300 317 424 358 ”Ean
452 319 584 358 τοίνυν
609 334 667 359 τις
695 317 834 368 εὐήθης
863 318 984 369 λόγος
1014 319 1117 368 παρὰ
1150 321 1228 357 τῶν
1252 321 1567 370 παραμυθεῖσθαι

240 383 500 435 βουλομένων
528 384 599 434 τὴν
632 385 765 431 πόλιν,
801 384 851 425 ὡς
883 384 942 435 ἄρ’
973 384 1079 424 οὔπω
1114 385 1316 426 Φίλιππός
1349 386 1460 425 ἐστιν
1491 386 1573 426 οἶοί

240 451 326 491 ποτ’
360 450 463 501 ἦσαν
498 452 810 502 Λακεδαιμόνιοι,
844 451 880 491 οἳ
915 450 1111 501 θαλάττης
1141 453 1214 502 μὲν
1245 449 1370 504 ἦρχον
1403 452 1465 492 καὶ
1496 454 1568 504 γῆς

241 517 411 568 ἀπάσης,
448 517 626 568 βασιλέα
663 520 705 558 δὲ
744 518 954 570 σύμμαχον
991 517 1114 570 εἶχον,
1152 518 1350 570 ὑφίστατο
1385 517 1418 558 δ’
1455 518 1568 560 οὐδὲν
1587 535 1606 566 5

241 584 392 626 αὐτούς·
445 583 536 624 ἀλλ’
575 584 679 634 ὅμως
716 583 890 635 ἠμύνατο
931 585 1132 626 κάκείνους
1169 584 1192 635 ἡ
1235 585 1353 626 πόλις
1395 586 1457 626 καὶ
1500 585 1568 626 οὐκ

241 650 488 703 ἀνηρπάσθη.
561 651 638 703 ἐγὼ
662 649 695 691 δ’
720 650 904 692 ἁπάντων
931 651 981 693 ὡς
1007 651 1101 693 ἔπος
1130 652 1254 692 εἰπεῖν
1279 651 1436 702 πολλὴν
1461 653 1567 703 εἰλη-

241 718 376 770 φότων
414 719 608 763 ἐπίδοσιν,
654 719 716 758 καὶ
758 717 870 758 οὐδὲν
912 719 1056 769 ὁμοίων
1097 720 1221 758 ὄντων
1261 721 1338 758 τῶν
1377 722 1446 759 νῦν
1487 722 1570 761 τοῖς

241 785 443 836 πρότερον,
465 784 578 824 οὐδὲν
595 784 764 836 ἡγοῦμαι
788 783 914 825 πλέον
933 782 957 835 ἢ
982 787 1029 824 τὰ
1052 788 1121 825 τοῦ
1147 784 1322 836 πολέμου
1342 787 1570 836 κεκινῆσθαι

242 850 559 891 κάπιδεδωκέναι.
631 854 787 903 πρῶτον
832 853 905 902 μὲν
947 853 1022 903 γὰρ
1065 851 1191 892 ἀκούω
1240 853 1570 903 Λακεδαιμονίους

239 918 329 957 τότε
360 917 422 957 καὶ
452 916 601 959 πάντας
627 918 717 959 τοὺς
746 917 906 963 ἄλλους,
932 917 1120 970 τέτταρας
1145 920 1270 969 μῆνας
1294 915 1317 968 ἢ
1341 918 1473 965 πέντε,
1498 919 1570 969 τὴν

241 983 387 1036 ὡραίαν
416 983 548 1034 αὐτήν,
582 985 834 1035 ἐμβαλόντας
867 984 916 1024 ἂν
947 984 1011 1024 καὶ
1044 985 1300 1026 κακώσαντας
1332 985 1404 1035 τὴν
1435 986 1570 1038 χώραν

241 1051 422 1092 ὁπλίταις
456 1051 518 1090 καὶ
549 1055 769 1093 πολιτικοῖς
801 1051 1094 1104 στρατεύμασιν
1128 1052 1348 1104 ἀναχωρεῖν
1378 1051 1439 1092 ἐπ’
1465 1053 1572 1093 οἴκου

240 1116 375 1158 πάλιν·
414 1118 514 1157 οὕτω
543 1117 576 1157 δ’
606 1118 779 1171 ἀρχαίως
812 1117 934 1171 εἶχον,
964 1121 1121 1169 μᾶλλον
1150 1120 1193 1159 δὲ
1222 1121 1444 1164 πολιτικῶς,
1475 1118 1570 1158 ὥστ’

241 1183 329 1224 οὐδὲ
370 1183 583 1237 χρημάτων
625 1184 812 1225 ὠνεῖσθαι
855 1184 945 1236 παρ’
981 1184 1138 1227 οὐδενὸς
1180 1184 1305 1231 οὐδέν,
1344 1184 1436 1225 ἀλλῖ
1472 1185 1571 1226 εἶναι

241 1251 407 1302 νόμιμόν
431 1268 518 1292 τινα
545 1252 605 1291 καὶ
630 1254 815 1304 προφανῆ
841 1251 910 1292 τὸν
934 1252 1123 1302 πόλεμον.
1195 1251 1278 1292 νυνὶ
1303 1251 1336 1292 δ’
1362 1252 1476 1303 ὁρᾶτε
1499 1254 1572 1302 μὲν

242 1316 364 1367 δήπου
388 1319 436 1358 τὰ
460 1322 634 1359 πλεῖστα
658 1318 748 1361 τοὺς
773 1319 965 1370 προδότας
991 1318 1309 1365 ἀπολωλεκότας,
1335 1318 1447 1358 οὐδὲν
1472 1317 1504 1358 δ’
1530 1319 1572 1358 ἐκ

241 1382 493 1436 παρατάξεως
526 1385 613 1425 οὐδὲ
646 1384 779 1438 μάχης
809 1385 1059 1437 γιγνόμενον·
1103 1385 1261 1425 ἀκούετε
1294 1386 1335 1425 δὲ
1368 1385 1572 1425 Φίλιππον

243 1450 331 1505 οὐχὶ
360 1455 412 1505 τῷ
446 1451 623 1504 φάλαγγ’
655 1452 829 1492 ὁπλιτῶν
863 1451 974 1503 ἄγειν
1007 1451 1208 1502 βαδίζονθ’
1239 1452 1330 1491 ὅποι
1363 1451 1569 1502 βούλεται,

243 1518 348 1558 ἀλλὰ
376 1521 428 1572 τῷ
457 1519 618 1570 ψιλούς,
647 1517 800 1564 ἱππέας,
827 1517 1002 1568 τοξότας,
1030 1516 1177 1568 ξένους,
1208 1520 1383 1558 τοιοῦτον
1410 1516 1570 1570 ἐξηρτῆ-

244 1587 337 1625 σθαι
371 1585 652 1636 στρατόπεδον.
726 1586 882 1625 ἐπειδὰν
908 1584 940 1624 δ’
966 1585 1029 1625 ἐπὶ
1059 1585 1210 1626 τούτοις
1235 1584 1331 1636 πρὸς
1355 1587 1573 1626 νοσοῦντας

244 1652 286 1692 ἐν
309 1652 439 1692 αὑτοῖς
463 1651 674 1707 προσπέσῃ
701 1652 762 1691 καὶ
785 1652 920 1702 μηδεὶς
943 1652 1038 1702 ὑπὲρ
1063 1653 1131 1701 τῆς
1155 1652 1286 1705 χώρας
1311 1650 1359 1692 δι’
1385 1651 1573 1692 ἀπιστίαν

244 1717 339 1774 ἐξίῃ,
370 1717 619 1771 μηχανήματ’
651 1716 873 1768 ἐπιστήσας
906 1721 1121 1771 πολιορκεῖ.
1195 1719 1256 1758 καὶ
1289 1721 1428 1758 σιωπῶ
1461 1717 1574 1770 θέρος

245 1784 307 1824 καὶ
339 1788 527 1838 χειμῶνα,
560 1784 611 1826 ὡς
644 1784 756 1825 οὐδὲν
787 1784 978 1837 διαφέρει,
1009 1784 1089 1825 οὐδ’
1119 1785 1231 1825 ἐστὶν
1263 1782 1461 1837 ἐξαίρετος
1492 1785 1574 1837 ὥρα

243 1868 301 1893 τις
323 1850 371 1900 ἣν
397 1854 605 1892 διαλείπει.
672 1855 791 1891 ταῦτα
815 1851 950 1903 μέντοι
976 1851 1125 1893 πάντας
1151 1852 1302 1893 εἰδότας
1328 1852 1390 1892 καὶ
1414 1851 1570 1903 λογιζο-
1616 1872 1631 1903 .'

242 1917 383 1968 μένους
411 1917 456 1957 οὗ
485 1920 547 1958 δεῖ
571 1917 794 1969 προσέσθαι
827 1919 896 1959 τὸν
926 1920 1102 1969 πόλεμον
1131 1920 1185 1959 εἰς
1217 1918 1289 1968 τὴν
1317 1919 1464 1972 χώραν,
1493 1917 1573 1957 οὐδ’

289 2036 302 2056 1
326 2031 379 2058 ΕΚ
396 2051 403 2058 .
423 2051 430 2058 .
451 2051 458 2058 .
478 2032 780 2061 ΑΝΑΓΙΓΝΩΣΚΕΙ
797 2027 855 2057 SL
868 2027 929 2057 FY
945 2039 951 2059 ι
969 2038 1033 2059 om.
1047 2027 1155 2067 vulg.:
1175 2027 1254 2058 secl.
1269 2027 1344 2058 edd.
1359 2027 1572 2067 complures:

244 2072 280 2101 ἐκ
310 2073 367 2102 τοῦ
397 2071 616 2112 γραμματείου
656 2071 890 2111 ἀναγίγνωσκε.
939 2076 1172 2105 ΑΝΑΓΝΩΣῘΣ
1213 2076 1504 2103 ΓΡΑΜΜΑΤΕΙΟΤ
1541 2071 1572 2100 Α

244 2123 264 2151 3
280 2118 359 2144 ante
374 2112 434 2145 οἶοί
446 2114 522 2146 add.
539 2117 683 2146 τοιοῦτος
697 2114 784 2152 vulg.
804 2126 810 2144 z
834 2118 1026 2152 τηλικοῦτος
1039 2114 1069 2144 Α
1087 2126 1092 2145 :
1117 2125 1182 2146 om.
1200 2114 1224 2145 S
1236 2115 1262 2144 L
1276 2114 1337 2144 soli
1427 2124 1446 2153 5
1463 2112 1572 2153 οὐδὲν]

244 2158 345 2189 οὐδεὶς
362 2156 394 2187 Α
407 2157 437 2187 O
451 2157 476 2187 F
492 2167 577 2188 corr.
698 2168 737 2187 12
763 2162 840 2196 post
858 2159 957 2196 αὐτὴν
973 2158 1047 2188 add.
1068 2157 1298 2199 στρατεύεσθαι
1315 2158 1365 2188 καὶ
1382 2159 1498 2189 τοῦτον
1513 2158 1572 2189 τὸν

244 2199 362 2241 χρόνον
384 2200 474 2239 vulg.
599 2203 665 2232 τῶν
689 2200 874 2232 ἀντιπάλων
898 2207 974 2240 post
998 2202 1060 2239 τὴν
1084 2201 1159 2232 add.
1179 2201 1289 2239 vulg.:
1316 2210 1380 2231 om.
1402 2200 1438 2230 S¹
1452 2198 1490 2230 Ι.1
1509 2200 1571 2231 soli

245 2253 288 2273 20
325 2246 515 2285 ἐξηρτῆσθαι
546 2244 662 2275 SLO¹
693 2244 790 2274 Vind.
824 2254 858 2275 1:
898 2246 1085 2285 ἐξηρτῦσθαι
1114 2244 1252 2283 ζ-ύσθαι)
1283 2243 1435 2274 AFYO
1465 2253 1572 2274 com:

245 2287 447 2328 ἐξαρτύεσθαι
474 2287 498 2318 S
523 2301 574 2329 γρ.
699 2297 737 2316 21
769 2286 797 2318 δ’
821 2288 871 2318 ἐπὶ
894 2287 1020 2319 τούτοις
1040 2288 1063 2317 S
1084 2288 1131 2327 [vu-2
1157 2288 1190 2317 in
1214 2296 1328 2317 rasura
1350 2286 1423 2317 sort.
1443 2286 1484 2317 al.
1507 2287 1568 2326 m.)

246 2329 272 2359 L
289 2330 350 2359 soli
367 2341 373 2359 :
398 2330 433 2362 δὲ
451 2331 576 2363 τούτοις
596 2330 659 2360 FB
671 2330 713 2360 Y¹
727 2330 756 2360 O
771 2342 776 2361 :
804 2329 839 2361 δὲ
856 2329 981 2362 τούτοις
999 2334 1123 2372 κρατῶν
1139 2331 1227 2369 vulg.
1376 2340 1418 2359 22
1442 2336 1519 2369 post
1538 2332 1571 2361 ἐν

244 2374 351 2405 αὑτοῖς
368 2374 442 2404 add.
464 2375 514 2405 καὶ
534 2373 783 2415 τεταραγμένοις
799 2373 887 2412 vulg.
1003 2375 1111 2412 25-26
1135 2373 1260 2405 εἰδότας
1277 2374 1327 2405 καὶ
1344 2372 1571 2414 λογιζομένους

244 2418 279 2447 οὐ
303 2419 353 2448 δεῖ
374 2441 381 2447 .
401 2441 407 2448 .
429 2441 435 2448 .
464 2417 528 2448 οὐδ’
556 2418 578 2447 S
594 2417 628 2446 L¹
646 2428 651 2446 :
686 2417 808 2449 εἰδότας
834 2419 884 2448 δεῖ
904 2418 955 2449 καὶ
980 2416 1206 2457 λογιζομένους
1230 2417 1274 2456 μὴ
1300 2441 1306 2447 .
1325 2441 1332 2447 .
1353 2441 1360 2447 .
1387 2417 1460 2456 μηδ’
1478 2416 1567 2455 vulg.

243 2460 285 2489 26
309 2460 485 2501 προσέσθαι
505 2460 528 2489 S
542 2460 585 2490 L:
612 2460 762 2501 προέσθαι
780 2460 870 2498 vulg.
889 2472 895 2489 t
921 2459 1157 2501 προσδέχεσθαι
1174 2459 1204 2489 Α
1222 2460 1262 2490 al.

1591 870 1632 894 10

1593 1204 1630 1238 15

1594 1536 1633 1559 20
