1747 2844
168 139 258 193 κως]
394 144 537 181 ΠΕΡΙ
586 144 708 181 ΤΗΣ
754 143 1273 181 ΠΑΡΑΠΡΕΣΒΕΙΑΣ
1521 143 1627 199 [413]

169 247 219 287 ὡς
245 248 286 286 δὲ
315 245 383 286 τὸν
411 246 495 287 υἱὸν
524 246 705 298 ἐπεμψεν
730 246 751 285 ὁ
774 245 952 297 Φρύνων,
982 245 1094 286 κάλει
1123 261 1192 296 μοι
1221 245 1370 286 τούτων
1400 245 1488 287 τοὺς

168 312 376 364 μάρτυρας.

232 382 383 420 Τοῦτον
411 381 483 430 μὲν
513 378 643 420 τοίνυν
672 377 739 418 οὐκ
771 378 922 428 ἔκρινεν
947 378 1157 430 Αἰσχίνης,
1184 378 1245 417 ὅτι
1273 377 1341 417 τὸν
1372 379 1488 418 αὑτοῦ

166 445 270 485 παῖδ’
292 445 350 485 ἐπ’
370 445 540 501 αἰσχύνῃ
561 444 657 496 πρὸς
678 445 880 484 Φίλιππον
901 444 1093 495 ἔπεμψεν.
1154 445 1186 484 εἰ
1213 443 1255 483 δέ
1272 460 1330 485 τις
1350 442 1402 483 ὢν
1422 444 1486 495 ἐφ’

128 528 144 558 5
164 511 319 561 ἡλικίας
351 511 485 563 ἑτέρου
513 511 687 562 βελτίων
719 509 791 560 τὴν
824 508 943 556 ἰδέαν,
975 509 1026 560 μὴ
1059 511 1314 562 προϊδόμενος
1346 509 1415 559 τὴν
1445 509 1491 560 ἐξ

164 578 313 627 ἐκείνης
336 579 405 627 τῆς
423 579 557 629 ὅψεως
580 577 772 629 ὑποψίαν,
795 576 1033 628 ἰταμώτερον
1052 580 1104 630 τῷ
1130 578 1227 627 μετὰ
1242 575 1348 617 ταῦτ’
1368 575 1485 630 ἐχρή-

165 659 262 683 σατο
287 645 378 697 βίῳ,
405 646 543 684 τοῦτον
570 643 620 685 ὡς
645 642 959 695 πεπορνευμένον
986 642 1173 694 κέκρικεν.
1517 645 1624 700 [414]

229 709 331 761 Φέρε
360 709 406 759 δὴ
431 710 518 761 περὶ
548 712 616 760 τῆς
646 709 865 751 ἑστιάσεως
895 709 957 749 καὶ
989 713 1057 749 τοῦ
1081 709 1347 761 ψηφίσματος
1376 712 1484 751 ε’ίπω”
1518 728 1586 763 234

161 779 296 828 μικροῦ
326 775 375 828 γ’,
407 775 432 816 ἃ
458 774 636 827 μάλιστά
664 775 702 827 μ’
734 775 811 816 ἔδει
843 774 939 827 πρὸς
971 776 1070 826 ὑμᾶς
1101 777 1237 823 εἰπεῖν,
1269 779 1485 828 παρῆλθεν.

105 857 143 878 10
161 844 230 892 τῆς
254 842 408 893 πρώτης
437 843 587 893 ἐκείνης
611 844 830 894 πρεσβείας
855 841 1022 894 γράφων
1047 842 1090 882 τὸ
1115 842 1383 894 προβούλευμ’
1410 843 1487 895 ἐγὼ

163 908 225 948 καὶ
261 907 380 949 πάλιν
417 910 459 949 ἐν
495 912 547 964 τῷ
584 908 691 963 δήμῳ
728 912 811 950 ταῖς
848 909 1090 959 ἐκκλησίαις,
1123 910 1164 950 ἐν
1201 910 1261 951 αἶς
1298 909 1487 960 ἐμέλλετε

160 975 428 1025 βουλεύεσθαι
451 975 540 1027 περὶ
565 977 634 1026 τῆς
658 974 825 1027 εἰρήνης,
854 975 1010 1017 οὐδενὸς
1035 976 1125 1017 οὔτε
1151 976 1275 1027 λόγου
1298 992 1358 1016 πω
1383 978 1488 1028 παρὰ

160 1041 308 1082 τούτων
344 1040 424 1082 οὔτ’
460 1040 695 1094 ἀδικήματος
730 1043 844 1084 ὄντος
877 1045 1060 1094 φανεροῦ,
1094 1041 1139 1082 τὸ
1175 1042 1339 1093 νόμιμον
1373 1040 1486 1095 [ἔθος]

161 1112 295 1154 ποιῶν,
335 1108 397 1149 καὶ
433 1107 608 1164 ἐπῄνεσα
643 1109 802 1151 τούτους
842 1109 903 1150 καὶ
940 1110 995 1151 εἰς
1031 1113 1263 1161 πρυτανεῖον
1300 1108 1484 1149 ἐκάλεσα.

103 1192 139 1224 15
162 1175 223 1215 καὶ
259 1173 305 1224 νὴ
341 1175 411 1215 Δί’
444 1175 571 1227 ἔγωγε
603 1175 664 1216 καὶ
697 1175 786 1217 τοὺς
818 1176 924 1227 παρὰ
956 1178 1025 1215 τοῦ
1057 1176 1260 1216 Φιλίππου
1294 1175 1486 1228 πρέσβεις
1517 1191 1582 1226 235

160 1240 333 1291 ἐξένισα,
362 1242 424 1282 καὶ
448 1241 549 1282 πάνυ
573 1241 622 1294 γ’,
650 1240 678 1282 ὦ
704 1241 840 1293 ἄνδρες
866 1242 1083 1292 Ἀθηναῖοι,
1112 1246 1313 1294 λαμπρῶς·
1351 1242 1484 1293 ἐπειδὴ

160 1309 235 1359 γὰρ
254 1308 384 1360 ἑώρων
405 1307 544 1350 αὐτοὺς
570 1308 632 1348 καὶ
658 1308 721 1350 ἐπὶ
746 1313 828 1351 τοῖς
852 1309 1042 1351 τοιούτοις
1066 1310 1152 1350 ἐκεῖ
1174 1308 1485 1360 σεμνυνομένους

161 1373 211 1415 ὡς
228 1373 457 1425 εὐδαίμονας
474 1376 536 1416 καὶ
551 1375 767 1427 λαμπρούς,
786 1374 898 1417 εὐθὺς
913 1375 1089 1428 ἡγούμην
1106 1377 1148 1416 ἐν
1164 1375 1316 1417 τούτοις
1332 1379 1485 1427 πρῶτον

160 1444 350 1492 περιεῖναι
364 1444 445 1482 δεῖν
460 1441 587 1482 αὐτῶν
605 1442 665 1482 καὶ
685 1442 1067 1494 μεγαλοψυχότερος
1084 1443 1310 1494 φαίνεσθαι.
1366 1446 1487 1482 ταῦτα

101 1523 141 1544 20
159 1506 205 1557 δὴ
222 1506 433 1559 παρέξεται
451 1511 519 1548 νῦν
534 1508 647 1550 οὗτος
661 1507 792 1559 λέγων
809 1508 860 1549 ὡς
878 1511 887 1525 ‘
901 1507 1015 1549 αὐτὸς
1031 1506 1226 1564 ἐπῄνεσεν
1241 1508 1353 1559 ἡμᾶς,
1371 1508 1485 1550 αὐτὸς

160 1574 289 1614 εἱστία
312 1573 402 1616 τοὺς
426 1573 646 1626 πρέσβεις,’
665 1573 709 1614 τὸ
734 1573 822 1614 πότ’
847 1573 891 1614 οὐ
917 1575 1106 1627 διορίζων.
1189 1574 1276 1615 ἔστι
1301 1577 1342 1615 δὲ
1365 1578 1487 1615 ταῦτα
1516 1580 1583 1623 236

159 1639 233 1692 πρὸ
273 1643 341 1680 τοῦ
380 1640 450 1691 τὴν
491 1641 611 1682 πόλιν
651 1640 864 1692 ἠδικῆσθαί
902 1657 940 1681 τι
988 1641 1050 1681 καὶ
1093 1641 1288 1693 φανεροὺς
1328 1641 1486 1683 τούτους

160 1707 405 1759 πεπρακότας
431 1707 570 1750 αὐτοὺς
594 1707 794 1760 γενέσθαι,
822 1707 879 1747 ὅτ’
905 1707 992 1759 ἄρτι
1015 1709 1088 1758 μὲν
1112 1707 1207 1758 ἧκον
1232 1710 1268 1749 οἱ
1294 1707 1486 1760 πρέσβεις

159 1772 203 1812 τὸ
227 1776 393 1824 πρῶτον,
416 1773 494 1814 ἔδει
519 1773 551 1814 δ’
570 1774 736 1814 ἀκοῦσαι
754 1773 822 1814 τὸν
842 1776 966 1825 δῆμον
986 1775 1026 1814 τί
1048 1773 1253 1826 λέγουσιν,
1277 1774 1426 1815 οὐδέπω
1452 1774 1485 1814 δ’

101 1854 139 1886 25
159 1838 241 1879 οὔθ’
261 1839 374 1882 οὗτος
399 1843 574 1892 συνερῶν
594 1842 713 1891 δῆλος
733 1840 780 1891 ἦν
799 1843 851 1895 τῷ
873 1840 1111 1893 Φιλοκράτει
1138 1840 1217 1881 οὔτ’
1238 1842 1385 1882 ἐκεῖνος
1404 1857 1483 1881 τοι-

159 1909 256 1946 αῦτα
276 1905 457 1958 γράψων.
514 1906 563 1948 ἂν
579 1906 624 1957 δὴ
642 1910 763 1948 ταῦτα
781 1906 894 1964 λέγῃ,
913 1907 1116 1959 μέμνησθε
1137 1907 1225 1949 τοὺς
1245 1908 1409 1960 χρόνους
1424 1908 1485 1948 ὅτι

158 1977 236 2013 τῶν
256 1972 503 2024 ἀδικημάτων
523 1975 602 2015 εἰσὶ
622 1974 815 2027 πρότεροι.
852 1977 949 2025 μετὰ
967 1978 1087 2015 ταῦτα
1103 1975 1135 2015 δ’
1154 1974 1265 2015 οὐδὲν
1286 1975 1370 2025 ἐμοὶ
1389 1974 1486 2026 πρὸς

158 2039 319 2082 τούτους
344 2041 488 2081 οἰκεῖον
514 2040 604 2082 οὐδὲ
629 2040 761 2082 κοινὸν
785 2041 962 2095 γέγονεν.
1034 2041 1138 2095 Λέγε
1163 2041 1233 2092 τὴν
1257 2042 1484 2094 μαρτυρίαν.

201 2159 220 2179 2
244 2149 376 2181 titulum
403 2154 610 2184 ΜΑΡΤΎῬΕΣ
635 2155 711 2190 post
735 2150 891 2193 μάρτυρας
917 2152 992 2183 add.
1020 2152 1139 2183 codd.:
1175 2151 1238 2183 del.
1265 2151 1415 2192 Sauppe,
1441 2152 1482 2183 cf.

159 2195 174 2230 ξ
194 2203 257 2232 213
360 2204 380 2232 9
404 2196 567 2235 παρῆλθεν
583 2194 664 2233 YP,
683 2194 722 2226 cf.
742 2195 801 2225 xxi
822 2206 900 2226 110:
927 2197 1090 2236 παρῆλθον
1108 2196 1131 2226 S
1145 2195 1170 2225 L
1188 2196 1277 2234 vulg.
1385 2205 1422 2235 13
1446 2196 1485 2227 τὸ

158 2235 288 2276 νόμιμον
307 2237 330 2268 S
343 2236 408 2275 ΡΩ
421 2237 451 2268 O
470 2247 553 2268 corr.
573 2248 579 2267 :
614 2239 652 2270 τὸ
670 2239 776 2271 κοινὸν
793 2238 817 2270 S
833 2252 884 2279 γρ.
904 2238 934 2269 Α
948 2239 972 2268 F
988 2253 1038 2279 γρ.
1060 2239 1090 2278 Q
1107 2252 1156 2280 γρ.
1176 2250 1183 2269 t
1219 2240 1256 2271 τὸ
1278 2239 1383 2271 κοινὸν
1400 2238 1483 2278 νόμι-

156 2293 216 2319 μον
233 2279 260 2310 L
272 2278 300 2310 Y
317 2289 324 2310 ε
348 2282 406 2312 τὸν
423 2280 520 2319 νόμον
538 2281 581 2312 Οι
599 2281 688 2320 vulg.
781 2282 850 2314 ἔθος
866 2283 947 2313 secl.
968 2281 1059 2313 Weil
1198 2291 1233 2320 14
1260 2284 1297 2314 τὸ
1315 2288 1393 2314 ante
1411 2296 1483 2324 πρυ-

158 2326 283 2355 τανεῖον
300 2324 376 2355 add.
394 2324 483 2363 vulg.
501 2337 506 2355 :
533 2335 596 2355 om.
618 2324 641 2355 S
655 2325 681 2355 L
698 2324 772 2363 soli,
790 2326 830 2356 cs.
853 2327 868 2362 ξ
887 2336 952 2365 330
1079 2334 1117 2364 19
1143 2330 1220 2356 ante
1239 2329 1389 2367 περιεῖναι
1407 2327 1481 2357 add.

159 2367 251 2399 αὐτὸς
270 2368 293 2398 S
310 2367 398 2406 vulg.
416 2379 422 2398 :
448 2369 561 2400 αὐτοὺς
581 2367 619 2398 Ll
634 2379 641 2399 :
666 2369 761 2400 αὐτὸν
778 2368 827 2400 Y:
853 2379 917 2400 om.
940 2369 968 2399 A
982 2368 1007 2398 Ρ
1110 2379 1153 2400 20
1177 2370 1227 2401 καὶ
1245 2375 1322 2401 ante
1340 2369 1482 2401 alterum

158 2410 251 2442 αὐτὸς
269 2409 343 2441 add.
364 2411 455 2449 vulg.
473 2421 479 2441 2
503 2421 567 2442 om.
586 2410 610 2442 S
630 2412 697 2453 (me
716 2412 816 2453 teste)
838 2410 919 2442 L¹A
