1731 2844
136 127 191 179 ιν]
488 130 647 168 ΚΑΤΑ
697 130 1016 167 ΦΙΛΙΠΠΟὙ
1064 131 1098 167 A
1487 128 1563 183 [51]

137 235 196 275 καὶ
238 236 312 286 γὰρ
350 235 508 275 ἐκείνων
545 235 564 274 ὁ
602 234 767 286 πληγεὶς
803 234 862 274 ἀεὶ
898 236 967 284 τῆς
1007 235 1161 285 πληγῆς
1199 232 1344 286 ἔχεται,
1385 234 1455 273 κᾶν

135 300 304 354 ἑτέρωσε
333 300 486 358 πατάξῃ
516 318 586 347 τις,
620 300 739 342 ἐκεῖσ’
770 301 871 341 εἰσὶν
897 302 936 340 αἱ
967 303 1109 353 χεῖρες·
1149 299 1456 351 προβάλλεσθαι

134 367 167 407 δ’
192 365 215 418 ἢ
242 367 412 418 βλέπειν
438 368 616 408 ἐναντίον
642 366 721 407 οὔτ’
742 366 846 407 οἶδεν
871 366 950 407 οὔτ’
972 365 1113 406 ἐθέλει.
1174 366 1235 406 καὶ
1259 367 1380 416 ὑμεῖς,
1408 365 1454 406 ἂν
1486 381 1525 413 41

134 436 175 475 ἐν
192 433 430 489 Χερρονήσῳ
446 434 626 484 πύθησθε
641 434 858 478 Φίλιππον,
881 435 1009 473 ἐκεῖσε
1028 434 1194 483 βοηθεῖν
1210 433 1452 484 ψηφίζεσθε,

96 518 112 549 5
134 500 181 541 ἂν
217 501 259 540 ἐν
292 501 458 546 Πύλαις,
494 502 635 545 ἐκεῖσε,
671 499 720 540 ἂν
755 499 901 539 ἄλλοθί
934 493 1019 544 που,
1059 497 1341 554 συμπαραθεῖτ’
1376 497 1454 538 ἄνω
1487 500 1570 555 [52]

137 566 249 611 κάτω,
281 567 341 606 καὶ
376 566 657 618 στρατηγεῖσθ’
681 566 746 607 ὑπ’
776 567 937 612 ἐκείνου,
973 565 1253 616 βεβούλευσθε
1286 564 1318 604 δ’
1345 564 1456 604 οὐδὲν

135 633 242 673 αὐτοὶ
269 632 473 684 συμφέρον
493 634 580 684 περὶ
600 636 667 672 τοῦ
687 631 874 683 πολέμου,
897 632 985 671 οὐδὲ
1012 631 1086 683 πρὸ
1107 623 1189 671 ’τῶν
1216 630 1456 683 πραγμάτων

135 698 316 752 προορᾶτ’
353 699 477 745 οὐδέν,
516 699 606 750 πρὶν
644 698 691 738 ἂν
727 695 750 748 ἦ
788 697 1051 753 γεγενημένον
1088 695 1110 748 ἦ
1147 698 1382 750 γιγνόμενόν
1420 714 1457 737 τι

136 766 323 816 πύθησθε.
394 769 516 805 ταῦτα
549 765 580 804 δ’
615 767 714 806 ’ίσως
750 765 940 817 πρότερον
975 767 1049 815 μὲν
1082 766 1187 814 ἐνῆν·
1225 767 1292 804 νῦν
1329 763 1360 803 δ’
1395 764 1455 804 ἐπ’

77 849 115 872 ιο
134 831 252 882 αὐτὴν
278 832 362 882 ἥκει
385 831 455 882 τὴν
489 831 626 882 ἀκμήν,
655 826 750 871 ὥστ’
777 830 901 871 οὐκέτ’
927 833 1107 884 ἐγχωρεῖ.
1179 834 1287 871 δοκεῖ
1317 829 1359 870 δέ
1390 847 1456 881 μοι
1485 848 1530 882 42

135 902 233 939 θεῶν
268 915 337 944 τις,
373 897 402 938 ὦ
436 898 570 950 ἄνδρες
603 897 819 948 Ἀθηναῖοι,
857 901 938 939 τοῖς
974 897 1222 949 γιγνομένοις
1257 898 1352 949 ὑπὲρ
1389 898 1457 946 τῆς

135 965 288 1007 πόλεως
317 965 605 1023 αἰσχυνόμενος
639 964 709 1014 τὴν
736 954 1121 1017 φιλοπραγμοσύνην
1154 964 1296 1013 ταύτην
1330 964 1454 1014 ἐμβα-

134 1035 221 1072 λεῖν
241 1031 441 1085 Φιλίππῳ.
478 1063 479 1067 ,
503 1033 535 1071 εἰ
555 1033 630 1083 γὰρ
651 1031 755 1084 ἔχων
776 1031 800 1071 ἃ
821 1030 1111 1082 κατέστραπται
1132 1031 1193 1070 καὶ
1213 1029 1456 1082 προείληφεν

135 1098 306 1150 ἡσυχίαν
331 1098 437 1150 ἔχειν
462 1097 582 1147 ἤθελε
602 1098 664 1150 καὶ
689 1093 811 1148 μηδὲν
831 1098 1022 1149 ἔπραττεν
1042 1097 1111 1143 ἔτι,
1135 1098 1316 1152 ἀποχρῆν
1336 1096 1455 1137 ἐνίοις

76 1180 113 1212 15
134 1165 241 1214 ὑμῶν
265 1163 313 1204 ἄν
336 1181 402 1215 μοι
428 1167 543 1210 δοκεῖ,
565 1163 612 1214 ἐξ
634 1165 688 1205 ὧν
713 1164 907 1217 αἰσχύνην
929 1165 990 1204 καὶ
1016 1164 1226 1221 ἀνανδρίαν
1247 1163 1309 1203 καὶ
1329 1161 1456 1202 πάντα

134 1232 182 1270 τὰ
206 1230 384 1283 αἴσχιστ’
411 1230 641 1282 ὠφληκότες
666 1223 714 1271 ἂν
745 1229 842 1281 ἦμεν
872 1232 1054 1284 δημοσίᾳ·
1092 1233 1160 1270 νῦν
1190 1229 1221 1269 δ’
1248 1230 1455 1282 ἐπιχειρῶν

134 1297 197 1337 ἀεί
223 1313 298 1337 τινι
329 1296 390 1337 καὶ
416 1300 483 1337 τοῦ
514 1297 696 1339 πλείονος
730 1292 964 1349 ὀρεγόμενος
997 1299 1093 1338 ἴσως
1125 1296 1172 1337 ἂν
1202 1294 1453 1336 ἐκκαλέσαιθ’

133 1364 243 1414 ὑμᾶς,
263 1364 370 1415 εἴπερ
390 1362 440 1414 μὴ
459 1362 711 1404 παντάπασιν
731 1364 995 1416 ἀπεγνώκατε.
1057 1362 1236 1413 θαυμάζω
1263 1361 1294 1401 δ’
1314 1362 1452 1413 ἔγωγε,
1486 1376 1528 1409 43

134 1431 167 1470 εἰ
208 1430 342 1480 μηδεὶς
379 1431 485 1481 ὑμῶν
523 1429 610 1480 μήτ’
649 1431 868 1481 ἐνθυμεῖται
906 1429 994 1481 μήτ’
1030 1430 1236 1482 ὀργίζεται,
1276 1429 1387 1479 ὁρῶν,
1426 1426 1454 1467 ὦ

76 1512 114 1535 20
132 1495 270 1548 ἄνδρες
295 1496 511 1547 Ἀθηναῖοι,
537 1496 608 1546 τὴν
641 1499 712 1548 μὲν
738 1492 865 1550 ἀρχὴν
889 1500 957 1537 τοῦ
981 1496 1156 1547 πολέμου
1189 1493 1455 1547 γεγενημένην

134 1563 221 1615 περὶ
253 1567 322 1603 τοῦ
354 1563 656 1615 τιμωρήσασθαι
681 1564 896 1610 Φίλιππον,
933 1563 1004 1613 τὴν
1037 1565 1078 1604 δὲ
1110 1561 1297 1611 τελευτὴν
1331 1562 1455 1601 οὖσαν

132 1629 203 1679 ἤδη
230 1630 325 1681 ὑπὲρ
350 1634 418 1669 τοῦ
449 1630 501 1680 μὴ
528 1632 666 1671 παθεῖν
698 1634 821 1672 κακῶς
854 1629 927 1670 ὑπὸ
954 1630 1168 1670 Φιλίππου.
1240 1630 1346 1668 ἀλλὰ
1377 1627 1454 1677 μὴν

133 1697 193 1736 ὅτι
218 1695 254 1748 γ’
281 1696 325 1736 οὐ
350 1695 554 1747 στήσεται,
583 1699 714 1747 δῆλον,
744 1698 776 1737 εἰ
809 1696 860 1747 μή
891 1714 948 1739 τις
981 1697 1163 1737 κωλύσει.
1235 1695 1318 1735 εἶτα
1351 1693 1453 1733 τοῦτ’

133 1763 418 1813 ἀναμενοῦμεν;
463 1764 523 1803 καὶ
553 1762 720 1815 τριήρεις
753 1764 865 1805 κενὰς
896 1764 957 1803 καὶ
990 1765 1058 1804 τὰς
1091 1763 1195 1814 παρὰ
1227 1765 1294 1801 τοῦ
1328 1764 1453 1801 δεῖνος

74 1843 111 1875 25
133 1830 293 1871 ἐλπίδας
329 1829 377 1869 ἂν
413 1830 692 1880 ἀποστείλητε,
729 1829 842 1871 πάντ’
878 1830 987 1883 ἔχειν
1023 1830 1155 1870 οἴεσθε
1194 1831 1341 1873 καλῶς;
1385 1826 1451 1866 οὐκ
1482 1837 1527 1871 44

133 1896 409 1964 ἐμβησόμεθα,·
453 1896 521 1936 οὐκ
555 1895 686 1947 ἔξιμεν
723 1896 832 1936 αὐτοὶ
867 1895 976 1948 μέρει
1012 1895 1057 1948 γέ
1089 1912 1165 1936 τινι
1203 1896 1452 1946 στρατιωτῶν

132 1962 284 2003 οἰκείων
309 1966 389 2008 νῦν,
412 1963 445 2002 εἰ
472 1963 533 2002 καὶ
558 1962 610 2013 μὴ
636 1963 848 2015 πρότερονς,
886 1964 953 2004 οὐκ
979 1963 1044 2004 ἐπὶ
1069 1962 1139 2012 τὴν
1164 1963 1312 2002 ἐκείνου
1331 1965 1448 2000 πλευ-

175 2082 193 2102 2
217 2071 339 2114 πατάξῃ
357 2085 404 2104 τις
422 2072 510 2110 vulg.
533 2083 538 2101 :
563 2072 715 2113 πατάξηις
734 2072 757 2103 S
775 2072 880 2111 solus,
899 2072 940 2104 ef.
954 2072 1012 2102 xxi
1029 2082 1070 2111 33
1183 2081 1201 2110 5
1227 2071 1277 2102 καὶ
1295 2074 1373 2109 post
1390 2069 1452 2100 ἄνω

131 2115 203 2146 add.
219 2116 305 2155 vulg.
323 2126 330 2145 ε
363 2125 426 2146 orn.
449 2115 472 2146 S
495 2115 597 2154 solus,
616 2116 654 2147 cf.
674 2115 695 2145 ii
717 2116 755 2146 16
932 2127 948 2154 7
975 2116 1063 2148 αὐτοὶ
1082 2115 1105 2145 S
1118 2114 1148 2144 A
1161 2114 1191 2144 Y
1207 2126 1212 2145 :
1240 2116 1345 2145 αὑτοῖς
1360 2112 1448 2151 vulg.

132 2159 190 2198 πρὸ
209 2158 232 2189 S
247 2169 253 2188 ι
279 2159 348 2200 περὶ
365 2159 452 2199 vulg.
629 2169 650 2198 9
675 2161 749 2197 ἐνῆν
767 2158 833 2189 SA
850 2170 856 2189 :
882 2161 957 2197 ἐνῆν
972 2162 1075 2191 ποιεῖν
1091 2159 1121 2188 Y
1133 2158 1163 2188 O
1181 2169 1187 2187 :
1211 2157 1250 2194 ἧν
1267 2158 1368 2188 ποιεῖν
1386 2155 1449 2185 FB

136 2210 172 2240 15
189 2203 279 2234 δοκεῖ
292 2201 465 2233 Palatinus
480 2213 539 2242 113
554 2213 558 2231 :
578 2205 656 2244 δοκῇ
675 2202 698 2233 S
712 2202 800 2242 vulg.
913 2204 951 2233 18
968 2207 1046 2242 post
1063 2203 1273 2243 ἀπεγνώκατε
1291 2200 1366 2230 add.
1383 2200 1450 2230 {au-

131 2248 195 2277 τῶν
211 2243 242 2275 Α
256 2244 322 2275 FY
339 2257 346 2275 t
371 2247 473 2278 αὐτῶν
491 2246 518 2276 Β
536 2250 569 2276 et
588 2246 694 2276 Bekk.
717 2246 848 2277 Anecd.
866 2258 872 2276 :
896 2257 961 2276 om.
982 2246 1006 2276 S
1136 2255 1174 2283 19
1198 2244 1272 2283 μήτ’
1290 2241 1449 2283 ὀργίζεται

132 2287 198 2318 SA
210 2287 240 2318 Y
257 2299 263 2318 :
286 2289 367 2327 μήτε
384 2288 550 2329 λογίζεται
566 2289 653 2328 vulg.
783 2300 824 2319 22
849 2290 936 2321 ἀλλὰ
951 2290 1015 2328 μὴν
1031 2312 1038 2319 .
1062 2312 1068 2319 .
1089 2312 1094 2318 .
1115 2288 1254 2319 κωλύσει
1272 2290 1349 2325 post
1374 2286 1448 2316 ἀπε--

131 2332 276 2370 γνῶκατε
300 2342 411 2371 χειιριτι
433 2332 484 2371 18)
503 2332 746 2363 conlocandum
765 2337 859 2371 putat
879 2332 976 2362 Blass
1116 2342 1157 2368 24
1183 2329 1282 2371 παρὰ]
1300 2330 1360 2360 ἀπὸ
1378 2327 1449 2358 AY

132 2382 173 2412 25
197 2377 301 2407 καλῶς
319 2375 397 2405 secl.
415 2374 609 2414 Wecklein,
627 2375 667 2406 cf.
684 2375 822 2406 Aristid.
841 2376 849 2404 i
870 2386 926 2413 791
1020 2376 1061 2404 26
1087 2373 1292 2413 ἐμβησόμεθα
1309 2370 1425 2402 SAO¹
1443 2380 1449 2399 ἰ

134 2416 336 2456 ἐκβήσομεθα
351 2417 438 2456 vulg.
575 2428 614 2457 27
640 2417 843 2459 πλευσόμεθα
861 2418 894 2449 S¹
909 2418 958 2449 Y:
986 2417 1209 2455 πλευσούμεθα
1225 2416 1313 2454 vulg.
