1731 2844
167 131 256 186 xm]
541 135 682 173 ΠΕΡΙ
734 135 1110 174 ΣΎΝΤΑΞΕΩΣ

163 241 236 291 μὲν
263 237 400 279 ἄλλων
427 238 584 282 οὐδενὸς
616 239 742 281 οὐδεὶς
770 237 976 291 μέμνηται,
1005 241 1089 278 τοῖν
1118 241 1226 278 δυοῖν
1254 237 1288 278 δ’
1317 239 1483 289 ὀβολοῖν

164 305 346 346 ἅπαντες.
405 305 530 346 καίτοι
554 305 643 348 τοὺς
660 307 733 356 μὲν
751 305 819 345 οὐκ
838 305 925 346 ἔστι
945 305 1130 346 πλείονος
1146 301 1170 354 ἢ
1191 308 1299 345 δυοῖν
1317 306 1485 355 ὀβολοῖν

164 369 295 420 ἀξίους
322 370 432 417 εἶναι,
453 371 582 412 τᾶλλα
605 375 648 413 δὲ
670 373 768 423 μετὰ
791 371 939 412 τούτων
963 372 1017 411 ὧν
1043 371 1154 411 εἶπον
1177 375 1255 412 τῶν
1279 371 1486 422 βασιλέως

164 436 240 488 ἄξι’
267 437 353 478 ἐστὶ
385 437 609 490 χρημάτων,
635 438 754 479 πόλιν
777 437 991 479 τοσούτους
1024 437 1188 479 ὁπλίτας
1217 437 1393 491 ἔχουσαν
1423 439 1484 478 καὶ

126 521 143 552 5
163 503 331 555 τριήρεις
356 504 417 544 καὶ
442 504 582 546 ἵππους
601 503 663 544 καὶ
685 503 897 557 χρημάτων
915 504 1115 556 πρόσοδον
1135 502 1398 557 συντετάχθαι
1424 505 1484 544 καὶ

163 569 492 621 παρεσκευάσθαι.

227 637 281 676 Τί
314 636 381 676 οὖν
408 640 527 676 ταῦτα
550 640 617 678 νῦν
646 632 671 688 [,
699 637 796 690 φαίη
830 653 888 679 τις
919 633 997 688 lim]
1021 635 1147 689 λέγω,·
1185 636 1245 677 ὅτι
1274 637 1375 689 φημὶ
1404 640 1484 678 δεῖν

161 703 272 753 ὑμᾶς,
313 702 445 752 ἐπειδὴ
488 702 533 742 τὸ
573 705 646 754 μὲν
687 703 836 746 πάντας
876 706 1138 756 μισθοφορεῖν
1179 704 1486 757 δυσχεραίνουσί

161 785 276 814 τινες,
307 768 351 808 τὸ
380 770 421 809 δὲ
452 771 721 823 συνταχθῆναι
751 771 813 811 καὶ
843 772 1219 822 παρασκευασθῆναι
1251 773 1354 822 παρὰ
1386 769 1484 811 πάν-

107 849 144 872 10
162 851 240 876 των
280 833 478 888 χρήσιμον
521 835 620 877 εἶναι
662 836 920 888 δοκιμάζεται,
962 839 1141 878 ἐντεῦθεν
1182 836 1377 889 ἄρξασθαι
1416 840 1485 876 τοῦ

104 1185 140 1217 15

104 1523 142 1545 20

161 901 402 954 πράγματος,
430 903 491 943 καὶ
522 906 725 955 προθεῖναι
753 903 842 955 περὶ
870 903 1018 944 τούτων
1042 908 1094 958 τῷ
1125 903 1357 958 βουλομένῳ
1382 904 1483 956 γνώ-

161 985 238 1019 μην
285 967 583 1020 ἆποφήνασθαι.
655 970 705 1012 ὡς
753 970 874 1012 οὕτως
916 970 1012 1023 ἔχει’
1067 969 1115 1010 ἂν
1155 972 1227 1021 μὲν
1267 971 1376 1020 ὑμεῖς
1417 973 1485 1010 νῦν

162 1036 351 1084 πεισθῆτε
399 1035 547 1076 τούτων
595 1036 729 1088 καιρὸν
778 1035 889 1082 εἶναι,
932 1037 1026 1077 ὅταν
1074 1035 1200 1077 αὐτῶν
1246 1037 1301 1078 εἷς
1347 1036 1485 1090 χρείαν

162 1100 316 1151 ἔλθητε,
343 1101 462 1152 ἕτοιμ’
486 1101 662 1154 ὑπάρξει·
699 1102 747 1144 ἂν
766 1102 798 1142 δ’
817 1103 996 1155 ἀκαιρίαν
1013 1101 1258 1155 ἡγησάμενοι
1284 1103 1482 1155 παρίδητε,

162 1168 256 1208 ὅταν
281 1167 349 1224 δέῃ
373 1170 559 1221 χρῆσθαι,
586 1169 666 1209 τότ’
690 1168 1049 1222 ἀναγκασθήσεσθε
1072 1169 1451 1221 παρασκευάζεσθαι.

222 1233 328 1285 ”Ηδη
358 1234 402 1275 δέ
432 1252 489 1277 τις
522 1234 630 1277 εἶπεν
659 1233 688 1275 ὦ
722 1235 858 1288 ἄνδρες
886 1235 1091 1286 Ἀθηναῖοί
1123 1252 1197 1276 που
1233 1235 1376 1288 λέγων,
1410 1235 1483 1288 οὐχ

160 1301 267 1352 ὑμῶν
291 1304 368 1342 τῶν
387 1305 561 1348 πολλῶν,
582 1302 689 1343 ἀλλὰ
712 1306 789 1343 τῶν
808 1301 1147 1355 διαρρηγνυμένων
1167 1303 1199 1343 εἰ
1224 1305 1344 1343 ταῦτα
1368 1301 1482 1354 γενή-

162 1385 287 1414 σεται,
332 1369 399 1409 (τί
435 1368 469 1409 δ’
510 1369 600 1419 ὑμῖν
641 1370 683 1410 ἐκ
723 1372 800 1409 τῶν
839 1368 1120 1419 Δημοσθένους
1161 1369 1294 1421 λόγων
1337 1368 1485 1420 ἀγαθὸν

161 1434 343 1488 γέγονεν;
391 1436 598 1487 παρελθὼν
633 1436 752 1487 ὑμῶν,
787 1436 882 1476 ὅταν
918 1436 1021 1489 αὐτῷ
1058 1432 1165 1491 δόξῃ,
1204 1434 1402 1485 ἐνέπλησε
1438 1436 1485 1474 τὰ

161 1499 240 1542 ὦτα
274 1502 419 1554 λόγων,
455 1502 517 1542 καὶ
550 1502 704 1554 διέσυρε
740 1503 788 1542 τὰ
823 1502 1011 1554 παρόντα,
1047 1502 1109 1542 καὶ
1144 1501 1233 1543 τοὺς
1268 1502 1486 1554 προγόνους

161 1569 366 1624 ἐπῄνεσεν,
396 1569 456 1609 καὶ
481 1570 722 1621 μετεωρίσας
748 1568 810 1608 καὶ
835 1567 1024 1621 φυσήσας
1047 1568 1145 1619 ὑμᾶς
1171 1567 1348 1619 κατέβη.’
1409 1568 1486 1620 ἐγὼ

162 1634 194 1674 δ’
224 1635 257 1675 εἶ
285 1637 356 1685 μὲν
385 1637 483 1686 ὑμᾶς
515 1637 704 1687 δυναίμην
732 1636 787 1676 ὧν
818 1634 923 1687 λέγω
956 1651 993 1675 τι
1025 1638 1174 1680 πεῖσαι,
1208 1633 1408 1685 τηλικαῦτ’
1438 1634 1485 1674 ἂν

162 1700 268 1752 οἶμαι
299 1701 369 1751 τὴν
398 1703 515 1743 πόλιν
545 1701 689 1755 πρᾶξαι
719 1703 849 1755 ἀγαθὰ
877 1701 987 1751 ὥστ’,
1019 1702 1052 1742 εἰ
1084 1704 1151 1742 νῦν
1182 1702 1305 1742 εἰπεῖν
1335 1702 1483 1754 ἐπιχει-

160 1767 337 1819 ρήσαιμι,
364 1768 540 1810 πολλοὺς
568 1768 615 1810 ἂν
641 1769 862 1819 ἀπιστῆσαι
891 1768 942 1811 ὡς
965 1768 1143 1819 μείζοσιν
1166 1765 1189 1817 ἢ
1216 1771 1405 1809 δυνατοῖς·
1443 1767 1486 1807 οὐ

160 1833 237 1884 μὴν
263 1833 349 1875 οὐδὲ
374 1838 486 1875 τοῦτο
510 1835 647 1887 μικρὸν
666 1835 838 1888 ὠφελεῖν
857 1834 976 1886 οἶμαι,
999 1836 1032 1875 εἰ
1056 1835 1104 1875 τὰ
1128 1833 1311 1885 βέλτιστ’
1332 1834 1486 1874 ἀκούειν

161 1901 260 1950 ὑμᾶς
285 1902 485 1951 συνεθίζω.
546 1905 608 1942 δεῖ
627 1902 715 1954 γάρ,
743 1899 772 1942 ὦ
797 1901 935 1954 ἄνδρες
960 1901 1176 1952 Ἀθηναῖοι,
1196 1901 1264 1942 τὸν
1288 1901 1484 1952 βουλόμε-

161 1967 230 2007 νόν
270 1983 308 2007 τι
343 1970 506 2018 ποιῆσαι
541 1968 612 2018 τὴν
648 1969 766 2010 πόλιν
800 1969 909 2020 ἡμῶν
945 1967 1094 2021 ἀγαθὸν
1129 1970 1177 2008 τὰ
1215 1965 1294 2008 ὦτα
1335 1971 1487 2019 πρῶτον

205 2087 226 2116 3
251 2076 270 2109 ἃ
285 2082 364 2108 ante
380 2079 464 2117 μετὰ
479 2077 553 2109 add.
574 2076 662 2117 vulg.
682 2089 688 2108 :
713 2087 778 2109 om.
794 2077 817 2108 S
829 2077 859 2108 A
871 2077 901 2109 Ο
999 2079 1083 2118 μετὰ
1099 2077 1222 2110 τούτων
1239 2076 1282 2109 ὧν
1299 2077 1387 2108 εἶπον
1404 2077 1483 2108 secl.

164 2120 259 2152 Blass
348 2119 391 2152 ὧν
407 2131 472 2151 om.
490 2122 579 2160 vulg.
600 2132 643 2152 ex
661 2122 747 2153 coni.
764 2120 881 2152 Wolfii
1005 2131 1024 2161 5
1047 2122 1161 2153 ἵππους
1178 2120 1215 2152 5ι
1235 2122 1286 2159 (ea
1303 2130 1404 2159 supra
1422 2130 1484 2150 scr.

163 2174 204 2195 m.
224 2165 311 2202 ant.)
331 2164 505 2195 BFYO:
536 2164 650 2197 ἱππέας
673 2165 762 2203 vulg.
909 2175 926 2204 7
959 2166 1037 2206 φαίη
1061 2178 1110 2197 τις
1134 2166 1172 2196 ἂν
1196 2169 1273 2203 post
1297 2163 1352 2195 οὖν
1375 2163 1488 2202 vulg:

163 2213 239 2247 post
255 2210 310 2241 νῦν
327 2207 393 2238 SA
411 2220 417 2238 :
440 2208 519 2238 secl.
541 2208 649 2238 Cobet
795 2219 833 2239 10
856 2208 1044 2248 δοκιμάζετε
1064 2208 1086 2238 S
1099 2208 1148 2239 A:
1176 2206 1378 2246 δοκιμάζεται
1396 2207 1484 2245 vulg.

168 2260 205 2290 13
244 2252 433 2290 νομίσαντες
466 2256 542 2291 post
574 2252 651 2283 εἶναι
684 2251 761 2283 add.
795 2251 909 2291 vulg.:
949 2262 1012 2282 om.
1051 2250 1132 2281 ΞΑ1
1164 2250 1269 2281 schol.
1302 2260 1333 2289 p.
1365 2259 1440 2288 221,
1469 2260 1487 2287 4

168 2304 207 2332 19
228 2295 262 2326 ὃς
286 2299 365 2325 ante
389 2296 557 2337 παρελθὼν
580 2294 654 2326 add.
675 2294 763 2334 vulg.
782 2306 789 2325 :
818 2305 881 2325 om.
903 2295 1020 2325 S¹AF
1035 2308 1086 2335 γρ.
1264 2303 1302 2323 21
1332 2293 1489 2335 ἐπῄνεσεν

166 2337 251 2368 SA:
278 2336 446 2370 ἐπαινέσας
464 2338 555 2376 vulg.
655 2337 867 2378 μετεωρίσας]
886 2339 1000 2380 ἐπάρας
1019 2337 1116 2368 Blass
1132 2338 1204 2367 coll.
1229 2337 1345 2367 Liban.
1366 2337 1397 2366 iv
1414 2347 1487 2375 292.

166 2381 219 2418 28,
239 2381 337 2412 Dion.
355 2381 448 2413 Cass.
469 2381 536 2411 xlvi
555 2391 585 2421 p.
603 2381 668 2421 298
683 2380 720 2420 E,
741 2381 874 2423 [Dem]
893 2382 939 2412 lix
956 2382 998 2421 38
1174 2390 1214 2419 23
1239 2383 1294 2412 νῦν
1319 2381 1417 2412 εἰπεῖν
1443 2380 1466 2410 S
1482 2390 1487 2408 τ

167 2422 277 2464 λέγειν
295 2426 349 2456 νῦν
365 2425 453 2463 vulg.

1514 135 1624 190 [169]

1519 651 1557 676 11

1517 1247 1558 1274 12

1520 1581 1560 1616 13

1519 1959 1625 2015 [170]
