1731 2844
153 144 211 198 1x]
504 149 663 185 ΚΑΤΑ
712 149 1030 186 ΦΙΛΙΠΠΟΥ
1078 150 1106 185 Γ
1503 150 1611 204 [126]

152 269 254 295 σεως
285 251 476 302 ἐνέδειξεν
508 252 558 294 ὡς
591 253 786 304 προδότην
818 252 886 293 τὸν
916 253 1153 302 Φιλιστίδην
1183 252 1244 293 καὶ
1273 253 1361 295 τοὺς
1389 254 1471 303 μετ’

150 318 276 364 αὐτοῦ,
298 319 533 369 αἰσθόμενος
552 319 576 359 ἃ
594 317 846 370 πράττουσιν.
908 318 1205 371 συστραφέντες
1225 318 1256 359 δ’
1276 319 1473 371 ἄνθρωποι

150 385 296 425 πολλοὶ
330 385 390 425 καὶ
422 384 594 439 χορηγὸν
627 385 786 438 ἔχοντες
817 386 1021 426 Φίλιππον
1052 385 1114 425 καὶ
1146 386 1472 437 πρυτανευόμενοι

149 451 350 503 ἀπάγουσι
380 451 448 491 τὸν
472 451 677 503 Εὐφραῖον
703 453 757 493 εἰς
789 450 833 491 τὸ
866 450 1147 503 δεσμωτήριον,
1175 451 1226 493 ὡς
1259 451 1473 503 συνταράτ-

110 533 127 564 5
148 533 266 557 τοντα
294 517 365 567 τὴν
394 518 524 557 πόλιν.
596 518 698 568 ὁρῶν
724 519 764 557 δὲ
794 517 901 557 ταῦθ’
928 518 948 556 ὁ
978 520 1097 568 δῆμος
1122 519 1141 557 ὁ
1166 522 1243 557 τῶν
1268 517 1470 569 Ὠρειτῶν,
1502 525 1543 560 61

149 583 236 623 ἀντὶ
264 586 330 622 τοῦ
360 587 411 637 τῷ
439 584 511 633 μὲν
540 586 717 633 βοηθεῖν,
750 583 840 625 τοὺς
869 583 901 624 δ’
929 584 1261 634 ἀποτυμπανίσαι,
1292 588 1373 626 τοῖς
1401 586 1473 635 μὲν

148 648 215 689 οὐκ
244 649 439 700 ὠργίζετο,
466 649 533 689 τὸν
559 649 591 688 δ’
619 648 838 699 ἐπιτήδειον
863 653 984 690 ταῦτα
1012 653 1150 690 παθεῖν
1182 650 1258 702 ἔφη
1291 650 1352 690 καὶ
1381 650 1470 690 ε’πέ-

147 731 296 768 χαιρεν.
367 716 464 765 μετὰ
494 715 601 755 ταῦθ’
627 717 663 755 οἱ
692 717 765 766 μὲν
789 715 848 756 ἐπ’
874 715 1056 766 ἐξουσίας
1085 717 1235 766 ὁπόσης
1266 716 1472 767 ἐβούλοντ’

148 781 339 833 ἔπραττον
359 782 464 823 ὅπως
486 781 509 831 ἡ
537 782 652 823 πόλις
672 781 939 834 ληφθήσεται,
962 783 1024 822 καὶ
1050 782 1378 832 κατεσκευάζοντο
1402 782 1472 832 τὴν

90 862 128 884 10
148 847 300 899 πρᾶξιν·
336 851 414 888 τῶν
445 850 485 888 δὲ
516 852 678 888 πολλῶν
705 849 742 888 εἴ
767 865 824 890 τις
857 850 1048 894 αἴσθοιτο,
1076 850 1192 901 ἐσίγα
1223 849 1283 888 καὶ
1313 848 1471 889 κατεπέ-

148 919 311 964 πληκτο,
349 914 417 955 τὸν
460 914 662 966 Εὐφραῖον
704 914 756 955 οἷ’
792 915 935 955 ἔπαθεν
975 915 1225 966 μεμνημένοι.
1297 915 1395 955 οὕτω
1438 915 1471 954 δ’

149 981 294 1022 ἀθλίως
319 979 518 1026 διέκειντο,
541 980 635 1020 ὥστ’
663 981 706 1020 οὐ
732 981 923 1033 πρότερον
949 983 1170 1032 ἐτόλμησεν
1195 981 1319 1023 οὐδεὶς
1344 982 1469 1021 τοιού-

149 1062 215 1086 του
247 1050 363 1086 κακοῦ
395 1047 629 1098 προσιόντος
662 1046 776 1098 ῥῆξαι
808 1047 956 1098 φωνήν,
991 1049 1083 1099 πρὶν
1117 1047 1471 1098 διασκευασάμενοι

148 1112 242 1164 πρὸς
271 1115 318 1152 τὰ
347 1114 456 1166 τείχη
488 1119 697 1169 προσῇσαν
729 1115 764 1153 οἱ
795 1113 991 1164 πολέμιοι·
1035 1117 1243 1164 τηνικαῦτα
1273 1113 1304 1153 δ’
1334 1115 1369 1154 οἱ
1399 1116 1471 1164 μὲν

89 1194 124 1225 15
147 1178 350 1229 ἠμύνοντο,
373 1180 409 1220 οἱ
433 1181 474 1219 δὲ
500 1180 775 1230 προύδίδοσαν.
838 1182 906 1230 τῆς
932 1181 1084 1222 πόλεως
1103 1179 1135 1220 δ’
1156 1182 1276 1221 οὕτως
1295 1181 1470 1230 ἁλούσης
1500 1190 1544 1224 62

146 1246 322 1299 αἰσχρῶς
343 1246 404 1286 καὶ
425 1249 548 1287 κακῶς
573 1248 609 1286 οἱ
633 1248 705 1297 μὲν
726 1245 894 1298 ἄρχουσι
920 1246 982 1286 καὶ
1008 1250 1254 1298 τυραννοῦσι,
1274 1246 1363 1288 τοὺς
1383 1246 1471 1286 τότε
1501 1250 1603 1305 [127]

147 1309 340 1366 σῴζοντας
370 1312 529 1353 ἑαυτοὺς
560 1312 620 1352 καὶ
651 1312 718 1352 τὸν
745 1313 949 1364 Εὐφραῖον
980 1313 1156 1363 ἑτοίμους
1186 1313 1314 1353 ὁτιοῦν
1344 1316 1471 1352 ποιεῖν

145 1379 258 1419 ὄντας
282 1378 371 1419 τοὺς
394 1381 466 1429 μὲν
491 1379 745 1429 ἐκβαλόντες,
774 1378 863 1420 τοὺς
888 1378 921 1418 δ’
947 1379 1259 1425 ἀποκτείναντες,
1289 1380 1308 1418 ὁ
1334 1378 1367 1419 δ’
1394 1378 1469 1418 Εὐ-

146 1447 286 1496 φραῖος
311 1445 458 1486 ἐκεῖνος
483 1444 718 1497 ἀπέσφαξεν
744 1446 895 1491 ἑαυτόν,
925 1445 1024 1500 ἔργῳ
1050 1444 1300 1498 μαρτυρήσας
1325 1446 1384 1484 ὅτι
1410 1446 1472 1485 καὶ

88 1524 126 1547 20
145 1512 301 1552 δικαίως
321 1511 383 1551 καὶ
404 1513 578 1562 καθαρῶς
596 1512 692 1563 ὑπὲρ
712 1515 788 1552 τῶν
809 1515 983 1552 πολιτῶν
1003 1510 1250 1562 ἀνθειστήκει
1267 1513 1468 1565 Φιλίππῳ.

210 1578 263 1617 Τί
289 1577 356 1618 οὗν
381 1577 465 1617 ποτ’
491 1579 628 1623 α’ίτιον,
661 1577 866 1629 θαυμάζετ’
899 1580 1008 1624 ἴσως,
1039 1578 1083 1618 τὸ
1118 1578 1178 1618 καὶ
1211 1578 1300 1619 τοὺς
1326 1577 1468 1618 Ὀλυν-
1499 1588 1544 1632 63

145 1643 251 1685 θίους
275 1644 337 1684 καὶ
360 1644 448 1686 τοὺς
472 1643 694 1696 Ἐρετριέας
721 1644 782 1684 καὶ
807 1644 896 1687 τοὺς
918 1643 1101 1696 Ὠρείτας
1126 1645 1235 1695 ἥδιον
1261 1644 1356 1696 πρὸς
1382 1644 1471 1686 τοὺς

144 1710 240 1761 ὑπὲρ
272 1711 474 1751 Φιλίππου
506 1710 696 1763 λέγοντας
731 1711 839 1764 ἔχειν
875 1708 898 1761 ἦ
936 1711 1025 1752 τοὺς
1063 1712 1158 1763 ὑπὲρ
1192 1712 1336 1757 αὑτῶν;
1375 1712 1470 1763 ὅπερ

147 1775 208 1815 καὶ
238 1775 327 1828 παρ’
359 1777 460 1827 ὑμῖν,
496 1777 556 1817 ὅτι
589 1781 669 1819 τοῖς
702 1780 774 1828 μὲν
801 1778 899 1829 ὑπὲρ
930 1781 997 1818 τοῦ
1033 1778 1251 1828 βελτίστου
1283 1777 1471 1830 λέγουσιν

88 1855 124 1887 25
145 1841 235 1882 οὐδὲ
266 1842 526 1893 βουλομένοις
560 1843 715 1884 ἔνεστιν
748 1845 874 1885 ε’νίοτε
909 1843 1004 1896 πρὸς
1038 1843 1155 1897 χάριν
1187 1843 1300 1886 οὐδὲν
1333 1845 1469 1885 εἰπεῖν·

143 1909 191 1947 τὰ
216 1909 290 1960 γὰρ
316 1907 508 1961 πράγματ’
533 1909 682 1962 ἀνάγκη
709 1915 874 1951 σκοπεῖν
900 1911 1004 1953 ὅπως
1031 1909 1270 1961 σωθήσεται·
1309 1912 1344 1951 οἱ
1370 1910 1401 1950 δ’
1428 1912 1471 1950 ἐν

145 1973 274 2015 αὐτοῖς
303 1975 360 2017 οῖς
388 1976 613 2028 χαρίζονται
642 1978 829 2032 Φιλίππῳ
861 1977 1196 2029 συμπράττουσιν.
1268 1976 1470 2029 εἰσφέρειν
1498 1983 1543 2026 64

146 2039 339 2087 ἐκέλευον,
358 2043 394 2082 οἱ
414 2041 446 2081 δ’
462 2042 572 2083 οὐδὲν
589 2045 669 2084 δεῖν
687 2044 857 2095 ἔφασαν·
896 2048 1085 2095 πολεμεῖν
1103 2045 1164 2085 καὶ
1184 2044 1236 2095 μὴ
1254 2043 1466 2088 πιστεύειν,

146 2108 182 2147 οἱ
206 2106 239 2146 δ’
259 2106 368 2160 ἄγειν
393 2107 560 2160 εἰρήνην,
583 2110 654 2152 ἕως
677 2110 1047 2164 ἐγκατελήφθησαν.
1110 2110 1242 2150 τᾶλλα
1265 2110 1332 2150 τὸν
1352 2109 1468 2150 αὐτὸν

187 2225 206 2255 3
231 2217 303 2258 παρ’
316 2218 438 2250 ἐκείνου
453 2224 530 2258 post
547 2219 811 2260 πρυτανευόμενοι
824 2221 901 2252 add.
914 2221 1017 2260 vulg:
1034 2232 1096 2252 om.
1114 2220 1150 2251 Sl
1165 2220 1201 2250 L¹
1297 2230 1329 2249 11
1350 2232 1465 2259 μεμνη-

145 2258 233 2296 μένοι
252 2260 274 2290 S
288 2260 313 2290 L
326 2260 374 2291 F:
397 2262 594 2302 μεμνημένος
610 2264 699 2303 vulg.
844 2274 880 2302 15
906 2264 1028 2296 πόλεως
1046 2265 1073 2296 δ’
1093 2264 1122 2293 Α
1136 2264 1184 2294 Y:
1211 2262 1245 2295 δὲ
1263 2263 1384 2294 πόλεως
1404 2263 1426 2293 S
1440 2263 1466 2292 L

147 2302 234 2341 vulg.
392 2315 429 2344 19
453 2307 504 2337 καὶ
521 2310 599 2336 ante
617 2307 741 2339 δικαίως
758 2317 822 2337 om.
841 2308 928 2345 vulg,
947 2320 954 2338 :
977 2308 1053 2339 add.
1075 2309 1098 2337 5
1112 2307 1136 2336 L
1150 2307 1179 2337 Y
1327 2317 1365 2336 21
1393 2305 1465 2337 ποτ’

147 2345 264 2385 αἴτιον]
281 2348 317 2378 τὸ
336 2350 437 2380 αἴτιον
452 2348 502 2381 A:
528 2353 612 2381 ποτέ
625 2352 748 2381 ταῖτιον
768 2351 912 2389 Dobree‚
932 2351 971 2381 cs.
995 2354 1009 2388 ξ
1029 2352 1071 2389 36
1168 2352 1205 2381 τὸ
1226 2352 1247 2380 ὅ
1263 2349 1327 2380 LA
1342 2350 1384 2380 F:
1409 2351 1466 2380 τοῦ

147 2387 246 2426 Υῑῑιὲη
269 2390 307 2420 Cf·
329 2391 383 2421 Viii
401 2394 443 2430 56
575 2403 616 2432 29
642 2393 948 2434 ἐγκατελήφθησαν]
969 2395 1269 2434 ἐγκατελείφθησαν
1286 2394 1308 2423 S
1327 2393 1426 2423 vind.
1450 2402 1461 2422 1

190 2451 372 2476 DEMOSTH..
393 2455 468 2476 voL.
490 2456 509 2477 1.
1317 2452 1334 2479 8
