1747 2844
203 136 303 189 xvn]
331 140 459 177 ΠΕΡΙ
485 139 599 177 ΤΩΝ
627 138 771 176 ΠΡΟΣ
797 137 1175 177 ΑΛΕΞΑΝΔΡΟΝ
1204 140 1518 177 ΣΎΝΘΗΚΩΝ
1554 137 1655 192 [212]

200 246 403 293 συνθηκῶν
431 242 492 283 καὶ
521 246 598 283 τῶν
624 244 749 294 ὅρκων
775 241 1052 294 σκεψαμένους
1082 245 1158 282 τῶν
1184 243 1270 294 περὶ
1300 245 1368 292 τῆς
1394 246 1523 293 κοινῆς

200 309 353 362 εἰρήνης
378 308 531 359 ἔξεστιν
551 311 645 350 ἰδεῖν
664 309 748 360 ἤδη,
770 310 872 350 τίνες
897 309 998 349 εἰσὶν
1017 309 1053 348 οἱ
1078 309 1417 360 παραβεβηκότες.
1472 308 1523 350 ὡς

198 379 239 418 δὲ
265 377 352 428 περὶ
376 376 559 428 μεγάλων
585 376 787 426 συντόμως
813 374 967 425 διδάξω.

267 444 316 483 Εἰ
348 442 393 493 δή
422 460 479 484 τις
512 441 758 494 ἐρωτήσειεν,
795 439 824 481 ὦ
857 440 994 493 ἄνδρες
1024 440 1238 492 Ἀθηναῖοι,
1272 442 1336 482 ε’πί
1368 442 1444 482 τίνι
1475 441 1523 482 ἂν
1554 456 1574 490 3

160 525 177 556 5
197 509 358 560 μάλιστ’
389 507 694 561 ἀγανακτήσαιτ’
730 509 765 548 εἴ
791 524 848 549 τις
882 507 1106 559 ἀναγκάζοι,
1135 508 1241 559 οἶμαι
1270 508 1330 555 ἄν,
1358 510 1391 549 εἰ
1421 507 1523 558 ἦσαν

200 578 295 616 κατὰ
327 575 396 616 τὸν
428 574 511 616 νυνὶ
544 575 689 628 χρόνον
725 575 761 614 οἱ
792 575 1124 625 Πεισιστρατίδαι
1158 576 1223 615 καί
1251 592 1310 617 τις
1344 574 1524 625 ἐβιάζετο

199 641 382 693 κατάγειν
407 641 545 682 αὐτοὺς
570 641 687 692 δευρί,
720 639 976 693 ἁρπάσαντας
1001 639 1049 681 ἂν
1072 642 1171 692 ὑμᾶς
1195 643 1244 681 τῖι
1267 642 1373 681 ὅπλα
1397 640 1526 681 πάντα

199 709 374 749 κίνδυνον
412 709 618 758 ὑπομεῖναι
655 707 741 747 ἀντὶ
781 711 849 748 τοῦ
885 706 1192 759 παραδέξασθαι,
1229 705 1252 758 ἢ
1289 706 1521 750 πεισθέντας

197 792 242 826 γε
271 774 470 815 δουλεύειν
499 775 586 814 ἀντὶ
619 778 696 814 τῶν
726 774 1022 826 ἀργυρωνήτων,
1058 775 1119 814 καὶ
1148 774 1324 828 τοσούτῳ
1353 776 1521 825 μᾶλλον,

140 857 177 878 ιο
196 841 279 896 ὅσῳ
312 841 380 882 τὸν
409 843 481 891 μὲν
511 840 664 891 οἰκέτην
699 841 825 883 οὐδεὶς
860 841 907 881 ἂν
942 841 1040 882 ἑκὼν
1073 842 1327 887 ἀποκτείνειε,
1361 840 1449 882 τοὺς
1482 842 1523 880 δὲ

196 907 524 959 τυραννουμένους
554 908 732 958 ἀκρίτους
763 907 874 948 ἔστιν
906 908 998 959 ὁρᾶν
1026 907 1322 958 ἀπολλυμένους
1352 906 1431 957 ἅμα
1462 907 1524 947 καὶ

197 973 477 1026 ὑβριζομένους
507 975 559 1015 εἰς
590 978 731 1016 παῖδας
763 975 826 1014 καὶ
860 978 1057 1026 γυναῖκας.
1130 976 1234 1026 παρὰ
1265 973 1355 1015 τοὺς
1386 974 1533 1025 ὅρκους
1552 988 1575 1022 4

197 1041 327 1081 τοίνυν
347 1040 410 1081 καὶ
433 1042 502 1082 τὰς
527 1039 722 1090 συνθήκας
741 1042 810 1082 τὰς
839 1041 880 1081 ἐν
900 1046 946 1097 τῇ
972 1046 1081 1097 κοινῇ
1101 1040 1232 1096 εἰρήνῃ
1252 1039 1524 1092 γεγραμμένας

198 1104 460 1159 Ἀλέξανδρος
480 1108 534 1149 εἰς
551 1107 776 1158 Μεσσήνην
799 1108 1031 1159 καταγαγὼν
1051 1107 1141 1149 τοὺς
1159 1106 1349 1147 Φιλιάδου
1370 1109 1521 1152 παῖδας,

142 1193 176 1224 15
198 1175 313 1215 ὄντας
338 1173 558 1225 τυράννους,
586 1173 646 1225 ἆρ’
673 1175 885 1226 ἐφρόντισε
913 1177 979 1214 τοῦ
1007 1174 1167 1219 δικαίου,
1196 1172 1287 1213 ἀλλ’
1313 1173 1380 1213 οὐκ
1405 1171 1521 1226 ἐχρή-

200 1257 299 1280 σατο
329 1243 381 1294 τῷ
410 1240 526 1280 αὑτοῦ
555 1239 640 1290 ἤθει
670 1244 722 1295 τῷ
754 1244 980 1295 τυραννικῷ,
1013 1240 1146 1293 βραχὺ
1173 1241 1389 1292 φροντίσας
1419 1240 1524 1289 ὑμῶν

201 1307 264 1348 καὶ
287 1309 354 1357 τῆς
380 1309 510 1357 κοινῆς
535 1306 767 1359 ὁμολογίας;
807 1307 851 1347 οὐ
876 1306 920 1356 δὴ
951 1309 1022 1352 δεῖ,
1046 1308 1078 1347 εἰ
1102 1306 1175 1357 μέν
1200 1323 1258 1348 τις
1282 1307 1379 1357 ὑμᾶς
1404 1309 1524 1345 ταῦτα
1556 1289 1658 1343 [²¹3]

198 1372 389 1423 βιάζοιτο,
423 1371 585 1424 μάλιστ’
619 1374 902 1425 ἀγανακτῆσαι,
944 1374 977 1413 εἰ
1013 1372 1045 1412 δ’
1080 1372 1244 1425 ἑτέρωθί
1277 1389 1350 1413 που
1384 1371 1523 1424 γέγονε

198 1440 301 1491 παρὰ
326 1439 413 1481 τοὺς
438 1439 533 1491 πρὸς
562 1440 661 1490 ὑμᾶς
691 1440 839 1491 ὅρκους,
867 1439 918 1490 μὴ
948 1438 1218 1491 φυλάξασθαι,
1248 1439 1309 1479 καὶ
1337 1438 1429 1490 ἡμῖν
1453 1440 1525 1489 μὲν

138 1524 178 1547 20
197 1506 497 1547 διακελεύεσθαί
529 1523 638 1548 τινας
674 1507 830 1547 ἐνταυθὶ
867 1505 1048 1558 ἐμμένειν
1083 1509 1164 1549 τοῖς
1200 1506 1340 1557 ὅρκοις,
1374 1508 1456 1547 τοῖς
1492 1504 1524 1544 δ’

197 1572 336 1615 αὐτοὺς
361 1573 459 1613 οὕτω
485 1571 732 1625 περιβοήτως
758 1574 976 1629 ἀνῃρηκόσι
1009 1574 1261 1614 καταλείπειν
1286 1572 1429 1622 ταύτην
1453 1570 1524 1622 τὴν

198 1638 392 1690 ἐξουσίαν.
448 1638 540 1680 ἀλλ’
560 1639 633 1693 οὐχ
653 1640 736 1681 οἶόν
755 1657 798 1681 τε
818 1639 924 1680 ταῦθ’
944 1640 1066 1682 οὕτως
1087 1641 1208 1693 ἔχειν,
1230 1640 1298 1680 ἐὰν
1317 1639 1524 1690 βούλησθε
1554 1641 1577 1677 6

196 1709 248 1760 τῷ
285 1707 418 1760 δικαίῳ
454 1708 641 1759 χρῆσθαι·
696 1707 757 1747 καὶ
793 1708 868 1759 γὰρ
905 1706 962 1747 ἔτι
998 1706 1326 1759 προσγέγραπται
1363 1707 1404 1746 ἐν
1440 1709 1524 1747 ταῖς

198 1771 412 1822 συνθήκαις
458 1772 649 1823 πολέμιον
697 1773 797 1814 εἶναι
844 1773 913 1814 τὸν
963 1773 1077 1814 ἐκεῖν’
1120 1773 1219 1825 ἅπερ
1262 1771 1524 1824 Ἀλέξανδρος

139 1857 175 1888 25
197 1842 385 1879 ποιοῦντα
407 1838 533 1879 ἅπασι
558 1843 638 1881 τοῖς
662 1842 731 1890 τῆς
755 1839 908 1893 εἰρήνης
935 1843 1178 1887 κοινωνοῦσι,
1210 1840 1271 1880 καὶ
1295 1839 1366 1889 τὴν
1391 1839 1524 1892 χώραν

197 1904 325 1951 αὐτοῦ,
358 1904 424 1945 καὶ
455 1906 740 1957 στρατεύεσθαι
773 1906 834 1947 ἐπ’
869 1906 986 1947 αὐτὸν
1020 1906 1211 1949 ἅπαντας.
1284 1905 1421 1946 οὐκοῦν
1455 1906 1525 1944 ἐὰν

198 1975 370 2022 ποιῶμεν
404 1972 453 2011 τὰ
494 1973 744 2024 συγκείμενα,
784 1974 958 2028 πολεμίῳ
996 1974 1227 2027 χρησόμεθα
1263 1976 1315 2027 τῷ
1352 1987 1521 2023 καταγα-

199 2038 318 2090 γόντι.
391 2038 499 2079 ἀλλὰ
533 2040 608 2091 γὰρ
642 2041 787 2081 ε’ίποιεν
822 2040 871 2082 ἂν
906 2042 942 2082 οἱ
979 2040 1270 2093 τυραννίζοντες
1307 2038 1425 2085 οὗτοι,
1463 2037 1523 2077 ὅτι
1554 2044 1573 2079 7

245 2157 257 2177 1
285 2147 502 2188 σκεψαμένους
520 2147 543 2179 S
557 2147 588 2178 A
603 2159 609 2179 τ
635 2149 863 2190 σκοπουμένοις
879 2149 966 2189 vulg.
1073 2159 1093 2189 5
1118 2149 1229 2181 εἴποιτ’
1248 2149 1286 2180 ἂν
1303 2148 1386 2186 οἶμαι
1404 2145 1522 2178 πάντες

199 2196 274 2229 post
290 2191 551 2232 ἀγανακτήσαιτε
567 2192 643 2224 add.
658 2193 746 2231 vulg.
766 2205 772 2223 :
796 2204 861 2225 om.
877 2194 901 2224 S
913 2193 955 2224 Α1
1047 2194 1131 2233 οἶμαι
1150 2194 1187 2224 ἄν
1204 2191 1234 2222 Α
1250 2203 1256 2221 :
1283 2192 1366 2230 οἶμαι
1385 2190 1408 2221 S
1424 2200 1430 2219 t
1455 2199 1518 2220 om.

198 2234 283 2273 vulg.
460 2245 494 2264 11
522 2236 666 2276 ἀκρίτους
685 2237 708 2266 S
722 2236 752 2266 A
765 2236 813 2268 Y:
839 2238 972 2278 ἀκρίτως
990 2236 1079 2275 vulg.
1264 2236 1302 2265 16
1325 2236 1391 2272 ἤθει
1408 2232 1496 2272 vulg.
1514 2244 1521 2263 t

199 2277 261 2309 ἔθει
278 2277 301 2309 S
475 2289 513 2317 19
536 2282 633 2310 τοῦτο
650 2279 751 2320 πράως
771 2281 847 2319 ὑμᾶς
865 2281 954 2320 ἔχειν
971 2281 1021 2312 καὶ
1039 2281 1147 2320 ὅρκους
1164 2283 1242 2309 ante
1260 2279 1302 2317 μὴ
1321 2276 1520 2318 φυλάξασθαι

198 2321 273 2351 add.
300 2320 413 2360 vulg.:
447 2331 509 2352 om.
539 2321 607 2352 SA
623 2321 647 2352 F
779 2333 817 2353 21
851 2323 1058 2356 καταλείπειν
1081 2322 1130 2354 Α;
1165 2323 1356 2354 καταλιπεῖν
1380 2321 1404 2352 S
1428 2320 1515 2359 vulg.

200 2373 239 2402 27
263 2364 482 2405 καταγαγόντι
499 2365 585 2405 vulg.
602 2377 608 2398 :
634 2366 809 2409 κατάγοντι
827 2366 849 2399 S
861 2366 904 2398 A¹

243 2427 428 2458 Demos-m„
446 2428 523 2451 VOL.
544 2429 565 2451 1.
1307 2420 1345 2451 13
