1747 2844
156 546 172 578 5

134 878 172 900 10

131 1543 170 1564 20

130 1876 167 1908 25

196 149 299 206 xv11]
329 155 454 193 ΠΕΡΙ
480 154 597 193 ΤΩΝ
623 154 767 193 ΠΡΟΣ
793 154 1169 195 ΑΛΕΞΑΝΔΡΟΝ
1198 156 1511 195 ΣΎΝΘΗΚΩΝ

194 259 270 311 ἆρα
308 259 457 300 δίκαιον
498 262 617 299 ταῦτα
658 260 886 311 γίγνεσθαι,·
936 257 1008 298 κᾶν
1048 256 1121 308 μέν
1155 274 1193 298 τι
1232 257 1257 314 ᾗ
1299 258 1396 311 πρὸς
1437 264 1515 300 τῶν

195 327 348 379 ἐχθρῶν
380 327 475 366 κατὰ
504 328 572 376 τῆς
600 326 753 367 πόλεως
787 327 829 365 ἐν
860 328 942 366 τοῖς
975 325 1115 376 ὅρκοις,
1147 329 1259 365 τοῦτο
1293 327 1365 376 μὲν
1399 327 1512 378 ἰσχυ-

194 392 264 446 ρὸν
289 393 349 433 ἀεὶ
375 392 625 443 ποιήσουσιν·
665 394 734 432 ἐὰν
759 390 802 432 δέ
824 408 861 432 τι
884 390 1074 443 ἡμέτερον
1098 390 1123 447 ᾗ
1150 391 1231 431 κατ’
1253 392 1412 433 ἐκείνων
1438 391 1516 443 ἅμα

195 461 344 500 δίκαιον
375 460 435 500 καὶ
467 458 683 511 συμφέρον,
710 458 807 510 πρὸς
837 462 949 498 τοῦτο
979 460 1020 499 δὲ
1049 458 1299 512 μαχομένους
1329 457 1515 501 οὐδέποτε

194 527 427 567 παύσασθαι
451 525 654 576 οἰήσονται
679 528 759 566 δεῖν
786 526 963 572 ἑαυτούς,·

253 592 342 634 Ἵνα
377 593 409 632 δ’
442 592 559 643 εἰδῆτ’
593 593 650 632 ἔτι
683 591 938 644 σαφέστερον
974 593 1037 633 ὅτι
1069 593 1194 635 οὐδεὶς
1229 593 1318 644 ὑμῖν
1356 594 1520 646 ἐγκαλεῖ

193 677 288 700 ποτε
307 663 385 700 τῶν
402 658 613 709 Ἑλλήνων
638 659 688 701 ὡς
713 659 787 711 ἄρα
805 658 1008 710 παρέβητέ
1031 677 1068 700 τι
1092 663 1169 700 τῶν
1190 666 1299 717 κοινῇ
1318 661 1513 712 ὁμολογη-

193 726 351 772 θέντων,
381 727 486 766 ἆλλὰ
516 726 577 766 καὶ
607 725 723 780 χάριν
750 725 906 777 ἕξουσιν
932 727 991 766 ὅτι
1020 727 1134 777 μόνοι
1164 726 1403 779 ἐξηλέγξατε
1427 727 1517 769 τοὺς

191 797 312 833 ταῦτα
348 797 568 839 ποιοῦντας,
603 795 720 845 μικρὰ
757 794 1039 845 ἐπιδραμοῦμαι
1071 794 1158 846 περὶ
1195 793 1322 834 αὐτῶν
1354 797 1516 834 πολλῶν

191 861 327 900 ὄντων.
400 860 487 900 ἔστι
519 861 594 912 γὰρ
624 858 747 910 δήπου
779 861 821 900 ἐν
850 863 934 901 ταῖς
970 859 1182 910 συνθήκαις
1214 860 1285 910 τὴν
1317 860 1516 901 θάλατταν

192 930 307 967 πλεῖν
323 926 411 968 τοὺς
429 926 667 979 μετέχοντας
683 929 750 977 τῆς
767 927 933 979 εἰρήνης,
953 927 1015 966 καὶ
1030 926 1177 977 μηδένα
1195 927 1360 968 κωλύειν
1377 927 1516 969 αὐτοὺς

190 995 288 1044 μηδὲ
309 992 492 1045 κατάγειν
509 997 651 1034 πλοῖον
670 993 835 1044 μηδενὸς
854 994 1014 1034 τούτων·
1054 995 1122 1034 ἐὰν
1138 993 1180 1034 δέ
1195 1010 1253 1035 τις
1273 996 1377 1045 παρὰ
1396 998 1516 1034 ταῦτα

192 1060 296 1116 ποιῇ,
318 1059 510 1110 πολέμιον
530 1060 629 1100 εῖναι
649 1063 749 1101 πᾶσι
767 1064 849 1102 τοῖς
874 1063 943 1111 τῆς
968 1059 1120 1112 εἰρήνης
1139 1059 1390 1113 μετέχουσιν,
1450 1060 1512 1100 οὐ-

193 1130 294 1173 κοῦν,
328 1125 357 1166 ὦ
388 1126 525 1178 ἄνδρες
550 1127 764 1177 Ἀθηναῖοι,
798 1126 1066 1179 ἐναργέστατα
1096 1126 1281 1178 ἑοράκατε
1311 1127 1415 1167 τοῦθ’
1439 1126 1515 1168 ὑπὸ

190 1197 268 1234 τῶν
289 1194 529 1234 Μακεδόνων
546 1193 822 1246 γεγενημένον·
857 1195 912 1235 εἰς
930 1197 1044 1233 τοῦτο
1061 1195 1135 1246 γὰρ
1150 1194 1372 1246 ὑπεροψίας
1392 1193 1515 1244 ἦλθον

190 1260 295 1300 ὥστε
317 1262 371 1302 εἷς
385 1259 556 1300 Τένεδον
575 1259 731 1300 ἅπαντα
746 1262 794 1300 τὰ
814 1262 856 1300 ἐκ
876 1264 944 1300 τοῦ
961 1261 1118 1301 Πόντου
1137 1264 1258 1301 πλοῖα
1278 1260 1513 1313 κατήγαγον,

191 1327 253 1367 καὶ
274 1327 584 1378 σκευωρούμενοι
603 1327 690 1378 περὶ
710 1327 807 1366 αὐτὰ
828 1327 872 1367 οὐ
893 1328 1083 1379 πρότερον
1103 1327 1279 1373 ἀνεῖσαν,
1298 1328 1389 1380 πρὶν
1407 1328 1515 1378 ὑμεῖς

190 1395 454 1446 ἐψηφίσασθε
486 1392 654 1445 τριήρεις
690 1393 829 1434 ἑκατὸν
861 1398 1038 1445 πληροῦν
1071 1395 1133 1434 καὶ
1167 1393 1373 1434 καθέλκειν
1404 1394 1515 1436 εὐθὺς

189 1461 289 1507 τότε,
313 1461 374 1500 καὶ
395 1460 618 1512 στρατηγὸν
641 1459 701 1500 ἐπ’
721 1459 854 1502 αὐταῖς
875 1459 1037 1511 ἐτάξατε
1058 1460 1282 1501 Μενεσθέα.
1344 1464 1426 1502 πῶς
1446 1461 1514 1501 οὖν

189 1527 256 1567 οὐκ
281 1526 429 1567 ἄτοπον
453 1531 628 1567 τοσαῦτα
652 1529 723 1578 μὲν
751 1527 851 1567 εῖναι
877 1528 939 1567 καὶ
964 1531 1179 1578 τηλικαῦτα
1203 1529 1250 1567 τὰ
1274 1526 1513 1578 ἡμαρτημέν’

189 1593 347 1646 ἑτέροις,
366 1594 456 1636 τοὺς
477 1593 508 1633 δ’
526 1595 692 1634 ἐνταῦθα
709 1595 851 1645 φίλους
870 1594 997 1634 αὐτῶν
1015 1594 1067 1645 μὴ
1085 1595 1256 1635 ἐκείνους
1277 1593 1514 1646 ἀποτρέπειν

189 1661 277 1702 τοὺς
306 1662 638 1713 παραβαίνοντας,
666 1661 757 1701 ἀλλ’
783 1662 873 1712 ὑμῖν
904 1661 1194 1712 συμβουλεύειν
1224 1660 1404 1712 ἐμμένειν
1433 1664 1514 1702 τοῖς

190 1728 309 1769 οὕτως
335 1727 670 1780 ὠλιγωρημένοις;
709 1728 842 1780 ὥσπερ
869 1729 930 1768 καὶ
955 1729 1094 1769 τούτου
1119 1727 1511 1780 προσγεγραμμένου,

188 1797 270 1835 τοῖς
294 1797 365 1845 μὲν
391 1793 537 1844 ἐξεῖναι
560 1798 822 1845 πλημμελεῖν,
850 1798 932 1837 τοῖς
957 1797 997 1836 δὲ
1022 1795 1110 1846 μηδ’
1135 1795 1366 1846 ἀμύνεσθαι.
1431 1799 1513 1836 πῶς

189 1860 220 1900 δ’
247 1860 320 1914 οὐχ
350 1860 428 1912 ἅμα
456 1879 497 1901 τε
529 1862 773 1912 παρενόμουν
802 1862 943 1902 ἐκεῖνοι
974 1863 1035 1902 καὶ
1065 1863 1299 1912 ἀναίσθητοι
1328 1861 1444 1912 ἦσαν,
1476 1863 1516 1901 οἵ

188 1944 233 1979 γε
271 1931 502 1978 τηλικοῦτον
541 1927 777 1980 παρέβησαν
813 1932 890 1968 τῶν
928 1930 1066 1981 ὅρκων,
1104 1929 1125 1969 ὃ
1164 1928 1255 1980 παρ’
1294 1928 1512 1981 ἐλάχιστον

188 1995 376 2044 ἐποίησεν
412 1994 550 2036 αὐτοὺς
587 1995 849 2046 ἀφαιρεθῆναι
885 1997 1042 2038 δικαίως
1077 1996 1149 2046 τὴν
1184 1997 1280 2035 κατὰ
1314 1994 1512 2035 θάλατταν

186 2061 419 2113 ἡγεμονίαν;
472 2062 533 2101 καὶ
575 2064 643 2101 νῦν
685 2062 741 2102 ἔτι
779 2063 1079 2113 παραδεδώκασι
1119 2066 1233 2102 τοῦτο
1274 2062 1318 2102 τὸ
1361 2062 1510 2102 δίκαιον

188 2127 437 2180 ἀνεγκλήτως
473 2129 576 2179 ἡμῖν,
610 2129 705 2169 ὅταν
737 2132 998 2180 βουληθῶμεν
1031 2129 1229 2182 πράττειν·
1268 2129 1312 2168 οὐ
1343 2130 1419 2181 γὰρ
1451 2130 1511 2168 ὅτι

234 2249 246 2269 Ι
273 2240 393 2272 δίκαιον
416 2242 520 2272 ταῦτα
539 2239 580 2269 Α1
598 2251 605 2270 2
635 2253 675 2280 ’γε
693 2242 782 2272 δοκεῖ
796 2240 917 2272 δίκαιον
933 2243 1035 2272 ταῦτα
1053 2240 1077 2271 S
1092 2251 1097 2270 τ
1130 2253 1170 2281 ’γε
1188 2242 1278 2271 δοκεῖ
1295 2239 1400 2271 δίκαια
1417 2238 1507 2278 vulg.

187 2293 206 2321 4
223 2282 258 2314 δὲ
269 2283 472 2323 μαχομένους
485 2283 535 2313 Αἰ
553 2282 808 2324 διαμαχομένους
825 2284 928 2323 vulg:
953 2284 987 2316 δὲ
1005 2283 1260 2324 διαμαχομένους
1271 2282 1301 2312 Y
1395 2292 1432 2312 12
1451 2296 1508 2322 μη-

188 2327 275 2358 δενὸς
292 2325 331 2357 G.
351 2326 395 2358 H.
413 2327 577 2357 Schaeser
592 2338 598 2357 z
622 2327 742 2366 μηδένα
759 2327 852 2358 codd.
989 2338 1027 2366 15
1052 2327 1220 2369 ὑπεροψίας
1238 2326 1269 2356 Α
1286 2337 1292 2356 :
1317 2327 1510 2367 παρανομίας

188 2370 274 2408 vulg.
436 2381 471 2409 17
498 2372 629 2403 ἀνεῖσαν
645 2369 747 2410 Weil,
767 2370 842 2402 coll.
862 2374 877 2408 §
900 2381 936 2410 17
953 2382 959 2401 z
985 2372 1122 2411 ἀφεῖσαν
1139 2370 1234 2400 codd.
1396 2371 1434 2400 18
1458 2371 1508 2401 καὶ

189 2413 353 2445 καθέλκειν
370 2424 434 2445 om.
455 2414 498 2444 Αι
631 2424 670 2450 24
696 2417 762 2446 τοῖς
776 2413 826 2455 δὲ]
845 2415 917 2447 τοὺς
935 2414 969 2446 δὲ
988 2415 1019 2444 Α
1165 2415 1206 2444 26
1229 2417 1293 2446 τῶν
1310 2414 1410 2455 ὅρκων
1426 2413 1506 2443 secl.

191 2455 285 2486 Blass
395 2459 412 2489 ὒ
429 2455 514 2499 παρ’]
534 2458 609 2497 ὅπερ
627 2459 682 2489 οὐκ
699 2457 730 2487 Α

1544 155 1652 211 [216]

1547 327 1651 382 [217]

1550 610 1592 647 19

1546 1078 1592 1103 20

1545 1475 1586 1501 21

1544 1808 1587 1832 22

1541 2121 1646 2177 [218]

1653 974 1661 1037 ὴ-..ψ
