1763 2828
142 131 254 188 [344]

216 653 256 686 13

143 704 255 758 [345]

214 1252 255 1286 14

215 1712 252 1749 15

215 2106 256 2141 16

703 132 1189 170 ΔΙἸΜΟΣΘΕΝΟΎΣ
1522 127 1608 182 [x1x

289 237 572 288 Νεοπτολέμου
603 238 665 277 καὶ
693 239 979 289 Κτησιφῶντος
1010 237 1070 277 καὶ
1100 240 1177 278 τῶν
1202 236 1339 278 ἄλλων
1363 239 1440 279 τῶν
1465 238 1613 278 ἐκεῖθεν

288 304 628 356 ἀπαγγελλόντων
660 303 741 344 οὐδ’
771 305 899 344 ὁτιοῦν
931 302 1050 355 ὑγιές,
1083 304 1259 356 γίγνεται
1291 307 1368 344 τῶν
1400 303 1613 356 πρέσβεων

287 372 434 412 τούτων
454 372 508 413 εἷς
529 371 591 411 καὶ
618 370 740 417 οὗτος,
763 370 837 423 οὐχ
863 370 912 412 ὡς
932 373 1011 410 τῶν
1030 369 1347 421 ἀποδωσομένων
1366 371 1414 410 τὰ
1433 369 1611 424 ὑμέτερα,

287 437 368 478 οὐδ’
388 438 439 479 ὡς
463 441 540 477 τῶν
565 438 886 478 πεπιστευκότων
905 440 958 491 τῷ
980 437 1180 491 Φιλίππῳ,
1203 435 1294 476 ἀλλ’
1314 436 1365 479 ὡς
1389 440 1466 477 τῶν
1486 442 1613 490 φυλα-

287 503 436 555 ξόντων
455 503 544 546 τοὺς
569 503 729 545 ἄλλους·
768 505 831 544 διὰ
850 505 925 556 γὰρ
946 504 1036 545 τοὺς
1055 502 1359 555 προειρημένους
1384 504 1527 556 λόγους
1553 504 1614 544 καὶ
1634 519 1652 552 5

286 570 358 621 τὴν
377 570 472 623 πρὸς
491 570 558 610 τὸν
578 571 782 611 Φίλιππον
803 569 1019 623 ἀπέχθειαν
1038 570 1183 620 ταύτην
1209 570 1366 611 εἰκότως
1386 570 1474 622 περὶ
1499 570 1617 611 αὐτοῦ

288 636 431 678 πάντες
473 637 600 689 εἴχετε
635 635 706 685 τὴν
744 635 873 686 δόξαν.
944 637 1179 688 προσελθὼν
1218 637 1349 677 τοίνυν
1391 637 1476 686 ἐμοὶ
1516 638 1615 687 μετὰ

287 706 409 743 ταῦτα
439 701 698 742 συνετάττετο
731 703 839 759 κοινῇ
871 703 1122 754 πρεσβεύειν,
1152 703 1213 742 καὶ
1244 703 1348 744 ὅπως
1377 702 1446 743 τὸν
1475 702 1616 755 μιαρὸν

287 770 350 809 καὶ
384 769 521 818 ἀναιδῆ
556 767 786 821 φυλάξομεν
819 769 1048 821 ἀμφότεροι,
1083 768 1152 809 τὸν
1186 768 1450 821 Φιλοκράτην,
1482 770 1615 809 πολλὰ

287 835 617 887 παρεκελεύσατο.
689 836 752 876 καὶ
783 834 901 888 μέχρι
933 838 1001 874 τοῦ
1035 835 1135 886 δεῦρ’
1170 836 1404 876 ἐπανελθεῖν
1437 835 1514 875 ἀπὸ
1546 838 1614 885 τῆς

286 902 441 954 πρώτης
488 902 707 954 πρεσβείας
756 903 823 952 ἐμὲ
863 904 970 954 γοῦν,
1014 898 1044 940 ὦ
1091 900 1227 953 ἄνδρες
1271 900 1486 951 Ἀθηναῖοι,
1536 904 1612 941 διε-

286 968 514 1021 φθαρμένος
540 967 601 1008 καὶ
627 969 836 1020 πεπρακὼς
861 967 999 1008 ἑαυτὸν
1024 967 1230 1008 ἐλάνθανε.
1294 968 1415 1020 χωρὶς
1438 969 1513 1020 γὰρ
1537 971 1615 1008 τῶν

286 1035 423 1076 ἄλλων
442 1036 507 1081 ὧν,
530 1035 625 1087 ὅπερ
646 1034 768 1081 εἶπον,
792 1033 935 1087 εἰρήκει
959 1035 1162 1086 πρότερον,
1186 1035 1362 1076 ἀναστὰς
1381 1040 1428 1092 τῇ
1447 1033 1616 1089 προτέρᾳ

286 1105 364 1142 τῶν
391 1104 610 1153 ἐκκλησιῶν
636 1103 680 1142 ἐν
705 1102 765 1143 αἶς
790 1102 878 1153 περὶ
903 1103 972 1152 τῆς
999 1100 1153 1154 εἰρήνης
1179 1101 1458 1152 ἐβουλεύεσθε,
1480 1100 1614 1153 ἤρξατ’

286 1167 426 1222 ἀρχήν,
456 1167 504 1219 ἣν
534 1169 611 1220 ἐγὼ
647 1168 708 1208 καὶ
736 1171 818 1210 τοῖς
849 1166 1025 1220 ῥήμασιν
1058 1168 1165 1219 οἶμαι
1195 1171 1276 1210 τοῖς
1311 1169 1441 1210 αὐτοῖς
1475 1169 1616 1220 οἷσπερ

286 1235 398 1278 οὗτος
435 1235 542 1276 εἶπεν
579 1236 621 1275 ἐν
652 1236 742 1286 ὑμῖν
780 1234 1158 1286 ἀπομνημονεύσειν.
1233 1236 1293 1276 ἐἰ
1330 1234 1431 1276 πάνυ
1463 1234 1615 1276 πολὺν’

285 1302 364 1354 ἔφη
392 1304 401 1320 ‘
418 1302 563 1356 χρόνον
593 1302 757 1342 ἐσκόπει
782 1301 1042 1353 Φιλοκράτης,
1071 1299 1100 1341 ὦ
1131 1301 1268 1353 ἄνδρες
1292 1301 1506 1352 Ἀθηναῖοι,
1534 1306 1615 1344 πῶς

285 1368 333 1409 ἂν
371 1368 499 1421 ἄριστ’
540 1369 789 1418 ἐναντιωθείη
830 1374 878 1426 τῇ
918 1367 1064 1424 εἰρήνῃ,
1106 1368 1174 1408 οὐκ
1216 1368 1264 1410 ἂν
1301 1368 1418 1410 αὐτὸν
1455 1368 1615 1420 ἄμεινον

286 1436 411 1487 εὑρεῖν
436 1434 544 1486 οἶμαι
571 1432 594 1485 ἢ
621 1438 779 1476 τοιαῦτα
805 1434 1025 1487 γράφοντα.
1097 1436 1175 1487 ἐγὼ
1206 1437 1247 1476 δὲ
1277 1435 1419 1486 ταύτην
1447 1438 1519 1486 μὲν
1544 1435 1614 1486 τὴν

286 1500 455 1553 εἰρήνην,
479 1502 551 1543 ἕως
570 1501 618 1542 ἂν
638 1502 691 1543 εἷς
711 1502 932 1552 Ἀθηναίων
953 1502 1149 1552 λείπηται,
1171 1501 1349 1542 οὐδέποτ’
1368 1501 1415 1542 ἂν
1436 1506 1611 1553 συμβου-

285 1569 471 1618 λεύσαιμι
507 1567 753 1618 ποιήσασθαι
789 1569 834 1623 τῇ
872 1569 999 1614 πόλει,
1037 1567 1192 1620 εἰρήνην
1228 1568 1362 1619 μέντοι
1395 1569 1496 1621 φημὶ
1533 1571 1614 1609 δεῖν

285 1634 510 1675 ποιεῖσθαι.’
582 1635 643 1675 καὶ
668 1634 866 1676 τοιούτους
891 1636 1000 1677 τινὰς
1031 1634 1116 1676 εἶπε
1145 1638 1314 1689 βραχεῖς
1344 1635 1406 1675 καὶ
1435 1637 1614 1688 μετρίους

285 1702 441 1753 λόγους.
510 1702 530 1740 ὁ
556 1703 595 1741 δὲ
622 1700 728 1741 ταῦτ’
755 1702 873 1742 εἰπὼν
899 1707 947 1758 τῇ
972 1702 1183 1755 προτεραίᾳ
1209 1701 1365 1742 πάντων
1391 1702 1613 1743 ἀκουόντων

285 1769 405 1818 ὑμῶν,
432 1769 487 1810 εἰς
516 1767 586 1818 τὴν
615 1768 840 1819 ὑστεραίαν,
869 1769 911 1808 ἐν
940 1766 963 1824 ᾗ
990 1767 1061 1818 τὴν
1092 1767 1248 1819 εἰρήνην
1279 1768 1357 1808 ἔδει
1387 1771 1611 1821 κυροῦσθαι,

287 1835 379 1885 ἐμοῦ
415 1838 467 1889 τῷ
506 1838 584 1875 τῶν
624 1834 844 1888 συμμάχων
885 1837 1199 1887 συνηγοροῦντος
1238 1835 1404 1887 δόγματι
1444 1835 1505 1875 καὶ
1543 1835 1613 1885 τὴν
1656 1849 1671 1880 ζ

287 1900 442 1953 εἰρήνην
480 1901 585 1944 ὅπως
626 1903 694 1952 ἴση
735 1902 798 1942 καὶ
837 1903 966 1942 δικαία
1005 1900 1218 1953 γενήσεται
1257 1901 1510 1953 πράττοντος,
1552 1903 1613 1942 καὶ

285 1968 392 2018 ὑμῶν
416 1967 675 2019 βουλομένων
699 1971 821 2008 ταῦτα
847 1968 909 2008 καὶ
934 1967 1023 2008 οὐδὲ
1048 1967 1186 2020 φωνὴν
1211 1969 1431 2010 ἐθελόντων
1457 1969 1613 2009 ἀκούειν

285 2037 354 2074 τοῦ
373 2034 647 2075 καταπτύστου
664 2033 946 2086 Φιλοκράτους,
967 2035 1143 2076 ἀναστὰς
1164 2035 1399 2088 ἐδημηγόρει
1419 2035 1481 2075 καὶ
1496 2051 1613 2085 συνη-

285 2101 393 2152 γόρει
414 2100 540 2156 ’κείνῳ
561 2104 725 2142 πολλῶν
744 2099 888 2151 ἀξίους,
911 2098 940 2140 ὦ
962 2104 1038 2141 Ζεῦ
1064 2101 1127 2142 καὶ
1151 2100 1296 2143 πάντες
1321 2101 1416 2148 θεοί,
1435 2100 1613 2142 θανάτων

1639 855 1676 876 10

1637 1186 1674 1220 15

1635 1517 1674 1540 20

283 2167 440 2219 λόγους,
472 2168 524 2210 ὡς
557 2167 645 2208 οὔτε
678 2171 756 2208 τῶν
784 2167 989 2219 προγόνων
1022 2168 1121 2218 ὑμᾶς
1153 2169 1378 2219 μεμνῆσθαι
1411 2166 1492 2208 δέοι
1524 2168 1613 2208 οὔτε
1632 2179 1674 2209 30

326 2285 346 2313 3
370 2275 495 2307 τούτων
512 2274 555 2307 εἷς
573 2276 622 2307 καὶ
640 2285 704 2306 om.
725 2274 825 2305 Vind.
848 2285 860 2304 1
880 2274 986 2305 schol.
1007 2285 1038 2314 p.
1058 2275 1132 2314 348,
1150 2285 1188 2305 21
1322 2276 1365 2307 ὢν
1381 2279 1459 2306 ante
1475 2276 1515 2307 τὰ
1532 2275 1608 2306 add.

286 2318 452 2349 Richards
540 2328 561 2357 9
577 2318 760 2359 φυλάξομεν
774 2317 930 2356 SFQFr.
944 2318 1052 2350 Grafi:
1071 2318 1262 2359 φυλάξωμεν
1271 2318 1390 2357 Lvulg.
1485 2328 1521 2357 13
1538 2332 1611 2360 προ-

283 2362 359 2403 τέρᾳ
379 2362 403 2391 L
415 2361 447 2391 A
467 2361 518 2392 Fr.
541 2361 634 2393 Gras.
649 2372 655 2392 :
681 2361 851 2403 προτεραίᾳ
869 2361 892 2391 S
905 2361 934 2391 Y
947 2361 976 2392 Ο
989 2361 1019 2400 Q
1126 2372 1162 2401 17
1187 2364 1252 2394 πῶς
1270 2361 1293 2392 S
1307 2361 1394 2400 LQ:
1420 2362 1501 2395 ὅπως
1518 2362 1608 2401 vulg.

289 2406 326 2434 18
350 2407 387 2436 ἂν
404 2415 467 2435 om.
489 2405 522 2435 S*
614 2414 655 2434 22
679 2407 814 2446 βραχεῖς
832 2405 919 2436 εἶπεν
938 2404 989 2435 Fr.
1012 2404 1103 2436 Gras.
1196 2415 1238 2443 23
1262 2406 1433 2447 προτεραίᾳ
1448 2405 1478 2435 Α
1496 2405 1585 2444 vulg.
1603 2416 1609 2435 :

285 2448 419 2489 προτέρᾳ
438 2450 461 2478 5
475 2448 499 2477 L
517 2447 580 2478 soli
703 2449 745 2479 26
767 2448 941 2489 γενήσεται
960 2448 1048 2487 vulg.
1068 2460 1074 2479 :
1097 2448 1231 2489 γένηται
1251 2448 1274 2478 S
1289 2449 1353 2479 LA
1367 2448 1407 2486 O,
1426 2449 1465 2479 cs.
1487 2451 1520 2479 ix
1540 2459 1578 2487 75
