1747 2844
160 123 247 177 xxx]
385 130 528 166 ΠΕΡΙ
575 130 697 167 ΤΗΣ
747 129 1265 167 ΠΑΡΑΠΡΕΣΒΕΙΑΣ
1513 129 1627 183 [368]

158 235 191 274 εἰ
210 233 277 273 τὸν
292 236 390 284 μηδὲ
406 234 496 276 τοὺς
512 234 635 279 θεούς,
651 233 735 274 καθ’
752 233 772 273 ὃ
788 234 949 285 πάτριον
965 233 1024 283 ἦν,
1039 236 1228 283 τιμᾶσθαι
1243 232 1478 284 ποιήσαντα,

157 303 292 340 τοῦτον
318 301 560 352 ἀτιμώρητον
587 299 777 352 ἀφήσετε.
846 298 941 351 λέγε
967 299 1011 339 τὸ
1036 298 1245 352 ψήφισμα.

715 417 913 446 ΨΗΦΙΣΜΑ.

220 501 353 538 Ταῦτα
388 500 458 549 μὲν
494 496 574 536 τότ’
607 494 697 545 ἄξι’,
734 495 763 535 ὦ
800 495 938 548 ἄνδρες
970 495 1186 546 Ἀθηναῖοι,
1220 500 1297 537 τῶν
1330 513 1476 549 πεπρα-

116 582 132 612 5
154 565 309 617 γμένων
333 565 610 615 ἐψηφίσασθε.
682 561 785 615 Λέγε
810 562 855 612 δὴ
881 564 928 602 τὰ
952 564 1050 613 μετὰ
1075 566 1210 603 ταῦτα.

715 681 914 710 ΨΗΦῙΣΜΑ.

218 765 353 802 Ταῦτα
384 760 463 801 τότ’
491 760 732 813 ἐψηφίζεσθ’
757 762 867 812 ὑμεῖς
900 762 963 801 διὰ
992 761 1162 806 τούτους,
1189 760 1257 801 οὐκ
1291 761 1354 801 ἐπὶ
1387 761 1477 802 ταύ-
1511 772 1554 814 87

153 845 237 870 ταις
263 832 347 871 ταῖς
371 829 534 868 ἐλπίσιν
558 828 647 868 οὕτε
674 827 754 867 κατ’
780 828 906 880 ἀρχὰς
930 826 1193 878 ποιησάμενοι
1223 826 1293 877 τὴν
1323 827 1480 879 εἰρήνην

155 895 215 935 καὶ
241 895 312 945 τὴν
338 896 580 947 συμμαχίαν,
607 894 688 934 οὔθ’
714 894 882 946 ὕστερον
908 893 1111 946 ἐγγράψαι
1138 893 1368 936 πεισθέντες
1387 891 1480 946 (εἰς)

95 979 135 1000 10
154 961 274 1012 αὐτὴν
301 964 311 979 ‘
331 961 392 1001 καὶ
425 964 506 1002 τοῖς
541 960 748 1013 ἐγγόνοις,’
775 960 865 1000 ἀλλ’
892 960 942 1003 ὡς
977 959 1162 1011 θαυμάσι’
1191 960 1309 1011 ἡλίκα
1341 961 1480 1001 πεισό-

152 1045 264 1079 μενοι
289 1030 352 1068 διὰ
377 1027 536 1069 τούτους
565 1026 707 1079 ἀγαθά.
780 1028 843 1068 καὶ
875 1027 953 1078 μὴν
985 1027 1047 1067 καὶ
1080 1028 1178 1077 μετὰ
1208 1025 1315 1066 ταῦθ’
1341 1026 1479 1069 ὁσάκις

153 1094 250 1147 πρὸς
276 1097 448 1149 Πορθμῷ
467 1091 490 1144 ἦ
511 1093 606 1146 πρὸς
634 1093 835 1147 Μεγάροις
860 1094 1068 1135 ἀκούοντες
1093 1094 1254 1144 δύναμιν
1274 1095 1479 1135 Φιλίππου

155 1162 217 1201 καὶ
251 1160 385 1212 ξένους
420 1162 693 1212 ἐθορυβεῖσθε,
721 1159 865 1202 πάντες
901 1162 1133 1201 ἐπίστασθε.
1204 1159 1248 1199 οὐ
1280 1161 1411 1201 τοίνυν
1445 1161 1479 1201 εἰ

153 1227 268 1278 μήπω
301 1229 369 1277 τῆς
403 1227 583 1278 Ἀττικῆς
618 1228 830 1278 ἐπιβαίνει,
867 1230 927 1268 δεῖ
958 1230 1120 1268 σκοπεῖν
1154 1225 1242 1266 οὐδὲ
1277 1227 1476 1280 ῥᾳθυμεῖν,

98 1310 133 1341 15
155 1294 246 1334 ἀλλ’
273 1296 305 1335 εἰ
332 1296 393 1334 διὰ
419 1294 577 1336 τούτους
605 1292 765 1344 ἐξουσία
797 1293 962 1346 γέγονεν
991 1294 1093 1348 αὐτῷ
1121 1293 1226 1334 τοῦθ’
1252 1294 1346 1333 ὅταν
1379 1294 1475 1344 βού-

153 1367 271 1411 ληται
300 1363 476 1411 ποιῆσαι,
504 1360 608 1400 τοῦθ’
635 1362 743 1412 ὁρᾶν,
772 1361 834 1401 καὶ
863 1360 959 1413 πρὸς
989 1361 1113 1400 ἐκεῖνο
1143 1359 1187 1399 τὸ
1216 1359 1344 1400 δεινὸν
1375 1359 1475 1411 βλέ-

154 1445 254 1474 πειν,
296 1428 358 1468 καὶ
397 1427 466 1467 τὸν
508 1428 631 1467 αἴτιον
675 1427 737 1467 καὶ
777 1426 1137 1467 παοασκευάσαντα
1177 1426 1249 1477 τὴν
1292 1425 1475 1476 ἐξουσίαν
1508 1431 1628 1486 [369]

152 1495 296 1545 ταύτην
323 1495 456 1548 ἐκείνῳ
480 1497 613 1545 μισεῖν
638 1493 700 1533 καὶ
725 1496 992 1546 τιμωρεῖσθαι.

218 1561 320 1602 Οἶδα
344 1562 476 1602 τοίνυν
499 1561 559 1600 ὅτι
585 1560 672 1603 τοὺς
696 1562 769 1611 μὲν
787 1561 883 1612 ὑπὲρ
903 1563 980 1600 τῶν
1000 1559 1328 1612 κατηγορημένων
1347 1558 1475 1600 αὐτῶν
1506 1566 1550 1599 88

93 1642 132 1664 20
150 1628 295 1680 λόγους
321 1629 517 1681 Αἰσχίνης
548 1624 747 1679 φεύξεται,
775 1628 1021 1678 βουλόμενος
1052 1626 1086 1666 δ’
1111 1627 1210 1677 ὑμᾶς
1240 1626 1291 1668 ὡς
1321 1642 1471 1677 πορρων

150 1694 252 1734 τάτω
301 1698 379 1734 τῶν
421 1693 709 1746 πεπραγμένων
751 1693 918 1746 ἀπάγειν
960 1692 1148 1744 διέξεισιν
1190 1692 1308 1743 ἡλίκα
1349 1695 1474 1733 πᾶσιν

151 1761 371 1813 ἀνθρώποις
407 1760 521 1813 ἀγάθ’
559 1762 600 1800 ἐκ
636 1763 704 1811 τῆς
742 1759 895 1812 εἰρήνης
931 1761 1108 1812 γίγνεται
1147 1760 1209 1800 καὶ
1245 1760 1473 1800 τούναντίον

151 1829 193 1867 ἐκ
226 1831 293 1867 τοῦ
325 1827 501 1878 πολέμου
535 1827 644 1873 κακά,
682 1827 743 1867 καὶ
776 1829 878 1869 ὅλως
910 1826 1069 1879 ἐγκώμι’
1100 1825 1254 1878 εἰρήνης
1287 1827 1378 1878 ἐρεῖ,
1411 1827 1471 1866 καὶ

150 1894 295 1934 τοιαῦτ’
332 1892 642 1946 ἀπολογήσεται.
714 1893 801 1934 ἔστι
837 1896 878 1934 δὲ
916 1895 977 1934 καὶ
1013 1897 1132 1934 ταῦτα
1170 1891 1471 1945 κατηγορήματα

92 1978 129 2008 25
149 1961 300 2001 τούτου.
372 1962 405 2001 εἰ
445 1962 521 2013 γὰρ
560 1961 582 2010 ἡ
625 1964 706 2002 τοῖς
747 1960 886 2002 ἄλλοις
928 1961 1085 2013 ἀγαθῶν
1127 1960 1232 2000 αἰτία
1269 1959 1471 1999 τοσούτων

150 2027 391 2080 πραγμάτων
428 2028 490 2067 καὶ
525 2029 700 2079 ταραχῆς
734 2027 827 2078 ἡμῖν
865 2028 969 2068 αἰτία
1007 2027 1161 2080 γέγονε,
1201 2027 1242 2066 τί
1276 2043 1334 2067 τις
1370 2025 1470 2066 εἶναι

148 2097 265 2134 τοῦτο
301 2100 359 2151 φῇ
395 2093 499 2143 πλὴν
536 2094 595 2134 ὅτι
631 2096 736 2147 δῶρα
773 2095 971 2145 λαβόντες
1007 2094 1113 2134 οὗτοι
1151 2092 1272 2133 καλὸν
1309 2095 1469 2145 πρᾶγμα

195 2213 253 2233 1—2
279 2204 308 2235 εἰ
326 2228 332 2234 .
355 2228 361 2234 .
380 2226 386 2234 .
408 2202 552 2242 ἀφήσετε
570 2211 632 2232 om.
652 2201 675 2232 S
689 2201 769 2232 LY¹
884 2212 903 2241 5
929 2202 1130 2243 ἐψηφίσασθε
1150 2210 1213 2231 om.
1234 2199 1265 2229 Α
1380 2211 1401 2239 9
1426 2202 1470 2234 εἷς

149 2251 230 2277 ante
244 2247 343 2287 αὐτὴν
356 2246 430 2276 add.
446 2245 636 2283 Markland,
649 2245 688 2275 cf.
706 2248 742 2283 §§
758 2256 809 2284 49,
825 2255 889 2284 310
981 2255 1019 2275 10
1044 2243 1190 2285 ἐγγόνοις
1205 2243 1235 2274 O
1249 2243 1276 2273 B
1295 2255 1301 2274 ε
1327 2244 1471 2285 ἐκγόνοις

152 2290 175 2320 S
190 2290 215 2320 L
231 2290 331 2329 vulg,
349 2289 389 2320 cs.
412 2292 447 2327 ἐξ
467 2289 520 2327 48,
538 2299 578 2327 54
686 2298 725 2328 19
749 2291 852 2321 αὐτῶν
870 2288 905 2319 S¹
926 2290 1041 2327 (supra
1058 2288 1184 2326 scripto
1203 2289 1237 2318 οῦ
1254 2287 1294 2317 ab
1311 2292 1377 2318 ant.
1396 2288 1472 2327 m.):

150 2335 245 2365 αὐτοῦ
264 2334 289 2363 L
305 2333 410 2371 vulg:
435 2334 531 2363 αὑτοῦ
551 2331 686 2362 Bekker
810 2342 851 2371 25
876 2333 1004 2372 ἀγαθοῖς
1023 2331 1088 2369 SQ
1210 2331 1251 2361 26
1274 2331 1472 2369 τηλικαύτης

149 2382 227 2407 ante
244 2378 387 2418 ταραχῆς
404 2376 479 2407 add.
501 2375 525 2405 L
543 2375 630 2414 vulg.
649 2386 655 2405 ε
679 2384 742 2406 om.
762 2375 785 2405 S
797 2375 827 2405 A
961 2385 1000 2414 27
1026 2377 1070 2416 φῇ
1088 2374 1154 2405 SA
1169 2385 1176 2404 τ
1201 2375 1278 2415 φαίη
1296 2374 1385 2413 vulg.
