1747 2844
170 156 288 211 xvm]
480 162 623 198 ΠΕΡΙ
671 160 793 198 ΤΟΎ
842 161 1176 199 ΣΤΕΦΑΝΟΎ

168 263 384 318 Ἐρέτριαν,
412 266 545 306 πολλὰ
571 264 604 305 δ’
627 264 742 307 αὐτὸς
768 265 787 303 ὁ
812 265 1015 306 Φίλιππος
1041 264 1145 305 ὥστε
1169 263 1279 305 ταῦθ’
1300 264 1491 318 ὑπάρχειν

169 331 234 384 ἐφ’
264 333 362 382 ὑμᾶς
395 331 509 386 αὐτῷ,
546 333 608 372 καὶ
642 332 730 383 περὶ
762 334 839 371 τῶν
874 330 1010 371 ἄλλων
1045 333 1168 381 μηδὲν
1205 329 1492 385 ἐξελέγχεσθαι

167 398 256 450 μηδ’
296 399 320 439 ἃ
361 402 483 439 ποιῶν
523 398 647 448 ἠδίκει
693 397 827 449 μηδέν’
870 395 1068 447 ἐξετάζειν
1108 401 1324 450 πανταχοῦ,
1368 398 1494 440 οὐδεὶς

168 466 314 518 ἀγνοεῖ,
338 466 400 505 καὶ
419 463 576 505 πάντων
595 464 739 514 ἥκιστα
759 464 822 504 σύ·
862 465 898 504 οἱ
927 465 1001 516 γὰρ
1026 465 1132 515 παρὰ
1156 468 1224 504 τοῦ
1246 463 1493 518 Κλειτάρχου

130 549 147 580 5
170 532 232 572 καὶ
256 535 324 571 τοῦ
349 532 584 571 Φιλιστίδου
609 531 698 570 τότε
727 529 922 582 πρέσβεις
952 529 1052 582 δεῦρ’
1079 530 1363 583 ἀφικνούμενοι
1390 534 1494 583 παρὰ

169 598 234 638 σοὶ
272 597 474 643 κατέλυον,
514 597 699 650 Αἰσχίνη,
737 597 800 637 καὶ
837 597 888 637 σὺ
924 595 1151 649 προύξένεις
1187 597 1327 638 αὐτῶν·
1372 598 1438 640 οὓς
1470 598 1493 649 ἡ

166 666 240 716 μὲν
276 665 393 706 πόλις
432 664 483 705 ὡς
521 663 684 716 ἐχθροὺς
725 663 786 704 καὶ
826 664 915 705 οὔτε
954 663 1067 703 δίκαι’
1108 665 1197 705 οὔτε
1240 664 1495 717 συμφέροντα

166 731 359 783 λέγοντας
385 729 583 781 ἀπήλασε,
609 730 674 770 σοὶ
700 729 732 770 δ’
759 729 863 780 ἦσαν
890 731 1016 782 φίλοι.
1090 731 1135 771 οὐ
1160 732 1291 772 τοίνυν
1316 731 1493 784 ἐπράχθη

167 797 315 837 τούτων
334 796 459 843 οὐδέν,
482 795 511 837 ὦ
536 800 797 849 βλασφημῶν
823 797 911 849 περὶ
932 798 1026 848 ἐμοῦ
1046 799 1109 838 καὶ
1135 797 1266 850 λέγων
1288 798 1338 839 ὡς
1359 802 1494 839 σιωπῶ

111 880 148 901 10
166 866 237 915 μὲν
273 863 426 914 λαβών,
464 867 549 915 βοῶ
587 863 619 903 δ’
651 864 877 906 ἀναλώσας.
950 863 1042 904 ἀλλ’
1076 864 1120 904 οὐ
1155 866 1217 910 σύ,
1253 866 1359 904 ἀλλὰ
1394 869 1495 920 βοᾷς

167 933 239 981 μὲν
272 930 389 983 ἔχων,
425 931 569 970 παύσει
602 929 635 969 δ’
669 930 847 971 οὐδέποτ’
882 931 951 970 ἐὰν
984 929 1036 981 μή
1071 930 1110 969 σ’
1143 931 1250 971 οὗτοι
1286 931 1494 971 παύσωσιν

169 997 440 1048 ἀτιμώσαντες
475 996 657 1049 τήμερον.
731 996 1080 1049 στεφανωσάντων
1120 999 1252 1038 τοίνυν
1288 999 1396 1049 ὑμῶν
1436 997 1495 1048 ἔμ’

169 1064 233 1104 ἐπὶ
266 1063 417 1105 τούτοις
453 1063 555 1109 τότε,
594 1063 656 1103 καὶ
693 1062 925 1115 γράψαντος
963 1063 1236 1115 Ἀριστονίκου
1274 1066 1342 1106 τὰς
1377 1065 1496 1106 αὐτὰς

171 1132 384 1181 συλλαβὰς
409 1129 536 1181 ἅσπερ
565 1130 700 1170 οὑτοσὶ
727 1133 948 1182 Κτησιφῶν
974 1134 1041 1171 νῦν
1068 1130 1259 1184 γέγραφε,
1287 1131 1349 1171 καὶ
1374 1131 1491 1183 ἀναρ-

111 1210 147 1241 15
168 1196 356 1248 ρηθέντος
389 1198 432 1237 ἐν
467 1200 519 1251 τῷ
551 1196 699 1251 θεάτρῳ
731 1200 798 1236 τοῦ
830 1196 1045 1250 στεφάνου,
1075 1198 1136 1237 καὶ
1165 1197 1345 1248 δευτέρου
1381 1198 1493 1250 κηρύ-

169 1280 317 1315 γματος
341 1262 413 1314 ἤδη
450 1280 516 1314 μοι
540 1264 678 1303 τούτου
709 1263 956 1316 γιγνομένου,
989 1263 1068 1304 οὔτ’
1093 1265 1276 1305 ἀντεῖπεν
1301 1265 1495 1317 Αἰσχίνης

169 1330 303 1382 παρὼν
324 1330 412 1371 οὔτε
439 1329 507 1370 τὸν
534 1329 680 1370 εἰπόντ’
701 1329 920 1382 ἐγράψατο.
983 1332 1064 1370 Καί
1083 1347 1148 1381 μοι
1173 1330 1267 1383 λέγε
1293 1332 1355 1372 καὶ
1380 1335 1493 1371 τοῦτο

165 1396 211 1436 τὸ
235 1395 433 1449 ψήφισμα
456 1397 610 1447 λαβών.

729 1513 927 1543 ΨΗΦΙΣΜΑ.

107 1595 147 1618 20
221 1580 319 1633 [Ἐπὶ
369 1581 582 1632 Χαιρώνδου
629 1581 841 1633 “Ηγήμονος
892 1581 1078 1632 ἄρχοντος,
1126 1584 1361 1634 γαμηλιῶνος
1408 1583 1493 1633 ἕκτῃ

167 1638 347 1681 ἀπιόντος,
375 1638 498 1686 φυλῆς
525 1635 823 1685 πρυτανευούσης
849 1636 1053 1681 Λεοντίδος,
1076 1635 1329 1687 Ἀριστόνικος
1358 1639 1494 1687 Φρεάρ-

166 1708 242 1741 ριος
269 1691 377 1729 εἶπεν·
414 1690 537 1738 ἐπειδὴ
564 1689 810 1740 Δημοσθένης
837 1690 1102 1739 Δημοσθένους
1129 1692 1325 1731 Παιανιεὺς
1349 1693 1494 1731 πολλὰς

168 1746 227 1783 καὶ
259 1746 426 1797 μεγάλας
457 1745 581 1796 χρείας
613 1745 847 1795 παρέσχηται
885 1747 935 1795 τῷ
969 1744 1070 1796 δήμῳ
1103 1749 1153 1796 τῷ
1186 1744 1400 1795 Ἀθηναίων,
1436 1746 1495 1783 καὶ

167 1801 324 1839 πολλοῖς
351 1803 423 1838 τῶν
445 1800 653 1850 συμμάχων
680 1799 739 1836 καὶ
767 1798 945 1848 πρότερον
972 1800 1031 1836 καὶ
1060 1802 1098 1837 ἐν
1125 1803 1175 1850 τῷ
1203 1801 1356 1850 παρόντι
1386 1803 1495 1851 καιρῷ

109 1865 145 1897 25
166 1854 383 1903 βεβοήθηκε
412 1853 470 1891 διὰ
497 1856 569 1891 τῶν
598 1853 862 1903 ψηφισμάτων,
894 1853 958 1891 καί
982 1870 1081 1894 τινας
1109 1857 1180 1892 τῶν
1210 1857 1247 1893 ἐν
1274 1857 1322 1905 τῇ
1349 1855 1495 1904 Εὐβοίᾳ

167 1909 312 1946 πόλεων
324 1907 560 1957 ἠλευθέρωκε,
577 1907 635 1945 καὶ
651 1907 811 1945 διατελεῖ
825 1908 947 1947 εὔνους
964 1907 1011 1946 ὢν
1023 1911 1073 1959 τῷ
1094 1908 1195 1960 δήμῳ
1214 1912 1264 1959 τῷ
1278 1907 1493 1957 Ἀθηναίων,

168 1962 227 2000 καὶ
255 1962 356 2014 λέγει
385 1962 444 1999 καὶ
472 1963 623 2011 πράττει
652 1961 672 1999 ὅ
700 1978 735 1999 τι
764 1960 808 2000 ἂν
836 1961 983 2011 δύνηται
1015 1962 1155 2014 ἀγαθὸν
1183 1964 1274 2012 ὑπέρ
1305 1979 1344 1999 τε
1378 1964 1495 2000 αὐτῶν

167 2014 370 2065 Ἀθηναίων
404 2015 463 2053 καὶ
497 2019 568 2053 τῶν
601 2016 726 2053 ἄλλων
759 2013 961 2065 εΕλλήνων,
997 2016 1167 2067 δεδόχθαι
1200 2019 1247 2067 τῇ
1279 2017 1405 2066 βουλῇ
1436 2016 1494 2053 καὶ

165 2074 215 2121 τῷ
254 2070 354 2121 δήμῳ
392 2073 441 2120 τῷ
478 2068 681 2118 Ἀθηναίων
720 2071 909 2108 ἐπαινέσαι
950 2071 1199 2121 Δημοσθένην
1232 2070 1495 2120 Δημοσθένους

107 2134 148 2163 30
166 2125 345 2163 Παιανιέα
384 2125 443 2161 καὶ
480 2126 721 2172 στεφανῶσαι
757 2127 885 2175 χρυσῷ
924 2126 1111 2176 στεφάνῳ,
1153 2125 1212 2162 καὶ
1251 2127 1493 2176 ἀναγορεῦσαι

210 2238 229 2257 2
265 2226 498 2269 ἐξελέγχεσθαι
527 2226 590 2257 SL
619 2226 728 2265 vulg.:
766 2226 960 2267 ἐλέγχεσθαι
988 2228 1060 2258 AY
1085 2229 1189 2260 Bekk.
1216 2228 1346 2258 Anecd.
1373 2238 1404 2267 p.
1433 2238 1491 2267 147

166 2281 187 2309 9
210 2272 259 2302 καὶ
278 2270 384 2311 λέγων
400 2269 464 2301 del.
486 2270 606 2307 Cobet,
624 2270 664 2300 cs.
685 2270 743 2299 xix
763 2273 777 2307 §
800 2279 860 2309 119
1017 2282 1055 2301 10
1077 2286 1116 2313 γε
1134 2276 1210 2311 post
1230 2272 1270 2303 σύ
1286 2271 1362 2303 add.
1380 2271 1469 2310 vulg.
1485 2283 1492 2302 :

167 2323 232 2345 om.
255 2314 278 2344 S
302 2314 395 2344 solus
573 2323 610 2343 12
634 2313 850 2353 ἀτιμάσαντες
873 2313 915 2351 Ο,
934 2315 975 2344 cf.
996 2316 1054 2344 xix
1072 2317 1133 2345 262
1314 2316 1418 2354 15-16
1441 2316 1491 2346 καὶ

168 2356 314 2398 δευτέρου
333 2382 340 2388 .
359 2381 366 2387 .
389 2381 396 2388 .
412 2357 607 2398 γιγνομένου
622 2356 703 2388 Secl.
724 2356 857 2395 Lipsius
997 2368 1032 2396 17
1059 2358 1198 2398 εἰπόντ’]
1217 2358 1411 2390 ἀντειπόντα
1429 2358 1452 2388 S
1467 2358 1492 2387 L

169 2410 211 2429 20
244 2402 424 2441 Χαιρώνδου
455 2401 519 2430 del.
554 2400 689 2429 Dobree
867 2410 908 2438 23
936 2405 969 2431 et
998 2402 1039 2431 26
1073 2405 1117 2441 τῷ
1146 2403 1320 2439 Ἀθηναίων
1349 2401 1391 2432 S:
1429 2404 1493 2432 τῶν

169 2443 341 2480 Ἀθηναίων
365 2444 451 2482 vulg.

1305 2487 1360 2518 16*

1523 164 1631 217 [252]

1527 475 1569 508 82

1528 863 1636 917 [253]

1527 1004 1570 1046 83
