1731 2844
156 135 246 188 vm?
367 141 510 178 ΠΕΡΙ
558 140 685 177 ΤΩΝ
737 139 813 175 EN
863 139 1267 175 ΧΕΡΡΟΝΗΣΩΙ

155 245 303 296 πληγαὶ
339 245 399 284 καὶ
428 245 447 282 ὁ
476 246 543 284 τοῦ
577 240 756 293 σώματος
790 240 984 292 αἰκισμός,
1014 240 1037 280 ἃ
1069 239 1166 291 μήτε
1197 239 1352 292 γένοιτο
1385 242 1472 281 οὕτε

154 310 288 362 λέγειν
312 310 435 360 ἄξιον.

222 376 361 417 Πάντα
379 377 509 417 τοίνυν
528 374 641 416 τᾶλλ’
662 376 780 416 εἰπὼν
806 374 853 414 ἂν
871 373 1007 425 ἡδέως,
1029 373 1091 413 καὶ
1116 372 1246 423 δείξας
1266 371 1311 414 ὃν
1328 374 1474 425 τρόπον

154 444 252 495 ὑμᾶς
271 443 366 484 ἔνιοι
386 442 769 487 καταπολιτεύονται,
787 443 835 481 τὰ
853 443 925 492 μὲν
943 439 1034 480 ἄλλ’
1052 438 1171 480 ἐάσω·
1211 439 1300 479 ἀλλ’
1318 439 1474 480 ἐπειδάν

117 528 135 561 5
155 527 191 551 τι
220 514 297 564 τῶν
320 510 417 562 πρὸς
442 510 644 550 Φίλιππον
670 507 834 563 ἐμπέσῃ,
864 506 975 548 εὐθὺς
1004 505 1180 548 ἀναστάς
1207 522 1264 547 τις
1293 505 1402 558 λέγει
1431 506 1475 546 τὸ

156 576 227 627 τὴν
246 576 402 628 εἰρήνην
420 575 529 628 ἄγειν
549 575 599 617 ὡς
625 574 773 627 ἀγαθὸν
794 574 854 614 καὶ
874 573 918 613 τὸ
938 572 1098 625 τρέφειν
1117 573 1279 623 δύναμιν
1297 571 1476 624 μεγάλην

157 643 208 684 ὡς
236 643 427 695 χαλεπόν,
455 642 515 682 καὶ
543 640 793 694 ζδιαρπάζειν
816 642 920 682 τινὲς
948 641 995 679 τὰ
1023 637 1205 692 χρήματα
1233 638 1475 690 βούλονται,’

157 710 218 750 καὶ
242 708 437 750 τοιούτους
460 709 615 760 λόγους,
639 707 684 758 ἐξ
704 708 758 747 ὧν
778 705 1058 758 ἀναβάλλουσι
1082 707 1154 756 μὲν
1171 706 1282 756 ὑμᾶς,
1304 705 1477 758 ἡσυχίαν

156 778 197 817 δὲ
222 778 402 816 ποιοῦσιν
429 775 562 829 ἐκείνῳ
592 774 777 827 πράττειν
804 774 826 813 ὅ
851 790 888 813 τι
915 772 1116 824 βούλεται.
1189 773 1230 812 ἐκ
1260 774 1302 813 δὲ
1329 772 1476 812 τούτων

97 858 138 882 10
156 843 434 895 περιγίγνεται,
461 843 550 892 ὑμῖν
576 844 648 893 μὲν
672 841 695 891 ἡ
722 840 852 893 σχολὴ
881 839 943 879 καὶ
972 839 1016 880 τὸ
1040 841 1160 891 μηδὲν
1186 838 1259 889 ἤδη
1285 841 1424 884 ποιεῖν,
1454 839 1477 878 ἃ

156 908 299 962 δέδοιχ’
316 910 421 950 ὅπως
440 907 581 959 μήποθ’
601 906 793 960 ἡγήσεσθ’
810 906 873 947 ἐπὶ
891 910 1030 960 πολλῷ
1051 907 1304 957 γεγενῆσθαι,
1326 905 1478 946 τούτοις

157 975 189 1016 δ’
209 977 248 1016 αἱ
272 974 429 1028 χάριτες
449 975 511 1014 καὶ
537 975 557 1014 ὁ
580 973 721 1025 μισθὸς
747 974 766 1012 ὁ
791 973 952 1013 τούτων.
1013 973 1091 1024 ἐγὼ
1111 970 1144 1011 δ’
1165 973 1294 1022 οἴομαι
1313 971 1382 1021 τὴν
1406 973 1477 1022 μὲν

157 1040 313 1093 εἰρήνην
333 1041 443 1092 ἄγειν
462 1040 532 1093 οὐχ
552 1041 649 1091 ὑμᾶς
669 1043 750 1080 δεῖν
769 1041 931 1084 πείθειν,
955 1039 990 1079 οἳ
1012 1037 1270 1089 πεπεισμένοι
1289 1037 1475 1087 κάθησθε,

157 1108 262 1147 ἀλλὰ
280 1107 347 1147 τὸν
367 1109 413 1147 τὰ
433 1111 499 1147 τοῦ
526 1106 698 1157 πολέμου
720 1104 952 1157 πράττοντα·
990 1105 1037 1145 ἂν
1057 1106 1132 1157 γὰρ
1154 1106 1300 1146 ἐκεῖνος
1319 1104 1476 1160 πεισθῇ,

96 1187 133 1220 15
156 1172 203 1214 τά
232 1173 267 1226 γ’
293 1172 364 1225 ἀφ’
390 1174 496 1224 ὑμῶν
524 1171 703 1226 ὑπάρχει·
745 1173 914 1223 νομίζειν
943 1171 974 1211 δ’
1001 1170 1099 1212 εἶναι
1128 1173 1287 1223 χαλεπὰ
1315 1170 1387 1223 οὐχ
1416 1169 1478 1209 ὅσ’

157 1240 204 1280 ἂν
230 1241 285 1281 εἰς
312 1241 508 1291 σωτηρίαν
534 1242 779 1290 δαπανῶμεν,
803 1237 893 1278 ἀλλ’
913 1238 937 1278 δι
957 1238 1188 1288 πεισόμεθα,
1210 1236 1258 1278 ἂν
1282 1239 1403 1277 ταῦτα
1426 1236 1478 1287 μὴ

157 1305 346 1357 ’θέλωμεν
375 1310 515 1346 ποιεῖν’
553 1306 614 1346 καὶ
647 1305 690 1345 τὸ
722 1303 1086 1357 (διαρπασθήσεται
1114 1305 1161 1343 τὰ
1193 1302 1400 1357 χρήματα’
1426 1306 1479 1357 τῷ

157 1371 340 1424 φυλακὴν
381 1373 503 1412 εἰπεῖν
541 1371 589 1412 δι’
626 1371 671 1422 ἧς
716 1370 941 1421 σωθήσεται
983 1371 1160 1415 κωλύειν,
1199 1369 1287 1422 οὐχὶ
1322 1373 1375 1423 τῷ
1411 1372 1480 1409 τοῦ

158 1438 430 1492 συμφέροντος
455 1437 690 1491 ἀφεστάναι.
764 1439 888 1478 καίτοι
918 1436 1036 1489 ἔγωγ’
1063 1437 1268 1489 ἀγανακτῶ
1294 1436 1357 1476 καὶ
1387 1434 1480 1475 αὐτὸ

96 1519 136 1542 20
157 1505 272 1551 τοῦτ’,
305 1503 334 1545 ὦ
362 1505 498 1557 ἄνδρες
526 1505 740 1556 Ἀθηναῖοι,
775 1505 808 1544 εἷ
837 1506 884 1543 τὰ
912 1506 984 1555 μὲν
1014 1502 1195 1557 χρήματα
1226 1505 1346 1543 λυπεῖ
1373 1503 1481 1543 τινὰς

157 1573 262 1624 ὑμῶν
287 1573 321 1613 εἰ
345 1571 695 1624 διαρπασθήσεται,
723 1572 746 1611 ἃ
773 1571 833 1611 καὶ
861 1569 1076 1623 φυλάττειν
1101 1570 1164 1609 καὶ
1190 1567 1368 1618 κολάζειν
1393 1567 1481 1610 τοὺς

159 1639 385 1681 ἀδικοῦντας
422 1639 486 1690 ἐφ’
518 1641 607 1689 ὑμῖν
647 1639 746 1684 ἐστι,
785 1638 856 1688 τὴν
893 1637 925 1677 δ’
950 1636 1128 1676 Ἑλλάδα
1166 1638 1298 1676 πᾶσαν
1335 1635 1479 1675 οὑτωσὶ

159 1707 356 1747 Φίλιππος
393 1704 538 1758 ἐφεξῆς
575 1705 756 1757 ἁρπάζων
793 1705 836 1744 οὐ
873 1708 1000 1750 λυπεῖ,
1042 1704 1103 1744 καὶ
1139 1702 1244 1742 ταῦτ’
1283 1701 1347 1754 ἐφ’
1383 1702 1480 1752 ὑμᾶς

157 1772 352 1825 ἁρπάζων.

97 1852 134 1883 ²5
223 1841 278 1880 Τι’
304 1841 390 1881 ποτ’
416 1842 483 1882 οὖν
514 1843 602 1882 ἐστι
630 1839 675 1879 τὸ
709 1840 845 1885 αἴτιον,
874 1836 902 1878 ὦ
933 1837 1070 1889 ἄνδρες
1096 1836 1313 1887 Ἀθηναῖοι,
1339 1833 1383 1874 τὸ
1413 1833 1481 1874 τὸν

158 1909 230 1957 μὲν
255 1908 352 1947 οὕτω
373 1913 552 1961 φανερῶς
578 1907 853 1961 στρατεύοντα,
876 1906 1096 1950 ἀδικοῦντα,
1118 1904 1254 1944 πόλεις
1281 1906 1478 1952 καταλαμ-

159 1972 349 2023 βάνοντα,
380 1976 528 2027 μηδένα
560 1976 709 2015 τούτων
738 1973 888 2014 πώποτ’
919 1975 1041 2013 εἰπεῖν
1076 1971 1126 2013 ὡς
1159 1971 1333 2020 πόλεμον
1364 1970 1478 2011 ποιεῖ,

205 2088 241 2124 ἐξ
261 2088 377 2126 52-67,
397 2086 436 2118 cf.
456 2097 476 2117 x
494 2096 601 2125 55-70
767 2095 806 2116 10
830 2084 906 2125 ἤδηῙ
925 2084 1002 2116 εῖναι
1022 2083 1045 2113 S
1061 2083 1097 2113 L¹
1256 2090 1290 2109 11
1318 2077 1481 2118 ἡγήσεσθε

161 2129 192 2161 0
207 2141 214 2161 ²
231 2131 409 2172 ἡγήσεσθαι
423 2130 449 2160 Β
467 2141 474 2161 2
490 2130 658 2170 ἡγήσησθε
670 2133 763 2167 cett.,
776 2129 814 2159 cs.
831 2129 863 2158 ix
877 2137 915 2166 75
1009 2136 1047 2166 15
1065 2126 1200 2167 ὑπάρχει
1215 2125 1238 2154 S
1256 2132 1339 2153 corr.
1355 2120 1380 2150 L
1394 2129 1478 2150 corr.

161 2178 194 2204 et
211 2185 231 2204 x
249 2175 290 2214 56
307 2186 313 2205 ε
337 2174 494 2215 ὑπάρχειν
512 2173 546 2203 8¹
562 2173 616 2205 L¹:
647 2172 758 2212 ἕτοιμα
780 2171 915 2214 ὑπάρχει
937 2170 1002 2211 (vel
1027 2170 1161 2210 ὑπάρχει
1188 2167 1312 2206 ἕτοιμα)
1332 2169 1423 2201 Getta
1441 2162 1479 2192 Cs-

163 2219 179 2254 ξ
198 2227 216 2256 5
344 2227 380 2255 17
406 2217 674 2258 διαρπασθήσεται
694 2216 723 2246 Α
737 2215 779 2245 Ο1
796 2215 822 2245 Β
837 2215 859 2245 S
878 2225 963 2245 corr.
985 2226 990 2244 :
1015 2211 1306 2254 διαρπασθήσεσθαι
1327 2208 1361 2238 S¹
1378 2205 1482 2244 vulg--

163 2261 201 2292 cs.
221 2272 242 2290 x
259 2261 301 2299 56
465 2261 502 2289 18
527 2259 641 2299 εἰπεῖν]
661 2261 762 2301 εὑρεῖν
779 2269 800 2288 x
818 2260 860 2297 56
1027 2267 1064 2295 19
1089 2254 1285 2296 ἀφεστάναι]
1305 2251 1483 2287 ἀποστῆναι

163 2315 182 2334 x
201 2305 243 2342 56
260 2304 283 2334 S
300 2303 388 2342 vulg.
546 2313 586 2341 23
612 2305 725 2343 ἐφεξῆς
743 2307 819 2341 post
836 2303 994 2334 Φίλιππος
1014 2301 1036 2328 S
1051 2299 1075 2329 L
1092 2311 1099 2329 ε
1125 2303 1200 2337 post
1217 2299 1325 2329 πᾶσαν
1342 2293 1430 2342 vul-g.
1451 2297 1483 2322 et

163 2357 183 2376 Χ
201 2357 251 2386 57,
271 2347 310 2378 Cf·
331 2348 387 2377 XXi
409 2356 468 2387 119
637 2355 677 2384 25
701 2347 739 2377 τὸ
756 2346 813 2377 τὸν
831 2345 854 2373 S
868 2343 975 2374 LAY
991 2343 1035 2373 F:
1060 2344 1116 2374 τοῦ
1133 2343 1190 2373 τὸν
1208 2340 1311 2378 vulg„
1331 2339 1370 2370 cs.
1391 2347 1424 2367 1x
1442 2337 1484 2374 63

163 2391 204 2419 26
228 2390 444 2431 στρατεύοντα
461 2400 525 2420 om.
545 2390 574 2419 A
592 2394 624 2420 et
642 2400 662 2419 x
680 2390 743 2428 58:
771 2388 835 2419 del.
859 2388 991 2417 Dobree
1147 2394 1185 2424 27
1212 2385 1316 2416 ἀδικεῖ
1333 2383 1383 2414 καὶ
1407 2384 1484 2410 ante

163 2434 304 2473 πόλεμον
322 2436 406 2465 ποιεῖ
419 2434 492 2463 add.
514 2433 600 2471 vulg.
618 2444 623 2464 ς
649 2442 711 2462 om.
736 2431 758 2460 S
773 2430 809 2461 1.¹
828 2430 901 2462 soli.
921 2431 961 2461 cf.
983 2441 1001 2459 x
1022 2430 1062 2466 58

1506 136 1614 192 [102]

1506 387 1547 424 52

1508 781 1549 818 53

1508 833 1615 888 [103]

1510 1184 1553 1221 54

1513 1448 1552 1486 55
