1731 2844
145 158 202 213 vl]
497 161 654 199 ΚΑΤΑ
703 162 1019 199 ΦΙΛΙΠΠΟΎ
1067 162 1096 198 Β
1488 159 1574 215 [67]

145 267 251 306 ἀλλὰ
277 267 339 307 καὶ
363 269 430 306 τοῦ
453 267 601 306 δικαίου
626 266 750 317 λόγον
775 265 1013 316 ποιούμενοι,
1043 265 1104 305 καὶ
1129 264 1199 315 τὴν
1229 269 1459 316 προσοῦσαν

145 331 305 382 ἀδοξίαν
346 336 398 386 τῷ
441 331 639 384 πράγματι
680 332 907 384 φεύγοντες,
953 331 1013 371 καὶ
1051 330 1165 372 πάνθ’
1207 331 1231 371 ἃ
1272 330 1461 382 προσήκει

146 399 425 450 προορώμενοι,
453 399 594 449 ὁμοίως
627 399 930 444 ἐναντιώσεσθε,
957 398 1004 438 ἄν
1029 415 1073 438 -τι
1105 397 1247 438 τοιοῦτ’
1283 399 1460 453 ἐπιχειρῇ

146 465 340 517 πράττειν,
367 466 501 517 ὥσπερ
530 465 578 505 ἂν
603 466 636 506 εἰ
661 469 925 516 πολεμοῦντες
954 465 1122 517 τύχοιτε.
1193 463 1283 505 τοὺς
1308 465 1349 504 δὲ
1376 467 1458 513 Θη-
1490 479 1512 511 9

108 550 124 581 5
145 532 284 582 βαίους
313 531 458 583 ἡγεῖτο,
485 532 581 584 ὅπερ
612 530 777 582 συνέβη,
805 532 893 572 ἀντὶ
922 535 998 571 τῶν
1033 533 1184 572 ἑαυτοῖς
1217 529 1461 582 γιγνομένων

146 598 193 637 τὰ
221 599 342 638 λοιπὰ
373 597 506 638 ἐάσειν
535 598 640 639 ὅπως
672 598 864 648 βούλεται
897 596 1082 649 πράττειν
1116 597 1266 643 ἑαυτόν,
1295 597 1357 636 καὶ
1390 596 1462 648 οὐχ

146 665 251 705 ὅπως
270 663 520 715 ἀντιπράξειν
546 664 607 704 καὶ
634 664 906 711 διακωλύσειν,
929 665 1035 704 ἀλλὰ
1056 664 1117 704 καὶ
1137 662 1461 715 συστρατεύσειν,

146 730 194 770 ἂν
234 730 372 772 αὐτοὺς
412 730 563 786 κελεύῃ.
637 731 698 770 καὶ
740 734 806 771 νῦν
847 730 936 772 τοὺς
975 730 1231 780 Μεσσηνίους
1274 730 1335 770 καὶ
1376 729 1464 771 τοὺς
1495 734 1584 789 [68]

148 796 348 848 Ἀργείους
373 796 481 836 ταῦθ’
506 797 736 849 ὑπειληφὼς
766 797 807 838 εὗ
836 800 950 837 ποιεῖ.
1022 796 1042 836 ὃ
1069 798 1131 837 καὶ
1161 796 1352 848 μέγιστόν
1379 797 1466 835 ἐστι

92 879 129 901 ιο
149 862 232 903 καθ’
262 864 368 913 ὑμῶν
401 863 605 915 ἐγκώμιον,
633 861 661 903 ὦ
691 863 826 916 ἄνδρες
852 863 1066 913 Ἀθηναῖοι·
1107 862 1288 914 κέκρισθε
1320 864 1394 914 γὰρ
1422 864 1465 902 ἐκ
1498 874 1540 900 10

148 929 296 970 τούτων
326 933 402 970 τῶν
432 929 557 982 ἔργων
590 931 703 981 μόνοι
734 934 811 971 τῶν
843 929 1000 971 πάντων
1031 929 1195 980 μηδενὸς
1228 929 1276 969 ἂν
1310 928 1465 980 κέρδους

148 997 196 1035 τὰ
230 997 339 1036 κοινὰ
371 997 498 1036 δίκαια
531 996 838 1047 τῶνἙλλήνων
868 996 1076 1048 προέσθαι,
1101 996 1190 1046 μηδ’
1215 993 1462 1044 ἀνταλλάξα-

148 1064 240 1101 σθαι
264 1063 452 1111 μηδεμιᾶς
477 1060 636 1113 χάριτος
661 1060 748 1110 μηδ’
768 1061 965 1113 ὠφελείας
991 1060 1062 1111 τὴν
1082 1062 1137 1103 εἷς
1161 1060 1470 1112 τοὺς”Ελληνας

150 1127 315 1167 εὔνοιαν.
388 1127 448 1166 καὶ
473 1125 576 1166 ταῦτ’
603 1127 761 1168 εἰκότως
785 1127 847 1166 καὶ
873 1128 959 1178 περὶ
990 1128 1094 1176 ὑμῶν
1119 1128 1240 1168 οὕτως
1270 1127 1466 1178 ὑπείληφε

92 1207 127 1239 15
151 1193 212 1232 καὶ
250 1192 330 1231 κατ’
360 1192 549 1244 Ἀργείων
587 1194 647 1232 καὶ
682 1193 876 1242 Θηβαίων
909 1192 959 1234 ὡς
993 1192 1146 1244 ἑτέρως,
1181 1193 1225 1232 οὐ
1257 1193 1379 1243 μόνον
1411 1194 1465 1234 εἰς

150 1260 196 1298 τὰ
232 1258 393 1309 παρόνθ’
431 1260 542 1310 ὁρῶν,
580 1259 686 1298 ἀλλὰ
723 1259 784 1298 καὶ
821 1260 869 1298 τὰ
906 1258 980 1310 πρὸ
1017 1260 1163 1299 τούτων
1198 1259 1464 1311 λογιζόμενος.

151 1325 321 1375 εὑρίσκει
354 1324 440 1377 γάρ,
469 1325 588 1375 οἶμαι,
616 1324 678 1364 καὶ
711 1325 844 1365 ἀκούει
868 1325 956 1366 τοὺς
989 1327 1060 1375 μὲν
1084 1325 1292 1376 ὑμετέρους
1321 1326 1463 1376 προγό-
1498 1337 1535 1362 11

151 1406 250 1436 νους,
273 1389 362 1439 ἐξὸν
387 1391 518 1433 αὐτοῖς
541 1394 619 1431 τῶν
643 1395 793 1432 λοιπῶν
819 1391 955 1444 ἄρχειν
974 1390 1184 1441 Ἑλλήνων
1208 1391 1302 1430 ὥστ’
1328 1391 1465 1433 αὐτοὺς

149 1457 357 1497 ὑπακούειν
389 1462 568 1507 βασιλεῖ,
597 1457 640 1497 οὐ
674 1459 795 1508 μόνον
824 1457 890 1497 οὐκ
916 1457 1213 1510 ἀνασχομένους
1242 1457 1310 1497 τὸν
1343 1458 1466 1509 λόγον

93 1537 132 1561 20
150 1526 300 1569 τοῦτον,
335 1523 434 1574 ἡνίκ’
467 1522 587 1574 ἦλθεν
617 1523 876 1577 Ἀλέξανδρος
913 1525 933 1564 ὁ
969 1525 1116 1564 τούτων
1153 1525 1344 1576 πρόγονος
1380 1524 1468 1575 περὶ

150 1589 296 1630 τούτων
324 1588 453 1641 κῆρυξ,
479 1591 585 1630 ἀλλὰ
616 1591 678 1631 καὶ
707 1590 777 1640 τὴν
810 1591 943 1645 χώραν
971 1592 1147 1631 ἐκλιπεῖν
1180 1589 1467 1642 προελομένους

153 1656 214 1696 καὶ
238 1659 379 1697 παθεῖν
403 1657 532 1696 ὁτιοῦν
557 1657 856 1707 ὑπομείναντας,
886 1658 948 1698 καὶ
977 1658 1075 1707 μετὰ
1097 1660 1218 1696 ταῦτα
1246 1655 1467 1708 πράξαντας

152 1722 259 1762 ταῦθ’
283 1722 308 1762 ἃ
332 1722 475 1764 πάντες
500 1724 560 1763 ἀεὶ
585 1725 794 1776 γλίχονται
823 1723 971 1776 λέγειν,
999 1721 1115 1772 ἀξίως
1141 1723 1174 1763 δ’
1195 1723 1319 1764 οὐδεὶς
1345 1724 1468 1763 εἰπεῖν

153 1788 366 1839 δεδύνηται,
395 1790 529 1842 διόπερ
555 1790 661 1842 κάγὼ
680 1791 930 1843 παραλείψω,
951 1791 1108 1831 δικαίως
1127 1790 1229 1840 (ἔστι
1253 1791 1328 1842 γὰρ
1351 1790 1467 1840 μείζω

95 1870 130 1901 25
152 1855 340 1896 τάκείνων
366 1856 460 1908 ἔργα
479 1853 501 1906 ἦ
523 1856 572 1898 ὡς
591 1860 644 1910 τῷ
669 1857 777 1911 λόγῳ
797 1873 856 1899 τις
881 1857 928 1897 ἂν
954 1855 1081 1906 εἴποι),
1103 1856 1193 1898 τοὺς
1212 1859 1253 1897 δὲ
1273 1857 1468 1907 Θηβαίων

154 1921 216 1962 καὶ
236 1921 425 1974 Ἀργείων
446 1924 661 1975 προγόνους
685 1924 774 1965 τοὺς
799 1926 870 1974 μὲν
896 1923 1270 1975 συστρατεύσαντας
1290 1927 1341 1977 τῷ
1366 1927 1465 1974 βαρ-

152 1987 277 2043 βάρῳ,
295 1988 384 2031 τοὺς
403 1989 435 2030 δ’
452 1990 519 2030 οὑκ
539 1990 857 2032 ἐναντιωθέντας.
916 1990 1020 2031 οἶδεν
1037 1991 1105 2031 οῦν
1125 1989 1371 2042 ἀμφοτέρους
1391 1989 1468 2041 ἰδίᾳ
1501 2001 1541 2027 12

153 2054 196 2094 τὸ
228 2059 464 2097 λυσιτελοῦν
494 2055 788 2108 ἀγαπήσοντας,
816 2056 889 2110 οὐχ
922 2058 944 2097 ὅ
970 2074 1007 2097 τι
1038 2057 1218 2097 συνοίσει
1248 2057 1355 2111 κοινῇ
1387 2059 1469 2096 τοῖς

146 2119 326 2172 (Ἐλλησι
351 2122 636 2175 σκεψομένους.
695 2123 818 2176 ἡγεῖτ’
845 2123 924 2170 οῦν,
952 2125 985 2164 εἰ
1009 2125 1081 2174 μὲν
1105 2124 1203 2174 ὑμᾶς
1229 2123 1373 2167 ἕλοιτο,
1402 2122 1467 2174 φί-

94 2200 134 2231 30
153 2191 247 2230 λους
272 2188 335 2229 ἐπὶ
359 2193 442 2231 τοῖς
468 2191 631 2232 δικαίοις
655 2188 904 2242 αἱρήσεσθαι,
934 2191 967 2231 εἰ
992 2190 1024 2230 δ’
1052 2191 1215 2230 ἐκείνοις
1242 2191 1468 2241 προσθεῖτο,

154 2255 366 2307 συνεργοὺς
391 2254 494 2306 ἕξειν
518 2258 586 2306 τῆς
612 2257 730 2296 αὑτοῦ
755 2256 1001 2308 πλεονεξίας.
1073 2258 1136 2296 διὰ
1169 2256 1275 2295 ταῦτ’
1303 2256 1471 2297 ἐκείνους

195 2373 216 2401 9
245 2362 350 2403 ταῦθ’]
375 2364 462 2396 ταῦθ’
488 2364 574 2395 SL:
606 2367 708 2397 ταῦτα
730 2364 820 2404 vulg.
944 2368 1031 2397 ποιεῖ
1052 2364 1163 2403 vulg:
1197 2366 1295 2396 ἐποίει
1321 2364 1384 2395 SL
1410 2362 1472 2393 soli

158 2406 196 2435 18
221 2405 340 2445 αὐτοῖς]
360 2408 472 2439 αὐτοὺς
491 2408 515 2438 S
528 2407 566 2437 L¹
585 2408 646 2437 soli
791 2419 832 2439 20
856 2408 980 2440 τούτων
1003 2409 1026 2439 S
1041 2407 1071 2438 A
1085 2408 1111 2438 B
1126 2407 1154 2438 Y
1167 2408 1216 2439 O:
1250 2407 1366 2439 τούτου
1382 2406 1471 2445 vulg.

155 2456 193 2478 21
221 2448 328 2488 χώραν
345 2449 370 2480 S
384 2450 408 2480 L
421 2450 448 2480 B
462 2460 468 2481 ζ
495 2449 590 2482 πόλιν
606 2451 691 2489 vulg.
