1763 2828
109 135 229 189 [206]

114 746 228 800 [207]

189 813 229 848 19

185 1328 231 1353 20

184 1731 225 1757 21

681 133 1168 172 ΔΗΜΟΣΘΕΝΟΎΣ
1502 128 1589 184 μη

262 240 470 291 Θηβαίους
502 241 572 280 ἐᾶν
605 238 713 293 ἔχειν
746 239 975 290 τάλλότρια.
1049 240 1082 279 εἰ
1115 237 1147 279 δ’
1179 238 1255 290 ἄρα
1288 237 1392 279 τοῦτ’
1426 239 1591 289 εὔδηλον

259 307 352 358 ἡμῖν
381 305 550 359 γένοιτο,
578 307 637 346 ὅτι
667 305 720 357 μὴ
745 306 1078 356 Λακεδαιμονίους
1107 306 1248 347 ἐῶντες
1277 305 1349 355 τὴν
1380 306 1588 347 Πελοπόν-

260 391 383 425 νησον
410 372 766 425 καταστρέψασθαι
790 372 863 425 οὐχ
889 373 968 413 οἶοί
987 371 1020 412 τ’
1042 372 1201 423 ἐσόμεθ’
1220 371 1407 424 Ὠρωπὸν
1431 376 1590 423 λαβεῖν,

260 441 529 493 αἱρετώτερον,
558 442 591 480 εἰ
621 441 705 480 οἶόν
735 439 768 479 τ’
794 441 931 485 εἰπεῖν,
960 440 1128 491 ἡγοῦμαι
1154 438 1224 479 τὸν
1252 438 1440 490 Ὠρωπὸν
1471 440 1539 479 ἐᾶν
1567 436 1591 489 ἢ

261 509 584 558 Λακεδαιμονίοις
603 505 828 557 Μεσσήνην
853 506 1048 558 προέσθαι
1073 507 1136 546 καὶ
1158 506 1486 556 Πελοπόννησον.
1548 506 1593 546 οὐ
1612 526 1629 557 5

260 577 335 627 γὰρ
360 575 409 615 ἂν
426 575 597 626 ἡγοῦμαι
620 574 709 625 περὶ
735 574 874 614 τούτου
892 574 1013 624 μόνον
1033 573 1125 623 ἡμῖν
1145 571 1244 613 εἶναι
1264 572 1333 613 τὸν
1353 573 1477 625 λόγον
1496 572 1592 624 πρὸς

261 643 445 687 ἐκείνους,
466 639 729 681 ἀλλ’-ἐάσω
748 641 794 679 τό
814 640 848 692 γ’
870 640 1039 680 ἐπελθὸν
1059 641 1185 680 εἰπεῖν
1203 655 1284 690 μοι·
1318 641 1407 691 περὶ
1428 643 1592 680 πολλῶν

259 708 292 748 δ’
318 708 365 748 ἂν
391 707 498 758 οἶμαι
525 708 702 747 κίνδυνον
724 707 818 758 ἡμῖν
841 706 1041 759 γενέσθαι.

328 775 457 830 Ἀλλὰ
492 774 570 825 μὴν
603 773 628 813 ἄ
663 772 710 826 γε’
747 779 874 826 φασιν
910 776 1136 827 πεπρᾶχθαι
1172 775 1234 814 διὰ
1270 774 1479 825 Θηβαίους
1510 777 1593 816 τοῖς

261 842 615 894 Μεγαλοπολίταις
642 841 857 881 ὑπεναντία
886 840 982 892 πρὸς
1010 841 1125 892 ἡμᾶς,
1153 840 1302 881 ἄτοπον
1328 844 1396 881 νῦν
1420 837 1519 892 [μὲν]
1550 842 1592 881 ἐν
1615 858 1653 880 10

261 908 497 961 κατηγορίας
518 907 628 960 μέρει
653 910 866 954 ποιεῖσθαι,
894 907 1152 958 βουλομένων
1178 910 1219 949 δὲ
1244 906 1432 960 γενέσθαι
1458 908 1591 960 φίλων

260 975 401 1021 αὐτῶν,
440 976 504 1015 ἵνα
537 974 768 1015 τούναντίον
805 974 848 1015 εὗ
888 979 1056 1015 ποιῶσιν
1096 975 1210 1025 ἡμᾶς,
1248 975 1486 1025 βασκαίνειν
1529 974 1592 1014 καὶ

261 1045 427 1083 σκοπεῖν
454 1041 500 1092 ἐξ
524 1042 617 1083 ὅτου
644 1042 789 1093 τρόπου
823 1041 875 1092 μὴ
907 1041 1159 1094 γενήσονται,
1187 1041 1250 1082 καὶ
1274 1041 1326 1093 μὴ
1353 1041 1593 1094 γιγνώσκειν

259 1111 331 1156 ὅτι,
360 1111 442 1164 ὅσῳ
467 1107 517 1149 ἂν
542 1107 871 1160 σπουδαιοτέρους
895 1109 1056 1150 τούτους
1080 1109 1169 1160 περὶ
1195 1109 1402 1158 Θηβαίους
1427 1125 1590 1161 γεγενη·

259 1176 401 1228 μένους
436 1175 691 1226 ἀποδείξωσι,
723 1176 902 1230 τοσούτῳ
930 1177 1117 1217 πλείονος
1145 1176 1266 1228 ὀργῆς
1293 1175 1404 1216 αὐτοὶ
1433 1175 1592 1217 δικαίως
1614 1193 1651 1226 15

261 1243 310 1285 ἂν
338 1242 588 1296 Τυγχάνοιεν,
624 1244 658 1284 εἶ
689 1242 878 1283 τοιούτων
910 1241 1132 1296 συμμάχων
1163 1241 1236 1292 τὴν
1267 1242 1398 1289 πόλιν,
1432 1241 1489 1281 ὅτ’
1525 1241 1589 1294 ἐφ’

260 1311 358 1362 ὑμᾶς
394 1309 607 1362 προτέρους
641 1308 766 1360 ἦλθον
801 1306 824 1359 ἦ
860 1310 1080 1360 Θηβαίους,
1118 1308 1412 1361 ἀπεστέρησαν.
1483 1308 1588 1355 ἀλλ’,

261 1377 380 1429 οἶμαι,
408 1380 529 1417 ταῦτα
557 1375 631 1428 μέν
657 1378 746 1417 ἐστι
773 1376 954 1428 δεύτερον
978 1376 1195 1428 ἀνθρώπων
1219 1374 1481 1427 βουλομένων
1505 1374 1586 1416 ἑτέ-

258 1462 338 1497 ρων
368 1447 535 1495 ποιῆσαι
561 1444 724 1486 τούτους
755 1442 1001 1497 συμμάχους.
1073 1443 1152 1495 ἐγὼ
1183 1441 1217 1482 δ’
1246 1442 1346 1489 οἶδα,
1377 1441 1439 1482 ὅσ’
1469 1441 1518 1483 ἂν
1547 1443 1590 1482 ἐκ

258 1514 455 1564 λογισμοῦ
481 1514 643 1551 σκοπῶν
666 1527 724 1553 τις
749 1509 916 1556 εἰκάσαι,
944 1509 1007 1550 καὶ
1034 1510 1125 1551 τοὺς
1152 1509 1326 1552 πολλοὺς
1352 1508 1458 1560 οἶμαι
1482 1510 1590 1559 ὑμῶν
1611 1528 1652 1550 20

259 1578 344 1630 ἐμοὶ
373 1578 495 1619 ταύτὰ
526 1577 686 1630 φήσειν,
714 1578 775 1618 ὅτι
804 1578 837 1618 εἰ
866 1575 1068 1628 λήψονται
1093 1575 1290 1628 Μεγάλην
1315 1576 1436 1616 πόλιν
1463 1580 1587 1616 Λακε-

259 1646 465 1697 δαιμόνιοι,
485 1644 728 1685 κινδυνεύσει
746 1642 960 1694 Μεσσήνη·
1015 1645 1048 1684 εἰ
1067 1645 1110 1684 δὲ
1130 1643 1193 1684 καὶ
1210 1643 1355 1694 ταύτην
1372 1642 1588 1695 λήψονται,

259 1711 359 1764 φήμ’
382 1713 484 1763 ἡμᾶς
509 1712 678 1752 ἔσεσθαι
701 1711 933 1764 συμμάχους
952 1710 1163 1761 Θηβαίων.
1223 1710 1324 1750 πολὺ
1350 1709 1394 1759 δὴ
1423 1709 1590 1750 κάλλιον

261 1781 322 1820 καὶ
352 1779 513 1830 ἄμεινον
543 1778 614 1829 τὴν
646 1780 719 1829 μὲν
750 1779 948 1829 Θηβαίων
978 1778 1210 1830 συμμαχίαν
1237 1777 1378 1818 αὐτοὺς
1409 1782 1587 1828 παραλα-

258 1850 363 1897 βεῖν,
395 1852 441 1903 τῇ
474 1848 515 1887 δὲ
543 1845 863 1896 Λακεδαιμονίων
892 1843 1103 1898 πλεονεξίᾳ
1133 1844 1186 1895 μὴ
1216 1842 1433 1896 ’πιτρέψαι,
1467 1840 1490 1893 ἢ
1520 1846 1590 1883 νῦν
1612 1861 1649 1894 25

259 1914 470 1955 ὀκνοῦντας
498 1912 549 1964 μὴ
582 1912 672 1954 τοὺς
699 1914 895 1963 Θηβαίων
925 1911 1123 1962 σώσωμεν
1153 1909 1398 1963 συμμάχους,
1429 1910 1590 1952 τούτους

259 1982 331 2031 μὲν
361 1979 568 2032 προέσθαι,
599 1978 722 2020 πάλιν
751 1980 793 2019 δὲ
824 1977 960 2033 σῴζειν
989 1978 1128 2020 αὐτοὺς
1159 1978 1248 2020 τοὺς
1275 1979 1494 2028 Θηβαίους,
1528 1977 1590 2017 καὶ

260 2046 423 2100 προσέτ’
455 2049 498 2087 ἐν
532 2047 653 2101 φόβῳ
687 2044 930 2087 καθεστάναι
961 2045 1050 2097 περὶ
1079 2045 1191 2096 ἡμῶν
1223 2044 1365 2086 αὐτῶν.
1435 2044 1480 2084 οὐ
1515 2045 1590 2097 γὰρ

302 2158 323 2187 6
346 2158 384 2189 ἂν
401 2157 539 2198 ἡγοῦμαι
557 2160 589 2186 et
605 2155 705 2195 μόνον
721 2180 728 2186 .
749 2178 756 2186 .
778 2179 785 2187 .
807 2155 946 2187 ἐκείνους
963 2165 1027 2185 om.
1051 2154 1215 2194 Hermog.
1371 2163 1410 2184 10
1431 2153 1491 2194 μὲν
1508 2154 1588 2186 secl.

259 2200 349 2231 Weil
527 2209 564 2229 12
589 2201 692 2231 αὐτῶν
710 2200 775 2230 del.
794 2199 903 2229 Cobet
1079 2208 1117 2237 15
1142 2195 1345 2239 ἀποδείξωσι]
1364 2198 1541 2237 ἐπιδείξωσι
1559 2197 1590 2227 Α

263 2254 298 2283 17
325 2245 343 2282 ἢ
362 2244 523 2282 Θηβαίους
538 2244 620 2274 secl.
640 2242 748 2283 Blass,
769 2243 841 2274 coll.
860 2243 962 2273 schol.
985 2253 1015 2282 p.
1035 2251 1107 2282 251,
1129 2251 1170 2280 23
1308 2251 1345 2280 19
1370 2242 1438 2273 σῶα
1455 2240 1478 2271 S
1492 2240 1523 2270 A
1537 2240 1589 2271 Y:

259 2298 323 2318 om.
341 2288 431 2326 vulg.
554 2298 596 2318 20
620 2287 670 2318 καὶ
688 2310 695 2317 .
717 2310 724 2318 .
744 2311 750 2317 .
769 2287 886 2326 φήσειν
904 2285 928 2316 S
941 2285 972 2315 A
987 2285 1017 2316 O
1030 2285 1060 2315 Y
1078 2296 1166 2316 corr.
1181 2297 1187 2316 ε
1213 2286 1263 2317 καὶ
1281 2309 1287 2316 .
1307 2309 1313 2315 .
1331 2308 1338 2316 .
1359 2287 1459 2326 φῆσαι
1476 2284 1564 2323 vulg.
1582 2296 1589 2315 :

260 2333 319 2363 κᾶν
335 2355 342 2362 .
363 2356 369 2362 .
391 2355 398 2361 .
416 2333 517 2372 φῆσαι
537 2331 634 2361 BlaSS
723 2330 806 2369 οἶμαι
824 2332 908 2369 ὑμῶν
926 2331 992 2369 ἐμοὶ
1010 2330 1111 2361 ταύτὰ
1125 2329 1242 2368 (ταῦτα
1253 2327 1298 2368 Α)
1315 2327 1339 2359 S
1355 2339 1362 2358 τ
1386 2330 1469 2367 ὑμῶν
1487 2330 1589 2368 οἴομαι

260 2377 362 2406 ταῦτα
393 2375 481 2413 vulg.
660 2384 700 2403 22
739 2373 934 2405 κινδυνεύσει
967 2372 1142 2413 Μεσσήνη]
1178 2374 1321 2405 κίνδυνος
1357 2372 1513 2413 Μεσσήνῃ
1546 2371 1589 2402 A¹

261 2427 303 2458 25
335 2418 500 2459 ἐπιτρέψαι
526 2417 619 2448 SA:
652 2416 833 2458 ἐπιτρέπειν
857 2417 946 2455 vulg.
