1747 2844
174 151 292 206 xvm]
488 156 630 194 ΠΕΡΙ
680 156 800 193 ΤΟΎ
848 156 1187 194 ΣΤΕΦΑΝΟΎ

240 259 338 299 Εἶτα
365 260 572 312 σοφίζεται
598 259 659 300 καὶ
681 260 783 311 φησὶ
810 257 1024 311 προσήκειν
1049 259 1094 309 ἧς
1118 261 1190 309 μὲν
1215 260 1368 300 οἴκοθεν
1393 259 1498 309 ἥκετ’

172 326 332 380 ἔχοντες
359 325 474 377 δόξης
494 327 580 377 περὶ
605 326 714 377 ἡμῶν
740 327 951 377 ἀμελῆσαι,
973 326 1108 377 ὥσπερ
1134 324 1180 372 δ’,
1208 326 1303 366 ὅταν
1328 327 1500 377 οἰόμενοι

174 396 365 445 περιεῖναι
391 392 574 446 χρήματά
593 410 645 447 τῳ
671 393 901 444 λογίζησθε,
923 391 971 432 ἂν
999 393 1162 444 καθαραὶ
1187 390 1288 433 ὦσιν
1307 394 1347 434 αἱ
1365 395 1500 445 ψῆφοι

175 460 236 500 καὶ
274 462 395 511 μηδὲν
433 461 560 515 περιῇ,
601 462 855 513 συγχωρεῖτε,
894 459 993 499 οὕτω
1033 458 1094 499 καὶ
1130 463 1199 500 νῦν
1235 463 1318 501 τοῖς
1353 461 1396 500 ἐκ
1432 463 1500 499 τοῦ

134 546 150 577 5
172 527 296 578 λόγου
327 526 581 579 φαινομένοις
615 524 877 578 προσθέσθαι.
950 524 1153 567 θεάσασθε
1185 527 1316 567 τοίνυν
1347 526 1398 568 ὡς
1430 544 1499 566 σα·

175 594 280 645 θρόν,
321 593 372 634 ὡς
409 593 547 639 ἔοικεν,
586 593 674 633 ἔστι
710 593 832 645 φύσει
871 595 947 632 πᾶν
984 594 1006 632 ὅ
1041 609 1077 632 τι
1112 591 1160 633 ἂν
1195 593 1247 643 μὴ
1285 593 1441 636 δικαίως
1479 592 1502 649 ᾗ

176 659 467 712 πεπραγμένον.
540 661 582 700 ἐκ
618 661 694 711 γὰρ
727 659 844 699 αὐτοῦ
877 662 945 699 τοῦ
978 663 1108 710 σοφοῦ
1140 659 1279 700 τούτου
1313 660 1496 712 παραδεί«

174 743 321 778 γματος
347 726 580 778 ὡμολόγηκε
606 730 674 767 νῦν
704 726 740 778 γ’
766 726 866 777 ἡμᾶς
895 725 1087 779 ὑπάρχειν
1122 726 1397 778 ἐγνωσμένους
1430 728 1498 777 ἐμὲ

172 794 245 843 μὲν
280 792 415 844 λέγειν
451 794 548 844 ὑπὲρ
584 795 652 843 τῆς
689 794 885 845 πατρίδος,
925 792 1042 833 αὐτὸν
1080 792 1111 833 δ’
1147 794 1243 845 ὑπὲρ
1281 794 1497 834 Φιλίππου·

116 878 154 899 10
173 859 217 899 οὐ
242 860 317 911 γὰρ
345 858 393 899 ἂν
426 863 676 911 μεταπείθειν
701 861 798 911 ὑμᾶς
824 858 951 910 ἐζήτει
982 859 1034 911 μὴ
1066 860 1246 910 τοιαύτης
1278 861 1400 910 οὔσης
1432 863 1499 911 τῆς

173 926 429 978 ὑπαρχούσης
454 925 695 979 ὑπολήψεως
726 927 813 979 περὶ
845 925 1040 978 ἑκατέρου.
1114 927 1175 966 καὶ
1207 926 1284 977 μὴν
1310 927 1370 967 ὅτι
1393 926 1430 979 γ’
1456 927 1500 967 οὐ

173 993 302 1032 δίκαια
347 992 459 1044 λέγει
505 993 747 1043 μεταθέσθαι
787 994 932 1043 ταύτην
974 993 1044 1043 τὴν
1085 993 1205 1044 δόξαν
1247 992 1379 1044 ἀξιῶν,
1421 994 1499 1045 ἐγὼ

172 1058 317 1109 διδάξω
350 1060 505 1113 ῥᾳδίως,
534 1060 577 1099 οὐ
602 1060 721 1102 τιθεὶς
746 1059 909 1112 ψήφους
932 1056 990 1107 (οὐ
1016 1059 1090 1112 γάρ
1117 1061 1227 1100 ἐστιν
1253 1061 1272 1100 ὁ
1298 1064 1376 1101 τῶν
1401 1077 1496 1112 πρα-

173 1125 334 1177 γμάτων
377 1126 488 1167 οὗτος
530 1126 749 1178 λογισμός),
794 1126 884 1166 ἀλλ’
928 1127 1236 1183 ἀναμιμνῄσκων
1280 1127 1413 1168 ἕκαστ’
1458 1129 1499 1168 ἐν

114 1208 151 1240 15
173 1192 364 1245 βραχέσι,
400 1197 606 1245 λογισταῖς
640 1192 720 1244 ἅμα
755 1194 817 1233 καὶ
848 1192 1018 1245 μάρτυσι
1051 1198 1133 1236 τοῖς
1165 1194 1377 1235 ἀκούουσιν
1409 1195 1499 1245 ὑμῖν

174 1259 390 1312 χρώμενος.
462 1259 484 1310 ἡ
519 1261 595 1312 γὰρ
624 1259 695 1310 ἐμὴ
726 1260 920 1306 πολιτεία,
948 1260 994 1311 ἧς
1020 1260 1132 1303 οὗτος
1166 1264 1384 1313 κατηγορεῖ,
1412 1261 1498 1301 ἀντὶ

173 1327 246 1375 μὲν
288 1329 354 1366 τοῦ
391 1327 598 1377 Θηβαίους
639 1328 737 1377 μετὰ
776 1328 981 1366 Φιλίππου
1026 1331 1298 1377 συνεμβαλεῖν
1337 1328 1391 1369 εἰς
1429 1327 1499 1377 τὴν

174 1392 320 1444 χώραν,
348 1392 369 1432 ὃ
395 1392 540 1435 πάντες
566 1392 700 1448 ᾤοντο,
728 1392 814 1443 μεθ’
839 1393 946 1443 ἡμῶν
973 1392 1322 1444 παραταξαμένους
1348 1395 1498 1434 ἐκεῖνον

176 1459 341 1499 κωλύειν
372 1460 571 1510 ἐποίησεν·
610 1459 696 1500 ἀντὶ
726 1462 768 1500 δὲ
797 1463 866 1499 τοῦ
899 1461 941 1500 ἐν
971 1465 1019 1516 τῇ
1043 1459 1203 1517 Ἀττικῇ
1229 1460 1298 1501 τὸν
1323 1461 1498 1511 πόλεμον

113 1542 152 1564 20
174 1525 285 1571 εἶναι,
314 1527 533 1567 ἑπτακόσια
568 1526 694 1566 στάδι’
720 1525 797 1567 ἀπὸ
822 1528 891 1577 τῆς
924 1526 1078 1568 πόλεως
1113 1527 1176 1567 ἐπὶ
1209 1531 1291 1569 τοῖς
1319 1531 1498 1568 Βοιωτῶν

173 1592 294 1644 ὁρίοις
319 1592 520 1645 γενέσθαι·
559 1593 644 1633 ἀντὶ
674 1595 714 1634 δὲ
744 1597 813 1633 τοῦ
845 1593 934 1635 τοὺς
958 1595 1115 1649 λῃστὰς
1145 1593 1246 1644 ἡμᾶς
1273 1593 1409 1646 φέρειν
1436 1595 1498 1635 καὶ

173 1657 284 1711 ἄγειν
309 1660 351 1699 ἐκ
376 1662 445 1709 τῆς
471 1659 658 1711 Εὐβοίας,
688 1661 730 1700 ἐν
756 1659 888 1716 εἰρήνῃ
922 1659 993 1710 τὴν
1012 1659 1197 1710 Ἀττικὴν
1227 1661 1268 1700 ἐκ
1304 1660 1499 1711 θαλάττης

175 1724 274 1766 εἶναι
307 1725 434 1767 πάντα
465 1726 533 1767 τὸν
568 1727 756 1777 πόλεμον·
795 1727 882 1768 ἀντὶ
917 1729 957 1767 δὲ
990 1730 1057 1766 τοῦ
1090 1726 1158 1767 τὸν
1191 1726 1499 1777 Ἑλλήσποντον

175 1791 282 1845 ἔχειν
307 1794 511 1834 Φίλιππον
543 1794 726 1845 λαβόντα
751 1793 978 1843 Βυζάντιον,
1008 1798 1279 1844 συμπολεμεῖν
1309 1794 1398 1836 τοὺς
1424 1797 1497 1835 Βυ-

115 1875 152 1906 25
176 1858 350 1907 ζαντίους
383 1859 467 1909 μεθ’
492 1860 602 1911 ἡμῶν
627 1860 723 1912 πρὸς
748 1862 911 1902 ἐκεῖνον.
984 1859 1059 1913 ἆρά
1085 1877 1152 1901 σοι
1176 1860 1332 1913 ψήφοις
1366 1862 1499 1911 ὅμοιος

173 1925 193 1963 ὁ
219 1929 296 1965 τῶν
329 1926 455 1978 ἔργων
487 1927 682 1979 λογισμὸς
708 1929 909 1979 φαίνεται;
948 1924 971 1978 ἢ
998 1930 1080 1968 δεῖν
1106 1928 1338 1968 ἀντανελεῖν
1363 1931 1495 1973 ταῦτα,

173 1991 264 2031 ἀλλ’
290 1992 364 2045 οὐχ
396 1993 501 2035 ὅπως
534 1993 602 2033 τὸν
634 1993 790 2034 ἅπαντα
823 1995 969 2047 χρόνον
1002 1993 1370 2045 μνημονευθήσεται
1404 1994 1495 2036 σκέ-

172 2061 348 2109 ψασθαι;
390 2060 450 2100 καὶ
485 2059 614 2100 οὐκέτι
646 2062 887 2112 προστίθημι
921 2062 980 2101 ὅτι
1013 2064 1082 2111 τῆς
1114 2063 1185 2112 μὲν
1212 2061 1423 2112 ὠμότητος,
1449 2060 1497 2112 ἢν

213 2178 233 2206 3
258 2169 295 2200 ἂν
312 2168 335 2199 S
349 2167 399 2199 A:
426 2170 484 2200 κᾶν
504 2168 529 2198 L
547 2169 634 2208 vulg.
654 2180 660 2199 z
685 2169 723 2201 ἂν
740 2170 835 2200 Blass
854 2170 1035 2209 (sequente
1052 2170 1255 2212 καθαιρῶσινῖν
1368 2171 1497 2211 καθαραὶ

170 2211 248 2243 ὦσιν
286 2211 312 2241 L
352 2212 459 2251 vulg:
508 2216 696 2253 καθαιρῶσιν
734 2213 771 2244 Sl
810 2214 922 2244 solus:
971 2215 1239 2253 ἀνταναιρεθῶσιν
1279 2213 1496 2245 Herwerden

171 2266 188 2292 4
221 2255 315 2294 prius
339 2257 389 2287 καὶ
415 2256 535 2286 codd.:
569 2257 627 2287 κᾶν
652 2256 749 2287 Blass
881 2258 901 2287 8
932 2258 1013 2297 ἡμᾶς
1039 2258 1062 2289 S
1078 2258 1104 2288 L
1130 2257 1263 2295 Oxyrh.
1289 2268 1388 2296 pap.:
1421 2259 1497 2297 ὑμᾶς

170 2297 200 2327 Α
215 2298 240 2328 F
255 2299 358 2338 vulg„
376 2299 485 2329 Cobet
577 2300 795 2340 ἐγνωσμένους
812 2301 906 2331 codd.
923 2312 929 2331 ε
956 2300 1160 2341 ἐγνω<κότας
1178 2301 1228 2332 καὶ
1246 2300 1497 2342 πεπει>σμένους

170 2341 277 2372 Cobet
449 2352 486 2372 10
510 2345 606 2381 οὔσης
623 2345 681 2381 τῆς
697 2353 762 2375 om.
782 2342 913 2383 Oxyrh.
932 2354 1008 2384 pap.
1184 2353 1220 2382 15
1244 2347 1311 2376 τοῖς
1331 2343 1499 2376 ἀκούουσιν

170 2395 233 2415 om.
251 2385 281 2415 A
446 2387 483 2415 18
509 2386 637 2418 ἔσεσθαι
656 2391 731 2426 post
749 2386 849 2428 ᾤοντο
867 2387 943 2418 add.
962 2386 1050 2427 vulg.
1070 2398 1076 2417 z
1101 2397 1166 2418 om.
1189 2387 1212 2417 S
1227 2386 1262 2417 L¹
1277 2386 1305 2417 A
1420 2400 1497 2427 συμ-

170 2428 445 2468 παραταξαμένους
461 2428 492 2459 Λ

1532 157 1647 210 [303]

1531 276 1596 310 227

1532 861 1648 915 [304]

1531 944 1599 979 229

1530 1873 1594 1909 231
