1763 2828
113 145 224 200 [189]

182 395 225 430 41

258 141 748 179 AHMOEQENOYE
767 141 911 179 ΠΕΡΙ
934 141 1062 178 ΤΩΝ
1084 140 1466 178 ΣΎΜΝΙΟΡΙΩΝ
1500 135 1587 190 [x1v

257 246 291 286 εἰ
320 245 496 296 πόλεμον
523 246 658 295 κινοίη.
730 245 835 285 ὥστε
866 244 927 284 καὶ
952 244 1130 297 γνώριμα
1160 244 1222 284 καὶ
1247 244 1356 285 πίστ’
1383 244 1484 299 αὐτῷ
1511 247 1590 284 τῶν

257 313 599 365 ἀπαγγελλόντων
624 312 780 353 ἀκούειν
806 312 932 353 ἔσται.

317 378 407 421 Ἵνα
421 379 466 426 δ’,
481 378 510 420 ὦ
524 379 661 432 ἄνδρες
673 379 890 430 Ἀθηναῖοι,
907 378 959 430 μὴ
973 380 1102 431 μακρὰ
1114 378 1206 419 λίαν
1217 377 1349 430 λέγων
1361 379 1528 431 ἐνοχλῶ,
1542 379 1591 418 τὰ

259 445 442 499 κεφάλαι’
463 448 517 488 ὧν
537 446 799 498 συμβουλεύω
820 445 981 499 φράσας
1001 445 1150 497 ἄπειμι.
1217 444 1589 497 παρασκευάζεσθαι

257 515 329 565 μὲν
348 513 444 566 πρὸς
464 514 553 556 τοὺς
573 513 825 568 ὑπάρχοντας
846 513 1012 567 ἐχθροὺς
1034 512 1194 559 κελεύω,
1217 512 1438 563 ἀμύνεσθαι
1462 513 1503 553 δὲ
1530 511 1593 552 καὶ
1612 528 1630 560 5

257 580 436 631 βασιλέα
467 582 529 622 καὶ
556 580 718 628 πάντας,
746 580 795 621 ἂν
827 581 975 621 ἀδικεῖν
1001 581 1248 633 ἐπιχειρῶσι,
1274 579 1396 636 ταύτῃ
1421 585 1470 636 τῇ
1494 578 1592 636 αὐτῇ

258 647 419 698 δυνάμει
439 648 540 700 φημὶ
565 651 658 694 δεῖν,
682 647 819 701 ἄρχειν
845 649 887 688 δὲ
912 646 1079 698 μηδενὸς
1104 646 1202 698 μήτε
1227 647 1351 699 λόγου
1370 645 1458 697 μήτ’
1477 646 1594 698 ἔργου

258 715 405 761 ἀδίκου,
440 716 488 754 τὰ
524 713 556 754 δ’
591 713 672 766 ἔργ’
708 714 817 765 ἡμῶν
853 715 960 756 ὅπως
997 713 1087 765 ἄξια
1122 717 1199 754 τῶν
1236 714 1444 766 προγόνων
1481 712 1594 753 ἔσται

259 784 437 827 σκοπεῖν,
478 780 530 832 μὴ
569 780 660 822 τοὺς
701 781 764 821 ἐπὶ
803 784 872 821 τοῦ
916 779 1095 832 βήματος
1133 781 1290 833 λόγους.
1365 779 1436 821 κᾶν
1473 783 1596 820 ταῦτα

258 850 408 898 ποιῆτε,
438 848 500 888 καὶ
529 849 620 899 ὑμῖν
647 847 778 890 αὐτοῖς
815 847 877 888 καὶ
906 852 988 889 τοῖς
1013 848 1202 888 τάναντία
1226 848 1409 888 πείθουσι
1439 845 1594 899 συμφέ-

259 931 380 966 ροντα
427 913 609 967 πράξετε·
666 914 711 956 οὗ
760 915 835 967 γὰρ
883 914 1075 967 ὀργιεῖσθ’
1121 913 1254 956 αὐτοῖς
1299 914 1480 966 ὕστερον,
1528 916 1597 955 νῦν

260 982 512 1034 ἁμαρτόντες.

307 1101 320 1122 1
353 1092 395 1124 τὰ
417 1096 496 1122 ante
521 1095 586 1125 τῶν
610 1092 685 1123 add.
706 1091 800 1124 AY:
833 1102 897 1123 om.
928 1092 951 1123 S
976 1091 1067 1131 vulg.
1246 1102 1265 1122 2
1301 1090 1538 1133 ἀγγελλόντων
1565 1092 1597 1122 Α

260 1145 280 1174 3
304 1135 379 1167 λίαν
395 1140 474 1166 ante
492 1136 600 1177 λέγων
620 1136 663 1168 S:
690 1141 769 1176 post
786 1135 894 1177 λέγων
910 1141 991 1167 cett.
1149 1136 1171 1166 6
1195 1137 1275 1178 αὐτῇ
1292 1145 1356 1166 om.
1376 1135 1465 1174 vulg.
1484 1146 1491 1165 :
1515 1135 1592 1166 add.

261 1178 285 1209 S
307 1179 400 1210 solus
579 1190 596 1219 7
621 1181 756 1219 μηδενὸς
774 1204 780 1211 .
802 1205 809 1211 .
829 1205 835 1212 .
856 1179 981 1220 ἀδίκου]
1006 1180 1080 1211 sort.
1100 1180 1236 1219 μηδενὸς
1259 1179 1368 1212 ἀδίκου
1388 1179 1472 1219 μήτε
1494 1178 1597 1220 λόγου

260 1221 335 1297 gfff-{⁹
355 1223 449 1277 {pyov
466 1222 558 1298 yeil
583 1270 599 1299 θ
675 1234 697 1298 ἵ
722 1226 857 1256 σκοπεῖν
874 1223 960 1254 SA:
986 1227 1156 1263 σκοπῶμεν
1172 1223 1262 1262 vulg.
1372 1231 1407 1253 11
1435 1222 1596 1264 ὀργιεῖσθε

347 1277 354 1296 :
380 1279 475 1307 οργισ
496 1278 581 1306 ησεσ
602 1280 615 1299 ε
632 1277 677 1298 vu
691 1277 723 1307 g.

325 1312 364 1344 In
383 1312 407 1345 S
425 1312 657 1353 subscriptum

712 1361 804 1388 ΠΕΡΙ
828 1360 911 1388 ΤΩΝ
935 1359 1182 1390 ΣΥΜΜΟΡῙΩΝ

792 1405 817 1432 Η
837 1405 862 1432 Η
885 1405 910 1432 Η
931 1400 966 1434 [31
986 1406 1013 1431 Δ
1033 1406 1060 1431 Δ
1081 1405 1108 1431 Δ

780 1450 807 1493 t}
827 1443 907 1485 (Le.
929 1444 1114 1483 διώρθωται)

1619 862 1658 884 10
