1747 2844
76 877 114 900 10

75 2208 113 2238 30

133 155 222 210 x1x]
356 161 501 198 ΠΕΡΙ
547 161 668 198 ΤΗΣ
716 161 1236 200 ΠΑΡΑΠΡΕΣΒΕΙΑΣ

134 264 254 278 ‘xn‘u

131 276 201 314 οητ
234 281 313 304 ανω
340 267 525 314 ποταμῶν
549 265 678 319 ἐκείνῃ
704 264 750 319 τῇ
775 263 900 317 ἡμέρᾳ
923 263 1068 306 πάντες
1093 266 1129 304 οἱ
1155 265 1242 316 περὶ
1266 268 1450 317 πορνείας

132 331 326 382 ἐρρύησαν
351 331 477 382 λόγοι.

201 397 276 436 Καὶ
310 397 387 447 μὴν
424 398 478 438 εἷς
513 396 615 445 ὅσην
649 396 807 446 ἀτιμίαν
842 396 913 446 τὴν
950 398 1067 438 πόλιν
1103 396 1213 447 ἡμῶν
1252 397 1274 446 ἡ
1312 398 1451 437 τούτου

132 464 298 515 πονηρία
338 464 399 503 καὶ
437 463 683 514 ψευδολογία
722 462 995 512 καταστήσασ’
1032 463 1129 515 ἔχει,
1171 463 1299 503 πάντα
1336 463 1451 503 τᾶλλ’

132 531 260 581 ἀφείς,
302 529 322 569 ὃ
361 528 504 570 πάντες
538 530 646 579 ὑμεῖς
682 529 761 569 ἴστ’
800 530 885 581 ἐρῶ.
957 529 1146 581 πρότερον
1183 530 1256 579 μὲν
1295 528 1382 581 γάρ,
1421 527 1449 568 ὦ

1482 165 1594 222 [433]

1483 406 1551 441 288

133 596 269 648 ἄνδρες
292 595 507 645 Ἀθηναῖοι,
535 595 575 634 τί
605 594 693 645 παρ’
718 596 808 646 ὑμῖν
843 594 1083 648 ἐψήφισται,
1110 595 1212 635 τοῦτ’
1239 594 1450 647 ἐπετήρουν
1482 600 1594 654 [434]

133 665 168 702 οἱ
203 661 321 702 ἄλλοι
350 660 496 703 πάντες
519 660 733 711 (Ἐλληνεφ
772 665 839 702 νῦν
873 662 906 702 δ’
935 662 1007 713 ἤδη
1040 661 1311 714 περιερχόμεθ’
1340 662 1451 713 ἡμεῖς

133 730 171 769 τί
199 728 377 768 δέδοκται
401 732 483 769 τοῖς
507 727 646 769 ἄλλοις
672 732 925 774 σκοποῦντες,
955 729 1016 768 καὶ
1051 729 1388 770 ὠτακουστοῦντες
1416 729 1457 768 τί

133 798 181 835 τὰ
214 799 292 835 τῶν
326 794 538 846 Ἀρκάδων,
573 795 612 835 τί
645 796 693 834 τὰ
729 798 806 835 τῶν
842 794 1155 846 Ἀμφικτυόνων,
1193 798 1261 835 ποῖ
1293 794 1453 846 πάρεισι

133 862 347 907 Φίλιππος,
384 862 429 917 ζῇ
458 858 481 910 ἢ
514 861 711 911 τέθνηκεν.
783 862 827 901 οὐ
861 866 1020 902 τοιαῦτα
1058 864 1265 912 ποιοῦμεν;
1309 862 1385 913 ἐγὼ
1420 860 1452 900 δ’

133 929 177 968 οὐ
203 927 342 968 δέδοικ’
370 929 403 968 εἰ
428 929 630 970 Φίλιππος
659 929 718 983 ζῇ,
746 927 838 968 ἀλλ’
864 930 898 968 εἰ
930 931 998 978 τῆς
1032 929 1187 969 πόλεως
1220 927 1383 978 τέθνηκε
1409 927 1454 967 τὸ

134 995 222 1036 τοὺς
256 996 483 1036 ἀδικοῦντας
518 999 651 1045 μισεῖν
687 995 748 1034 καὶ
783 997 1052 1046 τιμωρεῖσθαι.
1125 994 1214 1034 οὐδὲ
1252 997 1378 1046 φοβεῖ
1408 1011 1455 1044 με

135 1062 348 1107 Φίλιππος,
371 1061 418 1101 ἂν
438 1063 487 1101 τὰ
510 1061 598 1112 παρ’
623 1062 730 1112 ὑμῶν
755 1061 924 1117 ὑγιαίνῃ,
947 1060 1038 1101 ἀλλ’
1061 1062 1092 1101 εἰ
1123 1060 1211 1111 παρ’
1231 1061 1321 1110 ὑμῖν
1346 1059 1457 1100 ἄδεια

135 1127 346 1179 γενήσεται
381 1131 463 1169 τοῖς
498 1127 587 1179 παρ’
625 1128 774 1168 ἐκείνου
811 1130 1043 1180 μισθαρνεῖν
1080 1126 1355 1177 βουλομένοις,
1395 1126 1457 1166 καὶ

136 1195 348 1245 συνεροῦσί
375 1211 477 1235 τινες
508 1193 659 1235 τούτοις
688 1198 766 1234 τῶν
795 1193 862 1246 ὑφ’
888 1195 995 1244 ὑμῶν
1029 1192 1365 1244 πεπιστευμένων,
1395 1192 1456 1232 καὶ

136 1260 263 1301 πάντα
286 1260 353 1301 τὸν
379 1260 602 1312 ἔμπροσθεν
635 1261 780 1313 χρόνον
806 1261 1040 1312 ἀρνούμενοι
1067 1260 1119 1311 μὴ
1146 1259 1331 1310 πράττειν
1359 1260 1456 1310 ὑπὲρ

136 1328 338 1368 Φιλίππου
372 1330 440 1367 νῦν
474 1325 760 1377 ἀναβήσονται,
795 1331 915 1367 ταῦτα
949 1330 1076 1379 φοβεῖ
1098 1344 1158 1377 με.
1229 1327 1269 1366 τί
1302 1327 1375 1377 γὰρ
1409 1324 1454 1375 δή

136 1394 233 1439 ποτ’,
264 1394 460 1444 Εὔβουλε,
487 1392 719 1447 ςΗγησίλεῳ
750 1396 821 1443 μὲν
852 1393 1080 1447 κρινομένῳ,
1108 1392 1150 1434 ὃς
1176 1392 1344 1444 ἀνεψιός
1369 1392 1459 1431 ἐστί

137 1477 213 1505 σοι,
243 1460 303 1500 καὶ
330 1460 609 1513 Θρασυβούλῳ
642 1461 787 1511 πρώην,
815 1464 866 1514 τῷ
894 1459 1120 1511 Νικηράτου
1154 1460 1258 1512 θείῳ,
1286 1459 1350 1498 ἐπὶ
1384 1460 1457 1508 μὲν

77 1546 90 1566 2
135 1529 202 1577 τῆς
236 1527 389 1578 πρώτης
414 1524 557 1578 ψήφου
586 1526 665 1565 οὐδ’
690 1527 912 1566 ὑπακοῦσαι
949 1526 1190 1576 καλούμενος
1223 1525 1374 1574 ἤθελες,
1403 1525 1457 1565 εἰς

136 1595 177 1633 δὲ
201 1593 246 1631 τὸ
273 1592 404 1643 τίμημ’
430 1593 584 1642 ἀναβὰς
613 1593 708 1643 ὑπὲρ
741 1594 812 1642 μὲν
843 1594 1004 1632 ἐκείνων
1039 1591 1117 1631 οὐδ’
1145 1592 1273 1631 ὁτιοῦν
1306 1590 1456 1642 ἔλεγες,

137 1659 245 1700 ἐδέου
281 1661 322 1699 δὲ
359 1663 436 1699 τῶν
472 1662 667 1698 δικαστῶν
706 1659 944 1710 συγγνώμην
982 1659 1090 1711 ἔχειν
1129 1658 1211 1703 σοί;
1256 1657 1326 1697 εἶθ’
1361 1658 1457 1708 ὑπὲρ

135 1728 207 1775 μὲν
244 1729 450 1777 συγγενῶν
487 1726 548 1765 καὶ
587 1726 812 1777 ἀναγκαίων
850 1725 1066 1776 ἀνθρώπων
1106 1724 1174 1764 οὐκ
1213 1724 1455 1774 ἀναβαίνεις,

136 1793 232 1843 ὑπὲρ
263 1792 456 1844 Αἰσχίνου
491 1791 524 1830 δ’
559 1791 770 1842 ἀναβήσει,
804 1792 858 1837 ὅς,
891 1791 989 1842 ἡνίκ’
1021 1791 1172 1842 ἔκρινεν
1206 1790 1458 1842 Ἀριστοφῶν

80 1879 90 1889 ³
136 1859 352 1898 Φιλόνικον
378 1858 438 1897 καὶ
464 1857 512 1897 δι’
539 1858 687 1898 ἐκείνου
713 1862 791 1898 τῶν
818 1859 883 1898 σοὶ
914 1857 1204 1910 πεπραγμένων
1236 1857 1456 1908 κατηγόρει,

136 1925 423 1977 συγκατηγόρει
445 1923 528 1975 μετ’
549 1925 699 1964 ἐκείνου
726 1927 799 1963 σοῦ
825 1924 886 1964 καὶ
911 1929 988 1965 τῶν
1016 1926 1169 1976 ἐχθρῶν
1194 1927 1270 1963 τῶν
1296 1926 1379 1963 σῶν
1404 1923 1459 1964 εἶς

136 1989 341 2041 ἐξητάζετο
349 2007 360 2037 ;
388 1990 520 2039 ἐπειδὴ
542 1992 583 2030 δὲ
604 1990 653 2030 σὺ
678 1993 750 2041 μὲν
769 1992 950 2032 τουτουσὶ
971 1988 1223 2041 δεδιξάμενος
1244 1990 1304 2030 καὶ
1325 1988 1460 2041 φήσας

137 2059 392 2109 καταβαίνειν
417 2059 471 2099 εἰς
491 2060 658 2109 Πειραιᾶ
684 2061 765 2098 δεῖν
790 2058 861 2108 ἤδη
890 2059 951 2098 καὶ
976 2056 1145 2111 χρήματ’
1166 2055 1370 2108 εἰσφέρειν
1398 2055 1460 2096 καὶ

134 2127 182 2164 τὰ
208 2126 375 2177 θεωρικὰ
400 2126 660 2176 στρατιωτικὰ
685 2129 822 2171 ποιεῖν,
845 2122 867 2174 ἢ
895 2128 1136 2178 χειροτονεῖν
1156 2124 1180 2163 ἃ
1201 2127 1362 2164 συνεῖπε
1386 2124 1460 2173 μὲν

134 2191 259 2237 οὗτος,
295 2192 449 2243 ἔγραψε
483 2191 515 2231 δ’
549 2191 568 2229 ὁ
601 2191 795 2243 βδελυρὸς
830 2191 1091 2243 Φιλοκράτης,
1125 2188 1173 2239 ἐξ
1202 2191 1256 2230 ὧν
1286 2191 1459 2243 αἰσχρὰν

182 2299 639 2338 ῐοῖὃΙ,ΛΥ;ὅσοιΡΩ;
675 2300 896 2339 ὅσοιοὶνιιῙξζ.
1077 2298 1459 2339 Ἱδ’ἤδη8[,”ΑῼΡ;

134 2343 168 2376 δὲ
186 2346 223 2382 δὴ
237 2345 323 2383 vulg.
454 2355 491 2374 10
515 2343 663 2383 τοιαῦτα]
678 2346 780 2375 ταῦτα.
796 2343 826 2373 Α
956 2353 992 2382 13
1019 2344 1102 2379 ὑμῶν
1119 2345 1142 2374 S
1157 2343 1183 2373 L
1200 2344 1288 2383 vulg.
1308 2355 1314 2373 2
1342 2346 1412 2382 ὑμῖν
1427 2342 1458 2373 Α

135 2387 221 2427 ὑμῖν]
257 2388 331 2426 ἡμῖν
364 2389 387 2417 S
402 2387 426 2417 L
439 2387 468 2417 Y
639 2397 681 2417 20
719 2388 829 2424 ἤθελες
863 2388 886 2417 S
901 2388 925 2417 L
937 2387 967 2417 Y
981 2387 1006 2416 Ρ
1021 2386 1045 2416 F
1058 2400 1109 2427 γρ.
1125 2401 1130 2417 :
1173 2386 1335 2425 ἠθέλησας
1367 2387 1454 2425 vulg.

135 2441 175 2460 22
201 2431 251 2461 σοί
268 2431 442 2461 Gebauer:
471 2443 520 2461 σοι
539 2429 633 2460 codd.
767 2440 810 2467 30
835 2432 866 2470 ἐξ
883 2429 925 2462 ὧν
942 2439 1007 2460 om.
1027 2427 1066 2460 Sl
1085 2429 1177 2470 (add.
1196 2435 1263 2461 ant.
1284 2441 1323 2460 m.
1340 2444 1341 2447 ¹

178 2495 361 2524 DEMOSTH„
382 2495 456 2515 vot„
478 2495 498 2516 1.
1283 2485 1323 2518 27

1484 868 1554 910 289

1486 1342 1556 1377 290

1489 1804 1553 1840 291
