1747 2844
197 102 284 156 mx]
422 105 567 144 ΠΕΡΙ
615 105 739 144 ΤΗΣ
786 101 1308 143 ΠΑΡΑΠΡΕΣΒΕΙΑΣ

195 210 353 264 μέντᾶν.
423 211 512 252 οὐδὲ
535 211 611 262 γὰρ
634 209 706 260 τὴν
730 212 808 249 τῶν
833 207 1030 258 Θηβαίων
1056 206 1174 246 πόλιν
1201 205 1330 245 εἵλετο
1356 204 1526 258 δημοσίᾳ

196 282 323 319 ποιεῖν
359 278 380 317 ὁ
412 277 613 318 Φίλιππος
650 275 704 322 εὗ,
739 277 893 315 πολλοῦ
930 290 976 325 γε
1013 273 1077 312 καὶ
1114 275 1183 318 δεῖ,
1219 270 1310 311 ἀλλ’
1339 270 1414 311 ὑπὸ
1449 274 1526 311 τῶν

196 344 410 397 πρέσβεων
433 344 612 393 ἐπείσθη.
684 341 728 382 ὃν
753 343 795 382 δὲ
819 341 978 392 τρόπον,
1008 338 1153 391 φράσω
1184 337 1280 390 πρὸς
1310 338 1408 388 ὑμᾶς
1434 337 1525 388 ἐγώ.

195 411 318 463 ἧλθον
343 411 394 452 ὡς
417 410 535 451 αὐτὸν
560 408 755 461 πρέσβεις
781 409 823 448 ἐκ
850 409 1003 457 Θηβῶν
1027 406 1094 446 ὅτε
1119 422 1193 457 περ
1219 404 1281 444 καὶ
1305 403 1395 456 παρ’
1420 404 1526 454 ὑμῶν

158 496 175 527 5
195 478 306 530 ἡμεῖς
331 477 428 529 ἦμεν
455 479 546 518 ἐκεῖ.
617 476 770 516 τούτοις
794 473 963 527 χρήματ’
989 474 1137 514 ἐκεῖνος
1164 472 1355 523 ἐβούλετο
1380 473 1524 518 δοῦναι,

198 545 260 585 καὶ
285 543 387 585 πάνυ
411 543 460 596 γ’,
489 543 539 585 ὡς
565 543 737 595 ἔφασαν,
766 540 913 582 πολλά.
975 539 1043 580 οὐκ
1068 538 1241 590 ἐδέξαντ’
1268 537 1347 578 οὐδ’
1375 538 1528 588 ἔλαβον

197 610 305 652 ταῦθ’
330 612 366 652 οἱ
391 614 468 651 τῶν
494 610 691 661 Θηβαίων
717 607 923 660 πρέσβεις.
989 607 1087 658 μετὰ
1111 605 1218 646 ταῦτ’
1245 606 1287 646 ἐν
1313 606 1429 658 θυσίᾳ
1453 604 1530 644 τινὶ

199 678 262 719 καὶ
297 677 439 732 δείπνῳ
479 677 604 717 πίνων
643 677 705 716 καὶ
742 674 1168 727 φιλανθρωπευόμενος
1203 671 1300 725 πρὸς
1336 671 1474 713 αὐτοὺς
1510 671 1531 710 ὁ

198 745 402 786 Φίλιππος
431 743 538 784 ἄλλα
567 760 610 784 τε
640 742 685 793 δὴ
716 741 862 788 πολλά,
891 743 974 782 οἶον
1000 739 1235 794 αἰχμάλωτα
1266 739 1327 779 καὶ
1357 741 1529 783 τοιαῦτα,

140 828 179 850 10
200 812 261 852 καὶ
286 815 479 852 τελευτῶν
506 809 702 861 ἐκπώματ’
730 810 878 861 ἀργυρᾶ
906 809 968 848 καὶ
992 810 1123 861 χρυσᾶ
1148 807 1362 859 προῦπινεν
1387 804 1531 847 αὐτοῖς.

199 877 329 920 πάντα
358 877 462 918 ταῦτ’
490 879 631 918 ἐκεῖνοι
662 878 893 917 διεωθοῦντο
919 875 980 915 καὶ
1005 874 1154 931 οὐδαμῇ
1179 872 1352 925 προΐενθ’
1378 871 1530 914 αὑτούς.

199 949 393 986 τελευτῶν
429 947 471 985 δὲ
507 946 656 990 Φίλων,
696 944 750 985 εἷς
786 946 863 983 τῶν
899 941 1125 994 πρέσβεων,
1165 940 1287 986 εἶπεν,
1325 937 1354 979 ὦ
1395 938 1532 990 ἄνδρες

200 1012 416 1062 Ἀθηναῖοι,
444 1011 569 1063 λόγον
594 1010 668 1064 οὐχ
697 1012 794 1061 ὑπὲρ
820 1009 1018 1060 Θηβαίων
1043 1007 1134 1049 ἀλλ’
1159 1008 1256 1058 ὑπὲρ
1286 1007 1393 1057 ὑμῶν
1422 1004 1533 1056 ἄξιον

203 1080 397 1131 εἰρῆσθαι.
469 1079 547 1131 ἔφη
578 1079 653 1131 γὰρ
683 1077 752 1118 τὸν
782 1077 986 1117 Φίλιππον
1016 1076 1115 1127 ὁρῶν
1147 1074 1209 1114 καὶ
1236 1072 1534 1126 μεγαλοψύχως

143 1163 180 1195 15
204 1145 266 1186 καὶ
296 1145 589 1198 φιλανθρώπως
620 1144 766 1198 ἔχοντα
796 1143 892 1196 πρὸς
923 1142 1061 1184 αὐτοὺς
1085 1142 1251 1192 ἥδεσθαι
1277 1140 1340 1180 καὶ
1364 1140 1532 1193 χαίρειν·

203 1212 313 1253 αὐτοὶ
342 1215 414 1264 μὲν
441 1212 509 1253 οὖν
533 1211 725 1264 ὑπάρχειν
751 1210 853 1265 αὐτῷ
884 1211 998 1262 φίλοι
1029 1210 1091 1249 καὶ
1120 1207 1227 1259 ξένοι
1254 1208 1315 1248 καὶ
1340 1206 1432 1247 ἄνευ
1456 1209 1533 1246 τῶν

204 1280 340 1332 δώρων
369 1280 530 1326 τούτων,
563 1280 618 1321 εἷς
647 1280 689 1319 δὲ
720 1279 767 1318 τὰ
794 1280 863 1329 τῆς
896 1277 1051 1319 πόλεως
1082 1274 1291 1328 πράγματ’,
1324 1274 1366 1314 ἐν
1395 1274 1453 1316 οἷς
1486 1271 1534 1323 ἧν

204 1347 305 1394 τότε,
344 1346 414 1397 τὴν
453 1346 757 1399 φιλανθρωπίαν
800 1344 919 1385 αὐτὸν
960 1342 1094 1393 ἠξίουν
1136 1342 1280 1392 ταύτην
1322 1338 1532 1392 προσθέντ’

205 1411 315 1463 ἄξιόν
344 1430 381 1453 τι
413 1413 474 1453 καὶ
504 1414 621 1453 αὑτοῦ
651 1411 713 1452 καὶ
746 1414 823 1452 τῶν
855 1411 1052 1461 Θηβαίων
1082 1407 1241 1462 πρᾶξαι,
1273 1407 1335 1448 καὶ
1363 1408 1462 1457 ὅλην
1491 1423 1533 1447 τε

145 1497 184 1519 20
203 1479 275 1530 τὴν
299 1480 417 1521 πόλιν
443 1481 543 1521 οὕτω
574 1480 636 1520 καὶ
664 1482 783 1531 σφεῖς
814 1478 1043 1529 ὡμολόγουν
1071 1474 1258 1528 ὑπάρξειν
1284 1474 1399 1529 αὐτῷ.
1473 1473 1534 1514 καὶ

204 1545 280 1600 γάρ
310 1563 371 1587 τοι
401 1546 613 1599 σκέψασθε
642 1546 682 1586 τί
704 1548 787 1587 τοῖς
812 1545 1013 1595 Θηβαίοις
1038 1542 1204 1596 γέγονεν
1229 1543 1271 1583 ἐκ
1296 1541 1445 1582 τούτων
1473 1540 1535 1580 καὶ

204 1614 245 1654 τί
272 1613 521 1665 συμβέβηκε,
549 1614 611 1654 καὶ
641 1611 835 1654 θεάσασθ’
862 1611 922 1652 ἐπ’
948 1610 1066 1661 αὐτῆς
1090 1612 1159 1661 τῆς
1185 1610 1371 1660 ἀληθείας
1394 1607 1536 1660 ἡλίκον

205 1681 292 1722 ἐστὶ
325 1680 369 1721 τὸ
401 1680 453 1732 μὴ
490 1684 639 1721 πωλεῖν
675 1681 723 1720 τὰ
759 1681 828 1730 τῆς
865 1679 1032 1720 πόλεως.
1104 1680 1259 1729 πρῶτον
1294 1677 1367 1727 μὲν
1402 1676 1534 1716 τοίνυν

205 1746 336 1799 εἰρήνη
356 1746 521 1800 γέγονεν
541 1746 672 1789 αὐτοῖς
695 1749 864 1788 πονοῦσι
889 1746 951 1786 καὶ
975 1742 1360 1796 ταλαιπωρουμένοις
1384 1741 1455 1793 ἤδη
1481 1745 1533 1796 τῷ

146 1832 182 1864 25
205 1812 365 1869 πολέμῳ
401 1814 462 1854 καὶ
493 1813 744 1865 ἡττωμένοις,
780 1813 864 1854 εἶτα
898 1816 977 1853 τῶν
1013 1813 1167 1866 ἐχθρῶν
1204 1809 1377 1851 Φωκέων
1412 1808 1534 1860 ἄρδην

205 1883 370 1934 ὄλεθρος
403 1880 466 1921 καὶ
498 1881 604 1922 ὅλων
636 1884 713 1921 τῶν
745 1883 889 1933 τειχῶν
922 1879 985 1920 καὶ
1018 1882 1095 1920 τῶν
1128 1878 1286 1919 πόλεων
1319 1876 1533 1928 ἀναίρεσις.

205 1948 280 2000 ἆρα
305 1948 368 1989 καὶ
402 1947 505 1999 μόνα
538 1951 678 1995 ταῦτα;
727 1947 772 1987 οὐ
806 1949 860 1998 μὰ
898 1946 980 1993 Δί’,
1020 1944 1111 1986 ἀλλ’
1148 1945 1207 1985 ἔτι
1247 1943 1342 1996 πρὸς
1382 1943 1534 1984 τούτοις

206 2014 465 2069 Ὀρχομενός,
505 2014 718 2067 Κορώνεια,
758 2012 924 2067 Κορσιά,
961 2012 1006 2053 τὸ
1037 2015 1314 2064 Τιλφωσαῖον,
1353 2012 1422 2060 τῆς
1457 2013 1535 2050 τῶν

206 2081 379 2123 Φωκέων
406 2081 539 2135 χώρας
568 2081 722 2131 ὁπόσην
746 2081 977 2132 βούλονται.
1048 2082 1131 2121 τοῖς
1157 2081 1229 2129 μὲν
1260 2077 1305 2128 δὴ
1336 2077 1535 2128 Θηβαίοις

249 2202 267 2230 4
291 2190 408 2232 ἦλθον]
426 2190 504 2229 ἧκον
520 2191 552 2221 Α
683 2191 703 2220 8
728 2191 779 2223 καὶ
797 2190 911 2231 δείπνῳ
928 2201 993 2222 om.
1005 2189 1036 2220 A
1173 2199 1212 2219 10
1235 2189 1421 2229 προῦτεινεν
1438 2186 1478 2224 Ο,
1494 2187 1534 2217 cs.

208 2238 223 2272 ξ
245 2236 306 2266 128
442 2246 479 2274 13
503 2237 540 2267 ὒν
557 2238 634 2275 post
649 2234 751 2275 λόγον
767 2234 842 2265 add.
862 2235 899 2264 L¹
914 2234 999 2273 FQ:
1026 2243 1090 2264 om.
1110 2233 1133 2263 S
1151 2232 1239 2271 vulg.
1377 2241 1417 2261 20
1442 2233 1535 2269 σφεῖς

208 2279 243 2310 S¹
258 2280 284 2309 L
299 2291 306 2309 t
331 2282 414 2320 σφᾶς
431 2284 510 2310 cett.
701 2288 741 2316 23
767 2277 939 2319 πράγματα
956 2282 1032 2317 post
1049 2276 1172 2308 πόλεως
1188 2275 1264 2306 add.
1287 2275 1312 2304 L
1327 2274 1417 2313 vulg.
1435 2286 1440 2304 :
1468 2285 1532 2305 om.

208 2322 275 2354 SA
416 2332 457 2362 25
481 2321 614 2355 Φωκέων
632 2321 711 2352 secl.
732 2321 851 2358 Cobet,
870 2326 961 2352 recte
980 2326 1073 2359 puto,
1093 2320 1133 2350 cf.
1155 2322 1169 2356 ξ
1189 2329 1252 2358 325
1385 2318 1427 2348 26
1450 2319 1535 2351 ἀναι·

206 2366 310 2407 ρέσεις
328 2367 351 2397 S
366 2366 391 2396 L
408 2377 493 2397 corr.
514 2366 578 2397 soli
711 2375 752 2405 29
776 2365 951 2402 βούλονται
970 2365 994 2396 S
1007 2364 1036 2394 Y
1053 2375 1059 2395 :
1084 2362 1263 2401 ἐβούλοντο
1283 2361 1309 2392 L
1324 2361 1413 2401 vulg.

1557 95 1672 151 [384]

1560 352 1626 388 139

1567 950 1633 984 140

1568 1488 1629 1522 141

1566 1809 1677 1865 [385]

1569 2088 1633 2122 142
