1763 2828
105 121 220 175 [286]

158 306 220 343 175

153 765 218 808 176

103 1158 214 1212 [287]

150 1440 211 1474 177

680 122 1165 162 ΔΗΜΟΣΘΕΝΟΎΣ
1461 119 1581 173 {xvm

254 228 394 277 σαφῶς
434 226 662 276 ἐπίσταμαι.
737 226 786 268 ὡς
826 225 858 265 δ’
896 226 1005 279 ἔχει’
1044 226 1146 279 ἔφην
1187 229 1345 273 (ταῦτα,
1385 227 1585 268 ἀκούσατέ

251 308 337 343 μου.
411 293 559 334 ἐκεῖνος
592 294 710 334 ὅσους
746 289 768 342 ἢ
803 295 939 333 πεῖσαι
973 292 1174 346 χρήμασιν
1201 295 1399 344 Θηβαίων
1432 291 1455 344 ἢ
1491 292 1578 344 ἐξα-

251 361 426 410 πατῆσαι
469 361 559 409 ἐνῆν
602 358 779 401 ἅπαντας
822 359 1093 411 ηὐτρέπισται·
1144 360 1235 402 τοὺς
1276 359 1308 400 δ’
1347 359 1413 401 ἀπ’
1456 361 1580 414 ἀρχῆς

251 426 546 476 ἀνθεστηκότας
572 427 673 481 αὐτῷ
701 428 762 467 καὶ
790 430 858 468 νῦν
890 426 1209 477 ἐναντιουμένους
1239 426 1415 477 οὐδαμῶς
1444 430 1581 468 πεῖσαι

251 493 423 533 δύναται.
494 494 535 533 τί
557 493 624 534 οὖν
657 494 863 544 βούλεται,
894 494 955 534 καὶ
981 495 1087 535 τίνος
1113 495 1242 535 εἵνεκα
1270 493 1342 544 τὴν
1367 493 1580 536 Ἐλάτειαν

252 561 510 612 κατείληφεν;
555 560 730 610 πλησίον
769 560 933 610 δύναμιν
971 560 1099 611 δείξας
1137 562 1199 601 καὶ
1236 559 1500 613 παραστήσας
1532 562 1580 601 τὰ

250 627 356 667 ὅπλα
381 627 470 668 τοὺς
501 628 573 676 μὲν
605 629 741 667 ἑαυτοῦ
770 628 913 679 φίλους
947 629 1087 679 ἐπᾶραι
1119 628 1181 668 καὶ
1206 630 1368 680 θρασεῖς
1399 629 1576 678 ποιῆσαι,

250 693 340 735 τοὺς
383 692 415 732 δ’
459 692 780 743 ἐναντιουμένους
827 693 1086 744 καταπλῆξαι,
1129 694 1178 734 ἵν’
1216 691 1238 744 ἢ
1280 693 1578 747 συγχωρήσωσι

250 759 499 811 φοβηθέντες
532 760 556 799 ἃ
592 763 660 800 νῦν
695 759 764 799 οὐκ
804 760 1025 806 ἐθέλουσιν,
1060 758 1084 811 ἢ
1121 763 1364 812 βιασθῶσιν.
1436 762 1469 802 εἰ
1505 763 1578 812 μὲν

248 826 380 866 τοίνυν
417 825 726 878 προαιρησόμεθ’
758 827 869 877 ἡμεῖς
889 827 898 841 ’
930 827 1033 879 ἔφην
1069 831 1077 846 ‘
1097 829 1138 868 ἐν
1171 831 1224 882 τῷ
1258 828 1436 880 παρόντι,
1472 829 1508 868 εἴ
1542 845 1578 868 τι

249 892 447 932 δύσκολον
467 892 686 944 πέπρακται
708 894 908 944 Θηβαίοις
936 893 1032 947 πρὸς
1057 894 1168 945 ἡμᾶς,
1191 894 1329 934 τούτου
1352 897 1579 945 μεμνῆσθαι

250 960 310 999 καὶ
348 960 532 1000 ἀπιστεῖν
564 960 695 1000 αὐτοῖς
732 959 783 1001 ὡς
821 961 861 1000 ἐν
899 961 946 1017 τῇ
984 964 1061 1001 τῶν
1099 962 1251 1014 ἐχθρῶν
1288 961 1401 1001 οῧσιν
1436 962 1576 1013 μερίδι,

248 1029 403 1077 πρῶτον
426 1029 498 1077 μὲν
524 1026 571 1066 ἂν
598 1025 752 1077 εὔξαιτο
779 1028 984 1069 Φίλιππος
1010 1026 1243 1079 ποιήσομεν,
1272 1028 1355 1068 εἶτα
1374 1030 1578 1079 φοβοῦμαι

246 1093 297 1143 μὴ
336 1091 668 1145 προσδεξαμένων
705 1097 781 1134 τῶν
819 1097 886 1134 νῦν
929 1094 1231 1146 ἀνθεστηκότων
1267 1093 1370 1149 αὐτῷ
1408 1093 1472 1133 καὶ
1509 1100 1580 1150 μιᾷ

246 1160 382 1215 γνώμῃ
419 1159 576 1200 πάντων
610 1159 950 1212 φιλιππισάντων,
989 1162 1044 1203 εἷς
1076 1160 1147 1211 τὴν
1185 1160 1370 1211 Ἀττικὴν
1403 1160 1578 1201 ἔλθωσιν

247 1227 477 1279 ἀμφότεροι.
548 1226 595 1267 ἂν
620 1226 755 1278 μέντοι
781 1227 964 1277 πεισθῆτ’
992 1229 1078 1279 ἐμοὶ
1109 1228 1170 1268 καὶ
1197 1227 1293 1280 πρὸς
1318 1231 1370 1282 τῷ
1397 1230 1575 1274 σκοπεῖν,

246 1293 352 1333 ἀλλὰ
383 1293 436 1344 μὴ
468 1297 690 1345 φιλονικεῖν
725 1295 811 1347 περὶ
843 1295 898 1335 ὧν
935 1294 983 1335 ἂν
1017 1294 1124 1347 λέγω
1160 1294 1345 1347 γένησθε,
1373 1294 1481 1345 οἶμαι
1515 1294 1578 1335 καὶ

244 1362 293 1399 τὰ
324 1359 465 1400 δέοντα
497 1359 632 1412 λέγειν
665 1359 793 1411 δόξειν
829 1361 891 1401 καὶ
922 1361 992 1402 τὸν
1035 1362 1287 1414 ἐφεστηκότα
1320 1362 1497 1402 κίνδυνον
1529 1366 1577 1418 τῇ

245 1428 360 1467 πόλει
408 1427 624 1467 διαλύσειν.
697 1428 737 1467 τί
781 1428 850 1468 οὖν
895 1429 996 1480 φημὶ
1044 1431 1144 1474 Mu,-
1200 1432 1353 1481 πρῶτον
1395 1430 1467 1478 μὲν
1508 1427 1576 1467 τὸν

244 1493 405 1546 παρόντ’
439 1495 642 1534 ἐπανεῖναι
675 1494 823 1545 φόβον,
860 1495 944 1535 εἶτα
981 1494 1223 1546 μεταθέσθαι
1256 1496 1319 1535 καὶ
1353 1495 1576 1546 φοβεῖσθαι

244 1558 393 1602 πάντας
426 1562 522 1611 ὑπὲρ
553 1561 762 1610 Θηβαίων·
801 1562 904 1601 πολὺ
937 1564 1012 1615 γὰρ
1049 1565 1126 1601 τῶν
1160 1564 1297 1602 δεινῶν
1332 1562 1435 1601 εἰσιν
1466 1560 1575 1611 ἡμῶν

245 1626 451 1678 ἐγγυτέρω,
495 1627 556 1666 καὶ
597 1626 800 1679 προτέροις
844 1628 975 1670 αὐτοῖς
1017 1630 1127 1668 ἐστιν
1163 1629 1184 1668 ὁ
1221 1628 1408 1668 κίνδυνος·
1454 1625 1575 1667 ἔπειτ’

244 1691 480 1743 ἐξελθόντας
517 1692 780 1734 Ἐλευσῖνάδε
816 1695 905 1736 τοὺς
951 1696 993 1735 ἐν
1032 1695 1165 1748 ἡλικίᾳ
1205 1695 1266 1734 καὶ
1304 1693 1393 1735 τοὺς
1433 1692 1577 1736 ἱππέας

243 1757 367 1809 δεῖξαι
400 1762 524 1800 πᾶσιν
559 1761 655 1810 ὑμᾶς
689 1760 829 1803 αὐτοὺς
864 1763 905 1801 ἐν
944 1765 1025 1803 τοῖς
1058 1762 1198 1803 ὅπλοις
1232 1762 1360 1806 ὄντας,
1398 1761 1462 1801 ἵνα
1494 1762 1577 1802 τοῖς

244 1827 287 1866 ἐν
313 1825 473 1877 Θήβαις
499 1830 695 1879 φρονοῦσι
733 1830 781 1867 τὰ
816 1827 982 1879 ὑμέτερα
1016 1827 1061 1878 ἐξ
1091 1829 1181 1868 ’ίσου
1206 1827 1368 1880 γένηται
1399 1826 1444 1867 τὸ
1475 1842 1573 1878 παρ·

242 1892 505 1944 ρησιάζεσθαι
548 1895 635 1946 περὶ
680 1898 756 1935 τῶν
799 1895 970 1939 δικαίων,
1012 1896 1162 1935 ἰδοῦσιν
1200 1895 1271 1939 ὅτι,
1317 1894 1452 1946 ὥσπερ
1493 1895 1577 1934 τοῖς

246 1963 425 2000 πωλοῦσι
467 1961 656 2016 Φιλίππῳ
704 1961 775 2011 τὴν
818 1963 985 2013 πατρίδα
1033 1960 1198 2013 πάρεσθ’
1240 1961 1262 2011 ἡ
1309 1958 1575 2011 βοηθήσουσα

245 2026 404 2077 δύναμις
430 2028 473 2067 ἐν
499 2027 535 2068 'E
549 2029 699 2082 λατείᾳ,
735 2029 834 2068 οὕτω
868 2032 950 2069 τοῖς
983 2029 1078 2080 ὑπὲρ
1111 2030 1180 2078 τῆς
1213 2028 1437 2078 ἐλευθερίας
1469 2027 1572 2078 ἀγω-

244 2092 420 2143 νίζεσθαι
460 2094 724 2145 βουλομένοις
763 2093 953 2148 ὑπάρχεθ’
992 2096 1101 2145 ὑμεῖς
1138 2095 1286 2145 ἕτοιμοι
1323 2094 1385 2134 καὶ
1421 2091 1571 2143 βοηθή-

291 2213 303 2234 1
331 2202 413 2244 ἔφην
431 2208 510 2234 ante
527 2205 630 2236 ταῦτα
648 2202 671 2234 S
687 2215 693 2234 :
719 2207 795 2243 post
811 2205 914 2236 ταῦτα
930 2208 1006 2234 cett.
1164 2213 1183 2242 5
1209 2203 1314 2235 εἵνεκα
1332 2201 1355 2233 S
1372 2201 1396 2232 L
1412 2201 1457 2232 F:
1483 2201 1575 2233 ἕνεκα

244 2246 332 2285 vulg.
481 2249 503 2278 6
524 2248 578 2279 ἵνα
594 2251 672 2278 ante
690 2247 830 2285 πλησίον
847 2247 922 2278 add.
941 2246 965 2277 S
982 2246 1017 2276 L¹
1032 2245 1063 2285 Q
1208 2255 1224 2284 7
1251 2248 1361 2286 ἐπᾶραι
1380 2246 1428 2277 καὶ
1448 2247 1573 2285 θρασεῖς

244 2293 371 2327 ποιῆσαι
407 2290 431 2321 S
448 2291 472 2321 Ι.
486 2290 516 2320 A
533 2302 539 2321 ε
579 2292 703 2332 θρασεῖς
734 2292 864 2328 ποιῆσαι
897 2291 946 2322 καὶ
982 2293 1091 2331 ἐπᾶραι
1126 2289 1150 2320 F
1177 2289 1263 2328 vulg.
1280 2300 1286 2319 :
1323 2291 1433 2330 ἐπᾶραι
1466 2287 1573 2317 Cobet

249 2343 281 2370 17
317 2337 495 2373 φιλονικεῖν
524 2333 577 2364 O:
613 2336 806 2374 φιλονεικεῖν
835 2338 913 2364 cett.
1092 2343 1130 2371 24
1168 2334 1217 2365 καὶ
1247 2337 1326 2363 ante
1354 2331 1463 2363 αὐτοὺς
1494 2330 1570 2363 add.

245 2376 349 2407 Cobet
485 2378 525 2406 28
558 2380 592 2409 ἐν
616 2378 766 2417 Ἐλατείᾳ
790 2382 959 2416 suspectat
985 2376 1075 2407 weil

1601 512 1618 544 5

1603 844 1641 868 10

1603 1178 1639 1209 15

1600 1511 1638 1534 20

1597 1844 1635 1876 ²5
