1747 2844
135 838 174 860 10

135 1505 173 1527 20

131 2173 172 2204 30

196 120 282 166 xxxj
420 117 560 154 ΠΕΡΙ
608 117 731 154 ΤΗΣ
782 117 1306 155 ΠΑΡΑΙῙΡΕΣΒΕΙΑΣ
1552 118 1665 173 [438]

194 224 346 274 πρῶτος
375 221 466 261 ἰδὼν
494 221 554 260 ὅτι
584 219 712 261 κοινὸς
742 218 884 272 ἐχθρὸς
913 220 1061 261 ἐκεῖνός
1091 221 1202 260 ἐστιν
1236 219 1419 261 ἁπάντων
1445 224 1522 262 τῶν

192 286 414 337 Ἑλλήνων,
445 287 694 337 ηὐτομόλησε
724 286 785 325 καὶ
815 285 1017 337 προῦδωκε
1046 286 1108 325 καὶ
1138 286 1302 338 γέγονεν
1333 286 1522 340 ἐξαίφνης

192 355 288 407 ὑπὲρ
315 354 529 399 Φιλίππου,
562 356 644 394 πῶς
670 351 714 391 οὗ
744 350 940 392 πολλάκις
970 351 1083 393 οὗτος
1113 350 1222 402 ἄξιός
1254 352 1336 392 ἐστ’
1361 354 1518 394 ἀπολω-

192 420 326 467 λέναι,·
365 421 471 460 ἀλλὰ
503 420 580 470 μὴν
608 419 667 459 ὅτι
699 417 807 458 ταῦθ’
838 419 960 459 οὕτως
993 417 1090 471 ἔχει,
1123 418 1239 460 αὐτὸς
1272 419 1344 472 οὐχ
1379 420 1459 461 οἶός
1488 420 1520 461 τ’
1553 438 1619 473 303

194 488 394 528 ἀντειπεῖν
416 486 542 527 ἔσται.
606 486 665 526 τίς
689 484 765 538 γάρ
791 483 878 525 ἐσθ’
902 485 923 524 ὁ
948 483 1018 525 τὸν
1037 484 1280 538 Ἴσχανδρον
1305 485 1521 538 προσάγων

192 555 283 605 ὑμῖν
318 553 362 593 τὸ
401 553 480 593 κατ’
514 551 649 606 ἀρχάς,
683 551 728 592 ὃν
760 553 866 604 παρὰ
901 555 978 591 τῶν
1015 552 1056 592 ἐν
1091 551 1278 606 Ἀρκαδίᾳ
1310 553 1443 605 φίλων
1476 554 1522 609 τῇ

193 621 310 661 πόλει
339 619 442 671 δεῦρ’
473 620 582 670 ἥκειν
614 620 712 672 ἔφη,·
749 620 808 661 τίς
839 619 860 658 ὁ
893 618 1208 669 συσκευάζεσθαι
1241 619 1311 669 τὴν
1343 618 1522 660 Ἑλλάδα

194 686 255 727 καὶ
282 687 597 737 Πελοπόννησον
622 687 828 727 Φίλιππον
858 689 980 736 βοῶν,
1007 687 1106 737 ὑμᾶς
1135 688 1176 727 δὲ
1207 686 1425 733 καθεύδειν;
1463 688 1522 729 τίς

193 755 213 792 ὁ
232 753 321 795 τοὺς
339 754 508 806 μακροὺς
530 754 592 794 καὶ
612 753 755 795 καλοὺς
774 753 918 805 λόγους
938 754 1109 794 ἐκείνους
1129 755 1375 805 δημηγορῶν,
1397 754 1458 794 καὶ
1478 753 1521 793 τὸ

194 819 415 861 Μιλτιάδου
448 821 511 860 καὶ
541 817 618 871 (rb)
648 819 970 870 Θεμιστοκλέους
998 819 1181 872 ψήφισμ’
1211 821 1521 872 ἀναγιγνώσκων

196 888 256 927 καὶ
281 887 349 927 τὸν
368 888 409 927 ἐν
429 891 482 941 τῷ
501 889 569 937 τῆς
588 886 810 939 Ἀγλαύρου
830 891 907 927 τῶν
927 886 1097 940 ἐφήβων
1116 888 1252 939 ὅρκον,·
1292 887 1364 940 οὐχ
1391 887 1519 934 οὗτος;
1553 901 1621 936 304

193 955 250 996 τίς
289 954 308 992 ὁ
342 955 483 995 πείσας
517 955 616 1004 ὑμᾶς
650 955 770 1004 μόνον
804 953 871 993 οὐκ
910 954 973 994 ἐπὶ
1009 954 1079 1003 τὴν
1117 955 1283 1006 ἐρυθρὰν
1321 954 1521 995 θάλατταν

193 1022 414 1072 πρεσβείας
442 1020 622 1071 πέμπειν,
652 1021 702 1062 ὡς
731 1020 1091 1071 ἐπιβουλευομένης
1121 1023 1192 1071 μὲν
1217 1020 1293 1061 ὑπὸ
1319 1022 1521 1062 Φιλίππου

192 1090 261 1138 τῆς
299 1087 508 1133 Ἑλλάδος,
546 1088 636 1138 ὑμῖν
675 1090 715 1127 δὲ
756 1089 960 1139 προσῆκον
1002 1090 1175 1140 προορᾶν
1211 1091 1332 1128 ταῦτα
1372 1088 1431 1128 καὶ
1468 1088 1520 1139 μὴ

153 1170 168 1201 ,-
193 1153 403 1206 προΐεσθαι
422 1156 469 1194 τὰ
488 1157 566 1194 τῶν
585 1153 814 1204 Ἑλλήνων;
853 1154 926 1207 οὐχ
952 1155 971 1193 ὁ
996 1156 1069 1205 μὲν
1089 1154 1256 1207 γράφων
1276 1154 1318 1194 τὸ
1338 1153 1520 1207 ψήφισμ’

195 1221 404 1271 Εὔβουλος
433 1219 491 1271 ἦν,
521 1221 541 1259 ὁ
568 1223 609 1262 δὲ
640 1221 875 1273 πρεσβεύων
904 1223 958 1263 εἷς
985 1222 1300 1272 Πελοπόννησον
1327 1223 1522 1275 Αἰσχίνης

193 1288 350 1334 οὑτοσί;
389 1288 518 1328 ἐλθὼν
536 1287 570 1328 δ’
590 1288 721 1329 ἐκεῖσε
746 1286 844 1328 ἄττα
866 1288 940 1339 μέν
959 1305 1055 1329 ποτε
1082 1288 1267 1342 διελέχθη
1291 1289 1352 1329 καὶ
1379 1290 1519 1340 ἐδημη-

192 1355 379 1407 γόρησεν,
406 1354 521 1396 αὐτὸς
549 1354 598 1395 ἂν
628 1356 759 1405 εἰδείη,
787 1355 810 1395 ἃ
840 1354 873 1395 δ’
898 1354 1119 1407 ἀπήγγειλε
1150 1355 1246 1407 πρὸς
1275 1356 1386 1406 ὑμᾶς,
1412 1356 1522 1406 ὑμεῖς

192 1420 263 1461 οἶδ’
289 1422 349 1462 ὅτι
377 1421 580 1473 μέμνησθε
604 1421 760 1464 πάντες.
831 1421 1043 1475 βάρβαρόν
1068 1439 1110 1462 τε
1134 1424 1209 1475 γὰρ
1235 1422 1428 1464 πολλάκις
1459 1424 1521 1463 καὶ
1553 1432 1618 1469 305

193 1488 400 1540 ἀλάστορα
439 1488 509 1529 τὸν
548 1490 752 1529 Φίλιππον
791 1489 1004 1530 ἀποκαλῶν
1042 1490 1289 1541 ἐδημηγόρει,
1332 1490 1394 1529 καὶ
1433 1490 1522 1531 τοὺς

192 1555 384 1608 Ἀρκάδας
422 1556 513 1607 ὑμῖν
548 1555 804 1608 ἀπήγγελλεν
841 1556 892 1597 ὡς
930 1556 1104 1608 ἔχαιρον,
1144 1558 1177 1596 εἰ
1216 1555 1408 1609 προσέχει
1444 1560 1523 1597 τοῖς
1554 1553 1672 1608 [439]

193 1621 422 1675 πράγμασιν
469 1622 540 1673 ἤδη
591 1623 654 1662 καὶ
701 1624 895 1675 ἐγείρεται
941 1623 963 1673 ἡ
1007 1626 1085 1663 τῶν
1128 1622 1350 1673 Ἀθηναίων
1394 1624 1521 1664 πόλις.

192 1688 212 1728 δ
255 1692 298 1730 δὲ
339 1689 496 1730 πάντων
537 1688 700 1741 μάλιστ’
740 1690 1012 1742 ἀγανακτῆσαι
1055 1690 1147 1742 ἔφη·
1199 1694 1409 1743 συντυχεῖν
1448 1692 1522 1742 γὰρ

193 1757 319 1796 ἀπιὼν
338 1756 572 1810 Ἀτρεστίδᾳ
591 1758 694 1809 παρὰ
715 1758 920 1798 Φιλίππου
940 1756 1202 1811 πορευομένῳ,
1227 1758 1288 1798 καὶ
1307 1756 1389 1808 μετ’
1406 1757 1523 1797 αὐτοῦ

192 1823 333 1875 γύναια
354 1824 416 1863 καὶ
437 1823 608 1876 παιδάρι’
625 1824 675 1865 ὡς
691 1823 900 1875 τριάκοντα
919 1825 1108 1875 βαδίζειν,
1130 1824 1244 1866 αὐτὸς
1261 1826 1299 1864 δὲ
1317 1823 1522 1875 θαυμάσας

192 1890 353 1941 ἐρέσθαι
372 1892 460 1930 τινὰ
474 1894 552 1930 τῶν
568 1891 783 1942 ὁδοιπόρων
802 1893 861 1933 τίς
877 1890 1082 1943 ἄνθρωπός
1102 1892 1190 1931 ἐστι
1210 1891 1272 1931 καὶ
1288 1892 1346 1933 τίς
1361 1892 1484 1944 ὄχλος
1500 1892 1521 1930 ὁ

191 1956 275 2007 μετ’
295 1956 426 2003 αὐτοῦ,
448 1957 579 2007 ἐπειδὴ
598 1957 630 1997 δ’
653 1958 820 1998 ἀκοῦσαι
838 1958 899 1998 ὅτι
917 1958 1174 2010 Ἀτρεστίδας
1194 1960 1297 2010 παρὰ
1318 1958 1521 1998 Φιλίππου
1552 1962 1621 2005 306

192 2027 271 2064 τῶν
299 2023 521 2064 Ὀλυνθίων
554 2024 789 2077 αἰχμάλωτα
819 2027 981 2077 δωρειὰν
1014 2025 1119 2065 ταῦτ’
1151 2025 1256 2079 ἔχων
1289 2024 1517 2078 ἀπέρχεται,

193 2091 322 2131 δεινὸν
350 2091 451 2146 αὐτῷ
477 2107 514 2131 τι
541 2090 651 2142 δόξαι
681 2092 742 2132 καὶ
773 2095 964 2144 δακρῦσαι
996 2093 1056 2133 καὶ
1087 2093 1303 2144 ὀδύρασθαι
1327 2091 1398 2142 τὴν
1422 2091 1517 2131 Ἑλ-

190 2157 306 2204 λάδα,
338 2158 388 2199 ὡς
423 2161 546 2200 κακῶς
581 2158 781 2205 διάκειται,
813 2158 835 2209 ἢ
865 2163 1023 2200 τοιαῦτα
1057 2159 1161 2210 πάθη
1194 2164 1354 2214 περιορᾷ
1382 2159 1517 2212 γιγνό-

238 2277 276 2298 10
293 2269 330 2300 τὸ
347 2268 421 2299 add.
438 2267 529 2298 Weil
545 2279 587 2299 ex
605 2268 707 2300 schol.
727 2280 757 2309 p.
772 2271 844 2309 446,
866 2281 901 2309 17
997 2280 1028 2299 ῐῐ
1050 2270 1229 2310 Ἀγραύλου
1242 2270 1273 2300 Α
1367 2280 1403 2309 14
1421 2283 1518 2313 προσ-

190 2314 268 2350 ῆκον
285 2312 374 2351 vulg.
391 2323 397 2344 τ
422 2314 584 2354 προσῆκεν
601 2312 624 2343 S
641 2324 647 2343 :
672 2312 812 2355 προσῆκε
832 2314 858 2344 L
1061 2315 1103 2343 26
1127 2316 1142 2345 ὁ
1160 2319 1239 2345 ante
1258 2314 1358 2355 ὄχλος
1376 2314 1452 2346 add.
1473 2313 1518 2347 P:

190 2365 254 2386 om.
276 2355 299 2385 S
313 2355 338 2385 L
355 2356 441 2395 vulg.
557 2366 597 2395 27
623 2357 755 2389 ἀκοῦσαι
775 2357 799 2387 L
814 2357 837 2387 F
849 2357 878 2387 Y
891 2357 921 2388 O
934 2356 963 2395 Q
980 2368 986 2387 ε
1012 2370 1142 2389 ακουσαι
1163 2357 1186 2388 S
1198 2357 1228 2387 A
1244 2368 1250 2387 τ
1277 2357 1408 2389 ἀκούσαι
1426 2357 1515 2396 vulg.

190 2399 231 2429 28
254 2400 346 2431 ταῦτ’
366 2400 452 2441 ἔχων
469 2398 660 2441 ἀπέρχεται]
680 2400 764 2440 ἔχων
781 2403 884 2433 ταῦτα
901 2402 971 2441 ἄγει
991 2400 1057 2438 PQ
1070 2413 1119 2441 γρ.
1353 2411 1394 2439 30
1418 2401 1436 2439 ἣ
1456 2401 1479 2432 S
1492 2401 1518 2431 L

190 2442 276 2481 vulg.
296 2454 300 2474 :
329 2444 356 2475 εἰ
372 2443 414 2480 Α,
433 2443 471 2475 cf.
493 2446 507 2481 §
526 2453 590 2482 309
