1747 2844
181 121 298 175 xvm]
493 125 637 164 ΠΕΡΙ
685 126 811 164 ΤΟΥ
853 126 1192 165 ΣΤΕΦΑΝΟΎ
1536 125 1653 180 [294]

180 228 430 282 θεωρησάτω.
503 231 536 270 εἶ
560 231 635 283 γὰρ
660 228 708 280 ἦν
733 228 858 270 ἅπασι
884 229 1063 281 πρόδηλα
1087 231 1135 269 τὰ
1160 228 1362 280 μέλλοντα
1386 228 1500 281 γενή-

182 299 327 337 σεσθαι
362 298 423 337 καὶ
454 298 682 354 προῄδεσαν
711 295 856 338 πάντες
885 296 946 336 καὶ
976 295 1026 336 σὺ
1056 296 1284 348 προῦλεγες,
1314 297 1500 348 Αἰσχίνη,

181 364 244 404 καὶ
269 364 523 416 διεμαρτύρου
553 367 664 415 βοῶν
693 363 754 404 καὶ
785 363 993 415 κεκραγώς,
1022 362 1064 404 ὃς
1094 362 1175 403 οὐδ’
1201 361 1399 415 ἐφθέγξω,
1423 361 1501 401 οὐδ’
1535 365 1651 419 [295]

181 432 303 472 οὕτως
339 430 589 471 ἀποστατέον
623 431 669 486 τῇ
704 430 821 471 πόλει
857 429 1003 470 τούτων
1036 429 1095 480 ἦν,
1131 431 1238 482 εἴπερ
1271 426 1293 479 ἢ
1327 428 1444 479 δόξης
1480 424 1503 477 ἢ

142 517 159 547 5
181 498 388 550 προγόνων
419 495 443 548 ἢ
476 500 544 537 τοῦ
573 497 795 548 μέλλοντος
831 498 971 538 αἰῶνος
1004 497 1088 550 εἶχε
1122 497 1260 549 λόγον.
1330 499 1398 536 νῦν
1430 495 1502 546 μέν
1533 514 1603 539 200

182 564 217 618 γ’
251 565 466 617 ἀποτυχεῖν
502 566 609 604 δοκεῖ
639 567 716 604 τῶν
750 563 1006 616 πραγμάτων,
1041 563 1061 603 ὃ
1094 566 1195 604 πᾶσι
1229 563 1359 603 κοινόν
1392 563 1503 602 ἐστιν

182 631 401 683 ἀνθρώποις
426 631 520 671 ὅταν
545 634 597 685 τῷ
625 633 698 685 θεῷ
723 633 846 670 ταῦτα
870 633 977 687 δοκῇ·
1017 631 1106 671 τότε
1132 630 1164 671 δ’
1191 629 1358 680 ἀξιοῦσα
1387 646 1502 681 προε-

183 697 326 738 στάναι
357 701 436 738 τῶν
469 697 617 744 ἄλλων,
653 696 721 738 εἶτ’
755 698 968 738 ἀποστᾶσα
1000 698 1138 738 τούτου
1173 698 1374 751 Φιλίππῳ,
1409 712 1504 747 προ-

182 763 392 805 δεδωκέναι
417 763 566 807 πάντας
592 764 641 805 ἂν
667 764 789 817 ἔσχεν
822 765 962 805 αἰτίαν.
1035 766 1067 805 εἰ
1100 766 1176 817 γὰρ
1209 767 1330 804 ταῦτα
1359 762 1505 815 προεῖτ’

125 849 162 872 10
183 832 366 877 ἀκονιτεί,
393 832 482 884 περὶ
514 833 569 872 ὧν
599 830 739 872 οὐδένα
769 832 945 872 κίνδυνον
972 831 1092 872 ὅντιν’
1118 831 1191 884 οὐχ
1223 830 1435 881 ὑπέμειναν
1469 831 1504 870 οἱ

181 898 384 951 πρόγονοι,
411 899 469 940 τίς
494 898 582 952 οὐχὶ
610 897 853 939 κατέπτυσεν
879 898 926 939 ἂν
953 902 1044 944 σοῦ;
1082 898 1133 949 μὴ
1159 900 1235 951 γὰρ
1259 899 1327 947 τῆς
1351 897 1505 938 πόλεώς

182 982 239 1018 γε,
266 965 355 1016 μηδ’
383 967 489 1016 ἐμοῦ.
561 966 642 1006 τίσι
676 964 707 1005 δ’
733 966 958 1017 ὀφθαλμοῖς
991 965 1087 1017 πρὸς
1113 964 1209 1007 Διὸς
1243 966 1424 1016 ἑωρῶμεν
1456 963 1504 1004 ἂν
1534 979 1599 1003 201

182 1032 273 1074 τοὺς
310 1033 365 1074 εἰς
399 1032 470 1082 τὴν
507 1032 626 1072 πόλιν
662 1032 890 1084 ἀνθρώπους
923 1031 1247 1084 ἀφικνουμένους,
1284 1032 1316 1072 εἰ
1349 1033 1398 1071 τὰ
1433 1032 1505 1081 μὲν

182 1098 378 1151 πράγματ’
416 1100 471 1140 εἷς
510 1099 606 1151 ὅπερ
641 1099 724 1140 νυνὶ
760 1098 962 1151 περιέστη,
1001 1099 1158 1151 ἡγεμὼν
1197 1100 1237 1139 δὲ
1279 1098 1340 1138 καὶ
1380 1098 1507 1150 κύριος

126 1181 162 1214 15
181 1164 298 1222 ᾑρέθη
337 1167 537 1208 Φίλιππος
576 1165 774 1212 ἁπάντων,
812 1165 881 1206 τὸν
921 1165 952 1206 δ’
991 1167 1087 1218 ὑπὲρ
1126 1168 1194 1206 τοῦ
1229 1165 1280 1216 μὴ
1319 1164 1507 1217 γενέσθαι

183 1232 289 1272 ταῦτ’
311 1234 444 1285 ἀγῶνα
470 1233 595 1285 ἕτεροι
622 1233 742 1286 χωρὶς
762 1232 870 1284 ἡμῶν
890 1231 992 1283 ἦσαν
1014 1232 1282 1284 πεποιημένοι,
1305 1232 1367 1272 καὶ
1387 1234 1507 1271 ταῦτα

181 1299 441 1350 μηδεπώποτε
466 1302 534 1350 τῆς
559 1301 714 1342 πόλεως
748 1300 789 1340 ἐν
817 1303 900 1342 τοῖς
929 1299 1153 1352 ἔμπροσθεν
1186 1299 1346 1352 χρόνοις
1372 1297 1505 1350 ἀσφά-

180 1372 295 1407 λειαν
337 1366 478 1418 ἄδοξον
524 1369 680 1418 μᾶλλον
721 1363 743 1416 ἢ
786 1366 855 1407 τὸν
902 1368 997 1419 ὑπὲρ
1039 1370 1117 1407 τῶν
1159 1369 1291 1406 καλῶν
1329 1367 1508 1406 κίνδυνον

179 1433 385 1491 ᾑρημένης.
457 1435 515 1476 τίς
539 1435 614 1486 γὰρ
642 1433 710 1473 οὐκ
734 1433 840 1474 οἶδεν
864 1432 1087 1483 Ἑλλήνων,
1114 1435 1173 1475 τίς
1198 1436 1238 1473 δὲ
1271 1432 1505 1484 βαρβάρων,
1539 1443 1605 1468 202

122 1515 162 1538 20
181 1502 241 1541 ὅτι
267 1502 329 1542 καὶ
354 1503 459 1553 παρὰ
485 1502 681 1552 Θηβαίων
709 1500 771 1541 καὶ
801 1502 906 1552 παρὰ
935 1504 1011 1541 τῶν
1045 1500 1102 1541 ἔτι
1134 1501 1282 1540 τούτων
1315 1500 1507 1552 πρότερον

181 1569 356 1622 ἰσχυρῶν
392 1567 617 1621 γενομένων
652 1568 972 1619 Λακεδαιμονίων
1007 1569 1068 1608 καὶ
1100 1569 1206 1620 παρὰ
1238 1570 1306 1606 τοῦ
1336 1569 1507 1618 Περσῶν

179 1635 386 1686 βασιλέως
410 1637 508 1686 μετὰ
533 1637 688 1686 πολλῆς
715 1634 879 1688 χάριτος
904 1634 1007 1675 τοῦτ’
1033 1634 1082 1675 ἂν
1107 1633 1293 1685 ἀσμένως
1318 1634 1432 1683 ἐδόθη
1459 1639 1507 1690 τῇ

178 1703 306 1748 πόλει,
342 1703 365 1742 ὅ
396 1718 433 1742 τι
466 1702 658 1752 βούλεται
690 1702 879 1759 λαβούσῃ
918 1703 980 1743 καὶ
1016 1704 1064 1742 τὰ
1100 1704 1238 1752 ἑαυτῆς
1274 1701 1426 1756 ἐχούσῃ
1461 1700 1507 1740 τὸ

179 1769 438 1820 κελευόμενον
477 1773 603 1810 ποιεῖν
645 1770 707 1810 καὶ
747 1770 815 1810 ἐᾶν
854 1770 987 1822 ἕτερον
1024 1772 1103 1809 τῶν
1140 1767 1351 1818 Ἑλλήνων
1390 1784 1502 1819 προε-

119 1849 156 1881 25
179 1834 339 1882 στάναι;
392 1836 484 1876 ἀλλ’
523 1837 591 1877 οὐκ
641 1835 687 1886 ἧν
739 1836 859 1882 ταῦθ’,
902 1836 952 1879 ὡς
1001 1836 1116 1883 ἔοικε,
1160 1839 1240 1877 τοῖς
1279 1835 1506 1885 Ἀθηναίοις
1537 1850 1582 1875 20

1585 1851 1604 1885 (a)

177 1902 321 1954 πάτρια
354 1902 433 1943 οὐδ’
459 1904 601 1944 ἀνεκτὰ
635 1903 713 1943 οὐδ’
741 1903 909 1956 ἔμφυτα,
937 1903 1017 1944 οὐδ’
1045 1902 1209 1953 ἐδυνήθη
1245 1903 1403 1943 πώποτε
1435 1901 1506 1951 τὴν

179 1969 297 2010 πόλιν
333 1970 458 2012 οὐδεὶς
496 1971 537 2010 ἐκ
575 1970 720 2013 παντὸς
752 1974 820 2010 τοῦ
852 1971 998 2024 χρόνου
1032 1974 1170 2011 πεῖσαι
1203 1973 1284 2012 τοῖς
1318 1968 1506 2022 ἰσχύουσι

176 2035 262 2086 μέν,
292 2036 344 2088 μὴ
379 2037 507 2077 δίκαια
543 2039 584 2077 δὲ
620 2036 838 2089 πράττουσι
872 2037 1148 2090 προσθεμένην
1185 2038 1381 2089 ἀσφαλῶς
1417 2038 1503 2076 δου-

176 2104 320 2150 λεύειν,
342 2103 435 2144 ἀλλ’
457 2103 722 2156 ἀγωνιζομένη
744 2105 831 2157 περὶ
851 2107 1053 2157 πρωτείων
1081 2106 1142 2145 καὶ
1168 2106 1280 2155 τιμῆς
1308 2104 1370 2144 καὶ
1390 2101 1506 2153 δόξης

221 2224 240 2243 2
256 2214 397 2255 Αἰσχίνη
410 2223 474 2245 om.
490 2214 579 2253 vulg.
595 2225 601 2244 z
619 2214 692 2245 add.
710 2213 734 2245 S
749 2213 774 2244 L
789 2213 820 2253 Q
909 2215 931 2245 6
946 2215 979 2255 γ’
992 2214 1016 2246 S
1033 2213 1068 2244 L¹
1083 2214 1113 2244 A
1130 2226 1136 2245 :
1152 2215 1214 2255 γὰρ
1227 2213 1329 2252 vulg„
1344 2213 1384 2245 cf.
1401 2215 1438 2250 ἐξ
1450 2221 1503 2251 93,

182 2259 242 2296 189
409 2258 430 2288 8
459 2256 584 2298 ἄλλων]
609 2258 775 2295 Ἑλλήνων
798 2257 822 2289 S
844 2271 895 2299 γρ.
918 2257 948 2289 O
967 2268 1071 2297 marg.
1093 2257 1122 2296 Q
1144 2257 1285 2297 Dionys.
1306 2255 1383 2287 Hal.
1405 2256 1502 2288 Dem.

178 2310 215 2339 31
235 2301 448 2341 interpunxit
466 2301 562 2332 Blass
579 2305 655 2340 post
671 2301 827 2342 Φιλίππῳ,
849 2302 922 2332 coll.
943 2301 1082 2332 Aristid.
1104 2303 1112 2331 i
1130 2311 1193 2340 292
1303 2309 1342 2331 10
1366 2301 1507 2332 ἀκονιτεί

180 2344 277 2376 Blass
293 2357 299 2375 :
325 2346 465 2377 ἆκονειτί
484 2344 507 2375 S
524 2357 530 2375 z
555 2345 679 2376 ἀκονιτί
696 2344 797 2385 vulg.,
819 2345 858 2377 cf.
876 2356 921 2375 xv
938 2355 990 2386 31,
1012 2346 1071 2375 xix
1090 2355 1126 2383 77
1280 2354 1314 2374 11
1340 2345 1402 2386 ’γὰρ
1420 2345 1458 2382 δὴ
1475 2344 1507 2374 Α

181 2397 219 2426 19
242 2387 417 2430 ᾑρημένης]
437 2388 594 2430 ἆραμένης
610 2388 662 2418 vel
680 2388 847 2429 αἶραμένης
863 2391 873 2419 3
889 2389 924 2420 S¹
1060 2398 1100 2427 25
1124 2391 1191 2419 τοῖς
1208 2388 1297 2426 vulg.
1314 2399 1321 2418 τ
1345 2390 1411 2420 τοῖς
1428 2387 1506 2418 τότε

177 2432 208 2462 Α
223 2431 246 2461 S
264 2442 348 2463 corr.
370 2432 395 2462 L
414 2443 501 2465 corr.
517 2443 523 2463 ἰ
548 2432 624 2463 τότε
642 2434 708 2463 τοῖς
728 2432 765 2461 I)
