1763 2828
646 154 1062 197 PRAEFATIO

188 269 351 323 aliquid
396 268 633 310 Atticianis
678 269 771 316 illis,
813 275 885 310 aut
930 269 971 309 in
1016 267 1328 317 Demosthene,
1370 275 1443 310 aut
1486 266 1527 307 in

189 337 421 389 Aeschine,
445 345 520 379 aut
541 339 582 378 in
609 338 790 379 Platone
814 339 1055 379 tribuamus
1076 353 1083 389 ;
1116 345 1159 379 et
1180 338 1214 379 si
1239 338 1306 378 vel
1331 337 1526 378 maxime

189 407 231 448 in
254 408 482 462 perpaucis
502 408 559 448 ab
583 407 933 462 Harpocratione
956 407 1098 449 citatis
1122 407 1226 448 locis
1248 421 1347 448 cum
1372 406 1402 449 S
1427 420 1525 448 con-

187 477 413 531 spirarent,
446 491 532 517 non
564 478 769 518 continuo
810 478 849 517 in
888 478 979 518 eius
1022 477 1232 518 familiam
1276 483 1418 517 essent
1449 475 1526 516 ad-

189 545 454 588 sciscenda1.
518 546 582 588 At
630 547 856 600 quomodo
903 561 968 588 res
1018 561 1062 587 se
1109 546 1272 588 habet?
1347 546 1528 595 Earum,

189 630 297 670 quas
336 615 366 658 S
400 616 480 657 sibi
513 616 710 670 proprias
742 615 875 657 habet
921 615 1141 667 lectiones,
1174 629 1304 657 unam
1351 621 1526 656 tantum

190 699 375 739 eamque
407 686 586 727 dubiam
622 685 915 738 (ἐκπολεμῆσαι
958 684 970 725 i
1014 695 1034 738 7
1072 692 1115 726 et
1148 686 1191 727 iii
1224 685 1267 740 7)
1300 685 1528 726 Atticiana

191 755 479 805 confirmant;
514 755 649 796 semel
684 752 811 809 (xxiv
847 756 914 805 11)
945 769 1044 796 cum
1076 755 1300 797 codicibus
1325 755 1529 796 omnibus

192 826 489 874 consentiunt3
525 824 691 877 reliquo
734 825 776 865 in
820 825 915 865 loco
951 825 1065 879 (xxii
1101 824 1171 878 20)
1205 839 1345 878 neque
1377 837 1527 865 exem-

188 894 327 947 plaria
379 894 451 936 illa
514 907 656 948 neque
716 894 888 935 codices
941 894 1183 936 sententiae
1242 893 1527 935 satisfaciunt.

193 965 350 1005 Restat
374 964 581 1005 orationis
615 963 871 1004 undecimae
895 963 1153 1017 subscriptio
1176 964 1217 1005 in
1242 965 1277 1004 F
1301 964 1335 1004 B
1358 970 1527 1005 servata

192 1033 470 1087 -διώρθωται
509 1035 550 1075 ἐκ
587 1030 635 1086 (Ρ)
676 1032 743 1073 δύο
786 1031 1230 1087 Ἀττικιαι’ῶι’,-(]υᾶθ
1267 1033 1529 1086 quantulum

192 1103 233 1144 in
278 1102 359 1145 hoc
408 1110 669 1157 argumento
715 1102 858 1144 valeat
906 1103 1072 1156 optime
1116 1103 1355 1144 docuerunt
1398 1103 1530 1143 Buer-

192 1173 353 1214 mann2
386 1180 428 1214 et
463 1173 649 1227 Lipsius.

250 1242 356 1284 Alia
387 1256 562 1295 prorsus
595 1240 794 1295 quaestio
826 1250 888 1283 est
920 1256 1137 1295 quaenam
1172 1242 1298 1283 fuerit
1330 1241 1351 1292 ἡ
1383 1241 1531 1295 ἀρχαία

193 1318 266 1363 (sc.
291 1312 478 1366 ἕκδοσις),
500 1325 631 1366 quam
656 1311 888 1353 scholiasta
911 1312 964 1352 ad
990 1312 1211 1353 Midianae
1235 1311 1377 1352 locum
1402 1311 1422 1365 ξ
1448 1321 1527 1361 147

192 1388 508 1423 commemorat
530 1380 543 1436 (
564 1384 571 1401 ‘
590 1380 674 1433 ἱερά
693 1379 700 1394 ’
729 1380 852 1430 μόνον
873 1379 896 1432 ἡ
919 1380 1065 1435 ἀρχαία
1095 1381 1210 1435 ἔχει),
1232 1380 1412 1422 editioni
1436 1380 1530 1420 vul-

191 1451 296 1506 gari,
319 1458 365 1492 ut
397 1451 580 1499 videtur,
605 1449 853 1504 oppositam
887 1447 956 1506 (cf.
981 1451 1002 1505 ξ
1027 1462 1080 1505 33
1114 1449 1248 1492 schol.
1271 1449 1294 1501 ἡ
1318 1445 1528 1503 δημώδης).

196 1522 247 1562 In
284 1520 306 1574 ᾧ
349 1529 427 1572 147
461 1520 595 1574 vulgo
633 1520 789 1573 legitur
834 1519 942 1571 ἱερὰν
976 1520 1149 1570 ἐσθῆτας
1197 1533 1344 1560 veram
1376 1518 1529 1571 procul

192 1591 327 1631 dubio
374 1590 606 1630 lectionem
644 1588 728 1641 ἱερά
764 1596 941 1630 tuentur
980 1588 1004 1639 ἡ
1048 1589 1193 1642 ἀρχαία
1224 1596 1265 1629 et
1299 1589 1441 1628 codex
1485 1587 1528 1629 S.

194 1661 291 1701 Hos
327 1660 448 1701 testis
481 1659 672 1712 quodam
713 1659 845 1699 modo
884 1659 993 1699 inter
1025 1672 1069 1699 se
1101 1657 1256 1700 adfinis
1292 1657 1419 1698 fuisse
1455 1671 1531 1710 per

193 1745 238 1771 se
260 1729 489 1783 probabile
513 1736 588 1776 est,
612 1727 731 1769 nullo
754 1728 886 1769 modo
912 1728 1203 1769 demonstrari
1227 1734 1387 1782 potest.

254 1800 409 1852 Itaque
446 1799 500 1838 ad
535 1798 706 1838 codices
743 1803 912 1838 nostros
944 1798 1182 1848 veniamus,
1215 1811 1324 1850 quos
1356 1796 1412 1837 ab
1444 1810 1530 1837 uno

193 1869 434 1921 archetypo
456 1867 634 1908 fluxisse
657 1867 807 1908 multis
831 1867 1001 1908 indiciis
1023 1874 1217 1922 apparet.
1273 1866 1392 1920 Quid
1415 1867 1528 1908 enim

192 1939 311 1979 aliud
344 1937 425 1978 sibi
453 1937 546 1977 vult
581 1937 623 1977 in
666 1936 887 1977 codicibus
931 1935 981 1988 (S
1017 1937 1055 1977 L
1089 1937 1140 1991 F)
1183 1949 1337 1977 manca
1370 1936 1412 1976 in
1445 1934 1530 1976 fine

193 2008 332 2049 oratio
362 2015 512 2048 contra
532 2006 575 2046 Z
577 2006 835 2047 euotlzemz'm
861 2005 1026 2060 (xxxii)
1048 2013 1090 2047 et
1114 2006 1155 2045 in
1190 2005 1354 2046 eisdem
1387 2005 1530 2046 verbis

194 2076 417 2130 praecisa?
465 2076 569 2129 quid
599 2081 667 2116 tot
690 2089 854 2116 errores
884 2075 1086 2116 omnibus
1108 2078 1393 2116 communes?
1426 2074 1530 2127 quid

194 2145 300 2186 illud
341 2145 540 2197 denique,
573 2145 691 2197 quod
727 2144 932 2185 lectiones
964 2144 1145 2197 aliquot,
1177 2157 1285 2197 quas
1326 2142 1382 2184 ab
1417 2143 1530 2183 Har·

193 2216 443 2269 pocratione
465 2221 657 2255 servatas
682 2215 875 2255 laudavit
896 2213 1249 2266 Dindorf(Dem.
1268 2213 1336 2253 ed.
1355 2226 1390 2268 3,
1413 2227 1454 2267 p.
1474 2214 1528 2254 iv.

237 2306 248 2325 ¹
274 2306 324 2338 Cf.
349 2307 380 2345 J.
409 2306 454 2337 H.
481 2306 626 2345 Lipsius,
651 2304 725 2335 Zm’
749 2304 1000 2346 Tea-{geschichte
1022 2303 1078 2335 des
1099 2304 1343 2342 Demosthenes,
1369 2303 1530 2335 Berichte

195 2350 276 2381 tiber
290 2351 343 2380 die
354 2350 645 2389 Verbandlungen
664 2350 723 2380 del·
739 2349 829 2380 K‘on.
845 2349 1074 2379 Sachsischen
1094 2348 1323 2380 Gesellschaft
1340 2348 1400 2378 der
1410 2348 1528 2387 Wiss.,

194 2404 251 2434 pp.
272 2404 389 2433 12—17.
439 2393 588 2434 Leipzig,
614 2395 704 2433 1893.

237 2438 249 2458 ²
274 2438 421 2469 Hermes
439 2438 507 2470 xxi.
530 2438 621 2468 1886.
642 2447 698 2477 pp.
719 2447 834 2477 39-40.

849 2493 882 2527 vi
