1763 2828
180 392 222 426 14

183 929 222 966 15

184 1518 228 1554 16

150 1779 228 1834 [14]

188 1993 229 2028 17

680 141 1162 179 ΔΙΙΜΟΣΘΕΝΟΎΣ
1552 134 1579 189 [1

254 245 316 285 καὶ
360 244 455 296 πρὸς
496 243 708 297 Ἀρύββαν
751 245 813 285 καὶ
862 246 953 285 ὅποι
1000 260 1058 286 τις
1106 243 1153 284 ἂν
1201 244 1303 284 εἴποι
1350 243 1581 295 παραλείπω

253 312 474 363 στρατείας.

319 379 374 419 Τί
399 378 479 423 οὖν,
507 378 555 419 ἄν
580 395 638 420 τις
668 379 782 424 εἴποι,
810 381 931 418 ταῦτα
959 377 1091 429 λέγεις
1120 377 1212 427 ἡμῖν
1238 380 1324 423 νῦν,·
1362 377 1426 417 ἵνα
1450 375 1580 429 γνῶτ’,

253 443 282 486 ὦ
302 445 439 497 ἄνδρες
460 444 677 495 Ἀθηναῖοι,
701 446 763 486 καὶ
782 443 969 495 αἴσθησθ’
988 444 1206 496 ἀμφότερα,
1226 444 1288 484 καὶ
1306 442 1352 484 τὸ
1371 442 1583 495 προΐεσθαι

255 511 338 552 καθ’
364 512 533 552 ἕκαστον
558 512 623 552 ἀεί
643 528 681 552 τι
705 516 782 552 τῶν
807 510 1048 564 πραγμάτων
1074 511 1123 553 ὡς
1149 509 1397 556 ἀλυσιτελές,
1426 510 1487 551 καὶ
1512 509 1583 559 τὴν

254 578 639 631 φιλοπραγμοσύνην
663 577 688 634 ᾗ
714 581 858 632 χρῆται
888 579 950 619 καὶ
981 578 1078 635 συζῇ
1105 578 1321 624 Φίλιππος,
1348 576 1416 629 ὑφ’
1441 576 1486 627 ἧς
1515 575 1582 616 οὐκ

254 645 365 686 ἔστιν
395 646 501 687 ὅπως
533 644 746 698 ἀγαπήσας
777 650 858 688 τοῖς
891 644 1182 697 πεπραγμένοις
1213 645 1385 698 ἡσυχίαν
1419 642 1582 697 σχήσει.

255 714 288 754 εἰ
316 711 348 752 δ’
374 713 394 752 ὁ
423 714 495 763 μὲν
525 712 575 754 ὡς
604 713 669 753 ἀεί
695 729 733 753 τι
760 713 893 764 μεῖζον
918 716 995 752 τῶν
1023 712 1282 766 ὑπαρχόντων
1311 713 1372 752 δεῖ
1399 709 1585 763 πράττειν

255 779 435 831 ἐγνωκὼς
460 778 585 825 ἔσται,
613 779 723 830 ἡμεῖς
749 779 781 819 δ’
807 779 858 821 ὡς
883 778 1042 821 οὐδενὸς
1071 778 1333 828 ἀντιληπτέον
1358 776 1587 830 ἐρρωμένως

254 850 332 886 τῶν
349 844 603 897 πραγμάτων,
621 846 831 887 σκοπεῖσθ’
845 847 899 888 εἰς
915 847 954 886 τί
967 845 1053 885 ποτ’
1071 847 1184 887 ἐλπὶς
1200 849 1320 885 ταῦτα
1333 846 1582 894 τελευτῆσαι.

255 912 351 964 πρὸς
381 915 494 957 θεῶν,
525 913 584 954 τίς
612 913 734 953 οὕτως
767 912 906 963 εὐήθης
937 913 1048 953 ἐστὶν
1077 913 1183 963 ὑμῶν
1212 912 1324 954 ὅστις
1355 913 1492 963 ἀγνοεῖ
1516 910 1585 951 τὸν

256 981 404 1020 ἐκεῖθεν
424 979 603 1029 πόλεμον
620 978 721 1030 δεῦρ’
742 978 901 1029 ἥξοντα,
924 978 971 1019 ἂν
990 977 1255 1029 ἀμελήσωμεν
1263 995 1275 1025 ,·
1313 978 1421 1018 ἀλλὰ
1439 976 1528 1028 μήν,
1551 979 1584 1018 εἰ

254 1049 367 1086 τοῦτο
391 1044 617 1098 γενήσεται,
646 1045 800 1092 δέδοικ’,
828 1043 857 1086 ὦ
888 1045 1025 1097 ἄνδρες
1050 1044 1265 1095 Ἀθηναῖοι,
1294 1044 1346 1095 μὴ
1372 1044 1439 1085 τὸν
1469 1043 1585 1085 αὐτὸν

254 1113 401 1165 τρόπον
439 1112 574 1165 ὥσπερ
613 1114 649 1153 οἱ
687 1112 952 1163 δανειζόμενοι
989 1113 1131 1166 ῥᾳδίως
1171 1112 1234 1152 ἐπὶ
1273 1115 1355 1153 τοῖς
1395 1110 1586 1163 μεγάλοις

255 1175 411 1231 [τόκοις]
426 1179 564 1231 μικρὸν
581 1178 874 1231 εὐπορήσαντες
889 1179 1034 1232 χρόνον
1053 1179 1222 1231 ὕστερον
1239 1178 1301 1218 καὶ
1316 1181 1394 1218 τῶν
1410 1178 1586 1231 ἀρχαίων

257 1245 503 1296 ἀπέστησαν,
525 1247 626 1286 οὕτω
652 1246 714 1286 καὶ
738 1246 849 1297 ἡμεῖς
869 1242 946 1297 [ἂν]
967 1245 1029 1286 ἐπὶ
1054 1249 1192 1300 πολλῷ
1214 1249 1403 1298 φανῶμεν
1423 1246 1582 1298 ἐρρᾳθυ-

255 1313 434 1365 μηκότες,
453 1313 516 1353 καὶ
532 1312 687 1353 ἅπαντα
702 1312 798 1364 πρὸς
817 1312 961 1363 ἡδονὴν
978 1313 1180 1363 ζητοῦντες
1195 1313 1329 1353 πολλὰ
1345 1312 1407 1352 καὶ
1427 1312 1586 1365 χαλεπὰ

255 1381 310 1420 ὧν
335 1380 402 1420 οὐκ
427 1379 663 1431 ἐβουλόμεθ’
683 1380 850 1431 ὕστερον
875 1381 930 1422 εἰς
955 1378 1132 1431 ἀνάγκην
1157 1379 1336 1430 ἔλθωμεν
1361 1382 1501 1424 ποιεῖν,
1524 1378 1586 1418 καὶ

258 1446 571 1497 κινδυνεύσωμεν
595 1447 683 1498 περὶ
701 1450 779 1487 τῶν
806 1448 848 1487 ἐν
873 1446 970 1503 αὐτῇ
994 1447 1040 1503 τῇ
1066 1447 1190 1500 χώρᾳ.

322 1513 381 1553 Τὸ
406 1515 478 1564 μὲν
497 1514 566 1554 οὖν
586 1515 769 1564 ἐπιτιμᾶν
790 1515 887 1556 ἴσως
907 1512 1037 1565 φήσαι
1055 1530 1115 1555 τις
1136 1512 1184 1554 ἂν
1203 1511 1336 1567 ῥᾴδιον
1357 1512 1420 1552 καὶ
1441 1510 1587 1553 παντὸς

258 1580 371 1627 εἶναι,
398 1579 443 1620 τὸ
472 1579 506 1620 δ’
532 1581 629 1632 ὑπὲρ
653 1584 733 1621 τῶν
759 1581 967 1633 παρόντων
996 1580 1018 1619 ὅ
1046 1596 1084 1620 τι
1111 1582 1172 1620 δεῖ
1196 1579 1382 1632 πράττειν
1410 1566 1584 1631 ἀποφαί-

259 1650 410 1693 νεσθαι,
440 1646 544 1687 τοῦτ’
571 1647 671 1687 εῖναι
699 1647 945 1699 συμβούλου.
1017 1647 1096 1699 ἐγὼ
1126 1646 1159 1687 δ’
1184 1646 1254 1687 οὐκ
1283 1647 1414 1699 ἀγνοῶ
1443 1644 1527 1696 μέν,
1557 1643 1587 1685 ὦ

259 1714 397 1766 ἄνδρες
422 1714 639 1765 Ἀθηναῖοι,
666 1714 770 1755 τοῦθ’
794 1715 855 1754 ὅτι
879 1713 1075 1756 πολλάκις
1099 1714 1209 1764 ὑμεῖς
1236 1713 1281 1754 οὐ
1308 1713 1398 1755 τοὺς
1427 1713 1586 1758 αἰτίους,

260 1782 366 1822 ἀλλὰ
391 1781 481 1823 τοὺς
508 1780 701 1823 ὑστάτους
729 1782 818 1833 περὶ
841 1784 920 1821 τῶν
946 1779 1187 1833 πραγμάτων
1211 1781 1395 1822 εἰπόντας
1424 1780 1467 1819 ἐν
1489 1779 1587 1835 ὀργῇ

260 1850 453 1894 ποιεῖσθε,
485 1847 532 1888 ἄν
560 1865 597 1888 τι
629 1848 682 1899 μὴ
713 1850 811 1889 κατὰ
842 1848 1004 1900 γνώμην
1033 1848 1148 1903 ἐκβῇ·
1186 1847 1231 1887 οὐ
1264 1846 1342 1897 μὴν
1371 1845 1480 1898 οἶμαι
1506 1848 1588 1886 δεῖν

259 1915 330 1965 τὴν
352 1916 452 1956 ἰδίαν
472 1914 706 1967 ἀσφάλειαν
731 1914 944 1955 σκοποῦνθ’
963 1914 1282 1955 ὑποστείλασθαι
1306 1913 1394 1965 περὶ
1418 1913 1473 1953 ὧν
1497 1913 1588 1963 ὑμῖν

261 1981 480 2034 συμφέρειν
512 1982 694 2034 ἡγοῦμαι.
767 1981 868 2034 φημὶ
904 1981 950 2031 δὴ
987 1981 1078 2037 διχῇ
1115 1979 1339 2032 βοηθητέον
1375 1979 1475 2021 εἶναι
1507 1982 1588 2021 τοῖς

261 2048 492 2101 πράγμασιν
523 2049 627 2099 ὑμῖν,
656 2053 709 2103 τῷ
739 2065 783 2089 τε
812 2050 882 2090 τὰς
912 2048 1049 2090 πόλεις
1081 2051 1164 2090 τοῖς
1191 2047 1416 2089 Ὀλυνθίοις
1449 2043 1588 2101 σῴζειν

262 2116 323 2155 καὶ
342 2115 431 2157 τοὺς
450 2119 565 2155 τοῦτο
585 2114 827 2165 ποιήσοντας
848 2115 1092 2167 στρατιώτας
1113 2113 1340 2165 ἐκπέμπειν,
1363 2113 1425 2153 καὶ
1444 2116 1497 2167 τῷ
1516 2111 1589 2162 τὴν

306 2235 319 2256 1
347 2224 492 2266 ἀρύββαν
511 2225 545 2256 S¹
561 2224 601 2254 13¹
626 2224 680 2263 (cf.
703 2224 739 2255 C.
762 2224 786 2255 1.
804 2223 845 2255 A.
866 2225 887 2254 ii
908 2224 984 2264 115)
1002 2235 1009 2255 ε
1034 2223 1180 2265 ἀρύμβαν
1196 2223 1284 2262 vulg.
1442 2232 1462 2261 3
1486 2223 1524 2254 ἄν
1539 2235 1589 2255 τις

260 2270 341 2300 εἴποι
359 2269 446 2307 vulg.
466 2279 472 2298 :
498 2281 546 2300 τις
563 2270 602 2300 ἂν
619 2270 700 2299 εἴποι
719 2268 743 2298 S
758 2267 784 2297 Β
798 2267 827 2297 Υ
839 2267 869 2298 O
886 2279 891 2297 :
918 2268 982 2298 del.
1002 2268 1111 2298 Cobet
1214 2269 1235 2297 6
1258 2267 1334 2308 πρὸς
1351 2265 1494 2298 ἅπαντας
1511 2270 1589 2296 ante

259 2314 379 2353 χρῆται
403 2312 479 2342 add.
497 2312 586 2349 vulg.
608 2311 668 2350 (cs.
685 2321 707 2340 x
725 2321 757 2349 2,
774 2311 833 2340 xxi
854 2311 910 2346 13:
936 2321 999 2341 om.
1022 2310 1089 2341 SA
1102 2311 1128 2340 B
1142 2310 1172 2340 Y
1375 2319 1412 2347 14
1446 2310 1496 2341 ἐπὶ
1520 2311 1589 2341 τοῖς

259 2354 413 2395 μεγάλοις
427 2355 532 2386 τόκοις
549 2355 648 2384 codd.
667 2365 674 2383 ι
696 2353 803 2386 τόκοις
817 2364 883 2384 om.
898 2353 1061 2385 Priscian.
1075 2354 1155 2383 xviii
1170 2362 1252 2392 295:
1270 2352 1349 2384 secl.
1366 2352 1400 2384 L.
1417 2353 1589 2392 Spengel:

260 2398 311 2430 ἐπὶ
329 2397 435 2430 τόκοις
451 2397 607 2438 μεγάλοις
625 2396 717 2427 Weil
854 2398 892 2427 16
917 2398 954 2428 ἂν
972 2397 1050 2428 secl.
1074 2397 1207 2427 Dobree

1603 527 1620 558 5

1607 859 1646 881 10

1609 1525 1648 1548 20
