1763 2828
82 108 189 162 [168]
624 107 674 162 [Δ
688 108 1138 163 ΗΜΟΣΘΕΝΟΤΣ]
1452 109 1543 165 [xm

82 214 190 269 [168]
222 214 380 265 ὁρῶσιν,
407 214 476 268 ἀφ’
503 216 558 256 ὧν
587 218 626 256 αἱ
658 218 731 267 μὲν
761 215 951 268 ὠφέλειαι
982 217 1131 258 τούτων
1161 216 1263 258 εἰσὶν
1292 218 1397 263 ἴδιαι,
1429 218 1476 258 τὰ
1503 220 1546 261 δὲ

219 282 319 332 μίση
354 282 416 322 καὶ
445 284 492 323 τὰ
521 282 751 335 ἐγκλήματα
780 282 844 335 ἐφ’
871 284 969 333 ὅλην
994 283 1151 336 ἔρχεται
1180 283 1252 334 τὴν
1281 283 1412 330 πόλιν,
1439 285 1546 325 ἀλλὰ

220 349 385 390 πολίτας
417 349 508 391 τοὺς
544 350 855 392 ἀκολουθοῦντας
888 350 1049 403 ἔχοντες
1079 350 1169 392 τοὺς
1206 350 1384 403 ἐχθρούς,
1420 351 1444 391 ἃ
1476 354 1545 392 νῦν

166 428 186 465 7
218 415 308 456 τοὺς
333 417 489 467 φίλους,
510 420 693 457 ποιῶσιν.
746 416 866 469 χωρὶς
886 419 927 458 δὲ
946 416 1094 457 τούτων
1115 419 1250 458 πολλὰ
1268 420 1346 457 τῶν
1365 416 1545 469 πραγμά-

217 498 295 522 των
320 482 391 532 τὴν
416 482 605 535 ὑμετέραν
630 486 747 524 ποθεῖ
772 485 1004 535 παρουσίαν,
1034 484 1096 524 καὶ
1126 483 1217 524 ἄνευ
1248 486 1315 523 τοῦ
1339 483 1434 535 πρὸς
1458 483 1547 526 τοὺς
1566 499 1584 531 5

217 550 383 591 οἰκείους
414 549 612 600 πολέμους
648 551 771 603 οἰκείᾳ
807 552 982 603 χρῆσθαι
1018 550 1179 601 δυνάμει
1217 549 1449 601 συμφέρειν,
1483 550 1546 590 καὶ

217 614 313 667 πρὸς
338 615 468 656 τᾶλλα
493 615 688 668 πράγματ’
708 617 922 669 ἀναγκαῖόν
943 618 1064 657 ἐστιν.
1120 618 1152 657 εἰ
1177 619 1249 668 μὲν
1274 618 1349 669 γὰρ
1373 616 1547 669 ἡσυχίαν

216 681 324 736 ἔχειν
342 682 433 733 ὑμῖν
451 681 605 736 ἀπέχρη
626 683 689 723 καὶ
712 685 837 734 μηδὲν
853 687 932 724 τῶν
950 682 1199 734 Ἑλληνικῶν
1219 682 1548 736 περιεργάζεσθαι

162 761 184 799 8
213 752 320 794 ὅπως
332 751 428 805 ἔχει,
438 751 561 793 ἄλλος
573 750 620 792 ἂν
632 750 678 802 ἦν
691 751 827 804 λόγος·
851 755 919 792 νῦν
932 753 972 792 δὲ
986 751 1198 804 πρωτεύειν
1210 753 1282 804 μὲν
1294 752 1404 803 ὑμεῖς
1416 751 1546 803 ἀξιοῦ-

212 835 255 860 τε
272 819 334 860 καὶ
350 821 399 860 τὰ
416 819 531 861 δίκαι’
548 820 689 872 ὁρίζειν
705 823 787 862 τοῖς
806 819 960 866 ἄλλοις,
978 819 1049 870 τὴν
1064 822 1106 860 δὲ
1122 819 1226 861 ταῦτ’
1244 820 1549 873 ἐφορεύσουσαν
1570 834 1610 858 10

207 887 271 927 καὶ
296 886 557 940 φυλάξουσαν
576 888 740 939 δύναμιν
763 889 853 931 οὔτε
879 889 1161 931 κατεσκεύασθ’
1181 890 1270 932 οὔτε
1295 890 1535 932 κατασκευά-

209 954 335 1003 ζεσθε,
370 953 461 994 ἀλλ’
494 956 560 995 ἐπὶ
594 957 747 1006 πολλῆς
779 958 853 1007 μὲν
884 956 1054 1010 ἡσυχίας
1089 956 1151 997 καὶ
1185 958 1345 1009 ἐρημίας
1376 958 1483 1008 ὑμῶν
1517 958 1537 998 ὁ

208 1021 489 1070 Μυτιληναίων
514 1023 635 1073 δῆμος
669 1022 943 1069 καταλέλυται,
971 1023 1035 1064 ἐπὶ
1067 1026 1223 1074 πολλῆς
1255 1023 1288 1064 δ’
1313 1023 1483 1078 ἡσυχίας
1516 1025 1537 1064 ὁ

205 1085 379 1134 Ῥοδίων,
407 1089 548 1141 ἐχθρός
581 1088 617 1141 γ’
643 1087 695 1130 ὢν
719 1089 824 1140 ἡμῖν,
854 1091 951 1142 φαίη
984 1107 1042 1133 τις
1075 1090 1136 1131 ἄν·
1173 1091 1280 1131 ἀλλὰ
1311 1090 1429 1141 μείζω
1459 1091 1534 1144 χρὴ

205 1155 387 1205 νομίζειν,
417 1152 446 1194 ὦ
471 1154 608 1207 ἄνδρες
629 1156 844 1207 Ἀθηναῖοι,
866 1157 938 1207 τὴν
964 1157 1061 1210 πρὸς
1085 1159 1154 1199 τὰς
1179 1157 1414 1212 ὀλιγαρχίας
1438 1158 1535 1210 ὑπὲρ
1559 1172 1595 1203 15

205 1221 323 1271 αὐτῆς
341 1223 409 1272 τῆς
429 1222 697 1274 προαιρέσεως
717 1223 877 1277 ἔχθραν,
898 1221 922 1274 ἢ
942 1224 1014 1274 τὴν
1033 1224 1130 1277 πρὸς
1154 1225 1245 1267 τοὺς
1270 1223 1415 1276 δήμους
1437 1226 1534 1278 ὑπὲρ

151 1298 174 1334 9
204 1288 257 1328 ὧν
283 1288 369 1329 ποτ’
395 1288 443 1329 ἂν
471 1288 507 1345 ᾗ.
579 1290 671 1331 ἀλλ’
700 1290 749 1331 ἵν’
783 1290 903 1332 ἐκεῖσ’
933 1291 1154 1339 ἐπανέλθω,
1189 1292 1289 1344 φημὶ
1323 1294 1404 1332 δεῖν
1435 1292 1535 1343 ὑμᾶς

206 1354 479 1409 συντετάχθαι,
509 1357 571 1397 καὶ
600 1357 671 1408 τὴν
696 1358 816 1409 αὐτὴν
841 1361 908 1398 τοῦ
936 1375 978 1399 τε
1007 1362 1153 1409 λαβεῖν
1179 1360 1241 1399 καὶ
1265 1362 1334 1398 τοῦ
1357 1362 1486 1400 ποιεῖν
1511 1359 1534 1399 ἃ

205 1420 397 1473 προσήκει
430 1422 615 1474 σύνταξιν
649 1424 760 1466 εἶναι.
833 1424 1043 1478 διελέχθην
1075 1425 1108 1465 δ’
1140 1426 1230 1477 ὑμῖν
1263 1426 1350 1477 περὶ
1385 1425 1535 1467 τούτων

206 1488 268 1528 καὶ
292 1490 493 1541 πρότερον,
517 1490 578 1530 καὶ
603 1489 808 1541 διεξῆλθον
835 1492 886 1533 ὡς
910 1492 959 1532 ἂν
984 1492 1282 1545 συνταχθείητε,
1303 1493 1342 1533 οἵ
1365 1491 1398 1532 θ’
1418 1493 1532 1534 ὁπλῖ-
1557 1507 1596 1529 20

204 1571 267 1596 ται
301 1556 364 1596 καὶ
396 1558 431 1596 οἱ
466 1558 597 1599 ἱππεῖς
628 1558 690 1598 καὶ
719 1558 810 1598 ὅσοι
838 1558 987 1598 τούτων
1014 1560 1124 1601 ἐκτός
1151 1560 1256 1604 ἐστε,
1285 1559 1346 1599 καὶ
1372 1559 1534 1612 εὐπορία

132 1637 175 1663 10
204 1638 263 1663 τις
294 1621 342 1663 ἂν
375 1621 501 1664 ἅπασι
533 1622 687 1675 γένοιτο
721 1624 842 1675 κοινή.
913 1624 933 1664 ὃ
968 1624 1010 1666 δέ
1044 1642 1111 1676 μοι
1142 1626 1338 1676 πλείστην
1367 1627 1534 1677 ἀθυμίαν

205 1689 411 1742 παρέσχεν
430 1689 628 1737 ἁπάντων,
650 1692 724 1743 ἐρῶ
745 1691 841 1743 πρὸς
864 1692 963 1742 ὑμᾶς
983 1693 1046 1733 καὶ
1066 1692 1133 1732 οὐκ
1160 1693 1451 1745 ἀποκρύψομαι,
1474 1694 1534 1733 ὅτι

61 1751 173 1806 [169]
207 1759 371 1797 πολλῶν
392 1757 452 1797 καὶ
477 1756 665 1809 μεγάλων
692 1758 753 1798 καὶ
780 1762 910 1800 καλῶν
931 1760 1054 1800 ὄντων
1075 1759 1223 1800 τούτων
1239 1759 1436 1806 ἁπάντων,
1456 1763 1533 1800 τῶν

248 1876 267 1903 4
292 1865 481 1907 συμμάχους
498 1868 549 1898 καὶ
565 1871 644 1898 ante
661 1868 776 1909 φίλους
792 1869 866 1899 add.
891 1868 916 1898 F
927 1868 957 1899 Y
970 1868 1000 1900 O
1017 1880 1023 1899 :
1049 1879 1112 1900 om.
1135 1869 1159 1900 S
1170 1868 1201 1899 A
1356 1871 1377 1901 6
1401 1870 1534 1903 οἰκείους

205 1909 286 1940 secl.
305 1908 413 1940 Cobet
514 1909 674 1950 πολέμους
691 1910 807 1942 Wolf:
831 1912 974 1952 πολέμου
991 1913 1085 1944 codd.
1194 1913 1294 1956 οἰκείᾳ
1310 1915 1450 1955 χρῆσθαι
1467 1924 1532 1946 om.

207 1952 243 1983 5¹
263 1951 353 1991 (add.
372 1952 404 1983 in
423 1963 528 1993 marg.
546 1964 586 1985 m.
607 1956 690 1994 ant.)
783 1954 935 1997 συμφέρει
954 1956 991 1986 Sl
1124 1957 1144 1987 8
1168 1956 1426 1999 περιειργάζεσθε
1443 1958 1531 1989 coni.

207 1996 304 2027 Blass
322 1996 397 2028 coll.
415 1998 446 2027 iv
463 2008 505 2036 42
680 2009 701 2037 9
725 1999 808 2032 ὅπως
831 1999 901 2040 ἔχει
925 1999 1002 2031 secl.
1021 1999 1130 2031 Cobet
1262 2000 1363 2042 λόγος
1379 2000 1467 2040 vulg.
1484 2015 1491 2033 ι
1517 2003 1533 2032 ὁ

205 2039 305 2081 λόγος
323 2040 346 2071 S
363 2052 369 2071 :
393 2040 492 2082 λόγος
509 2040 601 2074 οὗτος
618 2041 650 2072 Α
807 2053 845 2073 10
870 2043 1107 2084 ἐφορεύσουσαν
1124 2043 1215 2074 Weil
1230 2055 1236 2073 :
1263 2044 1479 2084 ἐφοδεύουσαν
1496 2043 1532 2075 S¹

207 2083 258 2123 (ut
275 2084 422 2122 videtur)
441 2089 474 2115 et
490 2084 522 2115 A
538 2095 622 2116 corr.
640 2095 682 2116 m.
701 2095 770 2124 pn:
805 2086 1037 2128 ἐφεδρεύουσαν
1062 2087 1085 2118 S
1108 2097 1195 2119 corr.
1213 2099 1220 2118 ε
1247 2087 1484 2128 ἐφοδεύσουσαν
1501 2086 1532 2118 Y

205 2138 278 2168 γρ.;
313 2127 553 2160 ἐποπτεύουσαν
577 2129 666 2168 vulg.
693 2128 716 2160 S
740 2140 815 2171 7p.:
847 2130 1110 2163 ἐποπτεύσουσαν
1135 2130 1204 2161 ΒΟ
1366 2140 1402 2161 11
1436 2144 1532 2163 κατα-

207 2170 400 2210 σκευάζεσθε
426 2171 597 2204 SAYO:
629 2172 907 2214 παρασκευάζεσθε
932 2173 1021 2213 vulg.
1195 2183 1232 2204 12
1266 2174 1394 2216 ἐρημίας
1418 2174 1530 2213 vulg.:

206 2214 336 2254 ἠρεμίας
352 2214 383 2244 Y
396 2214 426 2245 O
441 2215 466 2245 F
480 2229 532 2256 γρ.
552 2215 593 2256 (S
605 2215 630 2253 3)
777 2226 814 2255 13
839 2217 977 2257 ἡσυχίας
994 2217 1072 2248 secl.
1093 2217 1201 2248 Cobet
1338 2228 1373 2255 14
1399 2218 1441 2249 ὢν
1457 2218 1533 2257 ἡμῖν

207 2257 231 2287 S
249 2257 338 2296 vulg.
357 2269 364 2288 ι
387 2258 476 2297 ἡμῶν
494 2259 518 2290 S
530 2272 581 2301 γρ.
600 2259 685 2301 Ργρ.
821 2270 862 2290 22
886 2263 975 2303 κοινῇ
992 2260 1120 2302 γένοιτο
1136 2260 1168 2291 Α
1299 2270 1340 2300 23
1365 2260 1532 2302 παρέσχεν

206 2299 355 2332 ἁπάντων
370 2301 393 2331 S
409 2312 415 2331 :
441 2302 590 2335 ἁπάντων
606 2302 813 2345 παρέσχηκεν
826 2303 934 2343 vulg.:
960 2303 1110 2337 ἁπάντων
1122 2303 1200 2335 secl.
1217 2303 1314 2335 Blass
1402 2314 1442 2342 24
1460 2303 1530 2335 τού-

205 2355 270 2374 των
299 2343 463 2386 ἁπάντων]
493 2343 535 2378 ὧν
564 2346 774 2387 συμβουλεύω
801 2347 908 2379 schol,
939 2357 969 2386 p.
1000 2358 1074 2387 220,
1105 2348 1144 2378 18
1272 2347 1422 2380 ἁπάντων
1450 2347 1531 2378 secl.

208 2384 303 2417 Blass
