1763 2828
65 121 180 177 [fflffl

117 301 183 346 136

118 775 181 810 137

117 1502 181 1545 138

63 1697 178 1752 [fist

646 123 1133 163 ΔΗΜΟΣΘΕΝΟὙΣ
1460 121 1546 177 μη

213 225 396 276 ἤκουσεν,
427 226 451 266 ἃ
483 227 543 267 καὶ
575 227 765 280 πρότερόν
797 227 883 268 ποτ’
916 227 1027 269 εἶπον
1056 230 1134 281 ἐγὼ
1167 227 1264 281 πρὸς
1292 230 1392 280 ὑμᾶς
1425 231 1467 271 ἐν
1496 235 1549 286 τῷ

215 291 321 348 δήμῳ
356 294 419 334 καὶ
454 293 603 334 τούτων
636 294 761 337 οὐδεὶς
799 296 997 342 ἀντεῖπεν,
1035 295 1086 337 ὡς
1121 297 1142 335 ὁ
1176 298 1248 347 μὲν
1279 297 1401 348 δῆμός
1439 298 1549 338 ἐστιν

213 361 564 412 ἀσταθμητότατον
600 364 762 414 πρᾶγμα
803 365 880 402 τῶν
918 361 1077 403 πάντων
1113 363 1175 403 καὶ
1212 363 1546 412 ἀσυνθετώτατον,

213 427 349 480 ὥσπερ
370 429 412 468 ἐν
432 427 607 484 θαλάττῃ
628 428 714 480 κῦμ’
734 428 1023 476 ἀκατάστατον,
1048 430 1099 471 ὡς
1117 429 1166 470 ἂν
1185 429 1286 486 τύχῃ
1307 431 1544 482 κινούμενον.

213 494 234 533 ὁ
257 496 331 545 μὲν
354 493 488 545 ἦλθεν,
510 496 531 534 ὁ
556 495 588 535 δ’
609 496 800 546 ἀπῆλθεν·
839 496 952 547 μέλει
977 496 1010 536 δ’
1033 496 1161 537 οὐδενὶ
1185 500 1264 537 τῶν
1285 501 1437 544 κοινῶν,
1459 499 1549 540 οὐδὲ
1571 517 1588 548 5

211 560 419 612 μέμνηται.
490 564 551 602 δεῖ
573 561 616 602 δέ
639 579 747 605 τινας
774 564 917 616 φίλους
942 563 1136 618 ὑπάρχειν
1162 563 1252 606 τοὺς
1277 564 1426 605 ἕκαστα
1449 565 1547 616 πρά-

212 627 353 678 ξοντας
398 629 441 668 ἐν
481 628 573 679 ὑμῖν
615 628 717 684 αὐτῷ
768 630 830 670 καὶ
872 630 1158 681 διοικήσοντας,
1205 630 1288 671 οἶον
1330 630 1443 673 αὐτὸς
1486 630 1546 682 δή·

214 694 359 747 κᾶνπερ
392 694 493 750 αὐτῷ
527 698 641 735 τοῦτο
676 700 992 754 κατασκευασθῇ,
1032 700 1109 739 πᾶν
1142 699 1164 737 ὅ
1197 714 1234 738 τι
1270 697 1318 738 ἂν
1351 698 1549 749 βούληται

213 761 303 813 παρ’
328 763 418 812 ὑμῖν
446 762 589 816 ῥᾳδίως
618 761 884 816 διαπράξεται.
956 766 988 805 εἰ
1018 766 1091 815 μὲν
1119 765 1186 805 οὗν
1215 764 1398 815 ἤκουσεν,
1427 764 1546 816 οἶμαι,

213 828 303 870 τοὺς
335 829 424 869 τότε
453 832 573 869 ταῦτα
602 829 700 882 πρὸς
729 830 846 870 αὐτὸν
871 831 1053 873 εἰπόντας
1085 833 1335 885 παραχρῆμα,
1369 832 1419 874 ὡς
1448 831 1549 884 δεῦρ’
1574 848 1612 869 10

214 897 452 946 ἐπανῆλθον,
493 896 970 948 ἀποτετυμπανισμένους,
1010 899 1199 948 ἐποίησεν
1244 897 1293 938 ἂν
1335 898 1454 938 ταύτὸ
1496 902 1548 953 τῷ

213 966 392 1013 βασιλεῖ.
464 964 506 1004 τί
537 963 570 1003 δ’
604 962 652 1014 ἧν
684 963 704 1004 ὃ
742 965 889 1007 ἐκεῖνος
924 965 1133 1015 ἐποίησεν;
1180 964 1438 1016 ἐξαπατηθεὶς
1474 965 1549 1006 ὑπὸ

212 1030 439 1082 Τιμαγόρου
469 1031 532 1071 καὶ
561 1030 848 1083 τετταράκοντα
878 1031 1067 1078 τάλαντα,
1095 1031 1146 1074 ὡς
1171 1031 1345 1084 λέγεται,
1374 1033 1550 1075 δεδωκὼς

213 1097 329 1151 αὐτῷ,
357 1097 491 1148 ἐπειδὴ
517 1097 608 1150 παρ’
627 1099 717 1149 ὑμῖν
743 1098 896 1139 ἐπύθετ’
918 1098 1036 1139 αὐτὸν
1061 1101 1255 1140 τεθνεῶτα
1280 1100 1343 1140 καὶ
1368 1099 1457 1140 οὐδὲ
1481 1102 1551 1140 τοῦ

215 1162 282 1214 ζῆν
311 1166 407 1205 ὄντα
440 1165 570 1217 κύριον
604 1166 705 1220 αὐτῷ
741 1168 984 1217 βεβαιῶσαι,
1015 1164 1068 1216 μή
1102 1167 1143 1206 τί
1172 1165 1209 1218 γ’
1239 1166 1264 1206 ἃ
1296 1166 1430 1221 ἐκείνῳ
1465 1165 1549 1206 τόθ’
1572 1181 1610 1214 15

211 1230 412 1284 ὑπέσχετο
442 1230 599 1284 πρᾶξαι,
627 1231 728 1285 ἔγνω
759 1232 831 1283 τὴν
855 1232 971 1283 τιμὴν
997 1231 1085 1286 οὐχὶ
1115 1236 1168 1288 τῷ
1199 1234 1315 1288 κυρίῳ
1346 1236 1424 1274 τῶν
1450 1249 1547 1285 πρα-

212 1298 374 1349 γμάτων
393 1299 582 1341 δεδωκώς.
634 1299 696 1339 καὶ
715 1298 790 1352 γάρ
810 1316 870 1340 τοι
889 1303 1044 1351 πρῶτον
1063 1302 1137 1351 μὲν
1156 1299 1405 1352 Ἀμφίπολιν
1427 1299 1550 1341 πάλιν

211 1364 402 1417 ὑμετέραν
428 1363 600 1418 [δούλην]
627 1365 892 1419 κατέπεμψεν,
919 1365 968 1416 ἦν
994 1366 1083 1407 τότε
1109 1367 1320 1420 σύμμαχον
1345 1367 1462 1407 αὑτοῦ
1489 1366 1550 1407 καὶ

213 1433 338 1483 φίλην
377 1432 569 1486 ἔγραψεν·
620 1432 688 1473 εἶτ’
729 1433 858 1474 οὐδενὶ
903 1432 1053 1474 πώποτ’
1096 1433 1217 1474 ἔδωκε
1259 1432 1441 1487 χρήματα
1482 1436 1551 1473 τοῦ

212 1502 366 1540 λοιποῦ.
437 1499 554 1540 ταύτὸ
585 1501 715 1540 τοίνυν
744 1499 848 1539 τοῦτ’
873 1500 921 1540 ἂν
954 1500 1118 1550 ἐποίησε
1149 1500 1364 1546 Φίλιππος,
1399 1501 1436 1540 εἴ
1461 1516 1549 1540 τινα
1571 1515 1611 1536 20

211 1566 361 1607 τούτων
386 1565 464 1608 εἶδε
489 1568 599 1617 δίκην
625 1566 755 1613 δόντα,
785 1568 847 1608 καὶ
872 1570 954 1616 νῦν,
983 1565 1031 1606 ἂν
1056 1567 1132 1622 ἴδῃ,
1154 1564 1327 1616 ποιήσει.
1388 1567 1549 1607 ἐπειδᾶν

212 1632 245 1673 δ’
267 1633 386 1690 ἀκούῃ
411 1633 617 1686 λέγοντας,
641 1633 940 1684 εὐδοκιμοῦντας
964 1635 1007 1674 ἐν
1027 1633 1130 1684 ὑμῖν,
1155 1632 1311 1685 ἑτέρους
1332 1634 1546 1685 κρίνοντας,

211 1701 251 1740 τί
282 1701 345 1741 καὶ
378 1699 547 1757 ποιήσῃ;
593 1701 686 1758 ζητῇ
722 1700 840 1741 πόλλ’
877 1701 1123 1746 ἀναλίσκειν,
1162 1698 1252 1750 ἐξὸν
1283 1699 1449 1747 ἐλάττω,
1486 1701 1549 1741 καὶ

1016 1764 1031 1779 *N

211 1767 361 1810 πάντας
398 1767 627 1820 θεραπεύειν
664 1767 873 1818 βούληται,
913 1767 970 1807 δύ’
1011 1784 1035 1817 η
1072 1769 1176 1818 τρεῖς
1211 1766 1321 1818 ἐξόν;
1370 1768 1549 1818 μαίνοιτο

255 1890 274 1909 2
292 1879 394 1919 ὄχλος
409 1883 487 1919 post
505 1882 596 1912 ἐστιν
614 1879 688 1910 add.
709 1878 735 1909 L
753 1877 843 1917 vulg.
858 1889 864 1910 :
891 1888 957 1909 om.
979 1877 1003 1909 S
1020 1877 1113 1908 solus
1203 1886 1223 1916 3
1242 1877 1505 1910 ἀσυνθετώτατον
1523 1877 1549 1908 L

211 1922 242 1953 A
263 1922 367 1953 Bekk.
387 1923 517 1954 Anecd.
541 1923 708 1962 Harpocr.
727 1933 733 1952 ε
759 1923 1006 1954 ἀσυνετώτατον
1026 1922 1048 1951 S
1062 1920 1171 1960 FQY
1184 1920 1214 1952 O
1233 1930 1317 1952 corr.
1423 1932 1442 1960 4
1467 1924 1550 1960 κῦμα

211 1966 413 2006 Felicianus‚
432 1967 471 1997 cf.
490 1966 636 2006 Appian.
658 1966 697 1997 B.
715 1965 752 1996 C.
770 1966 803 1995 iii
822 1976 883 1996 20:
918 1963 1028 2004 πνεῦμ’
1047 1965 1160 2003 codd.,
1179 1964 1217 1995 cf.
1239 1963 1379 1995 Aristid.
1403 1963 1468 1996 Rh.
1488 1964 1546 1996 Gr.

210 2010 243 2040 ix
254 2019 332 2049 352:
349 2010 505 2051 πνεύματι
518 2013 601 2050 κῦμα
613 2010 757 2040 Shilleto
769 2013 955 2048 praeeunte
969 2008 1154 2039 Schaesero
1227 2007 1443 2048 ἀκαταστάτῳ
1455 2009 1548 2047 (post

208 2053 364 2093 πνεύματι
384 2054 470 2094 κῦμ’)
489 2053 706 2084 Herwerden
755 2052 941 2090 κινούμενον
957 2053 982 2082 L
993 2051 1099 2091 vulg„
1111 2051 1259 2091 Appian.
1273 2050 1293 2081 l.
1305 2061 1346 2082 c.:
1365 2050 1548 2091 κινούμενος

210 2097 234 2127 S
247 2097 273 2127 L
291 2107 378 2130 corr.
401 2098 466 2138 (pr.
485 2107 528 2128 m.
547 2102 582 2127 ut
600 2096 748 2136 videtur)
767 2095 796 2134 Q
808 2096 838 2126 Y
852 2096 877 2126 F
895 2105 978 2127 corr.
1143 2105 1163 2134 5
1189 2098 1205 2127 ὁ
1221 2094 1281 2134 μὲν
1298 2105 1363 2125 om.
1384 2094 1421 2125 S¹
1436 2105 1444 2125 τ
1467 2095 1545 2126 add.

208 2146 274 2172 ant.
295 2151 337 2172 m.
440 2141 516 2173 ἀλλ’
535 2145 614 2171 ante
633 2140 705 2172 οὐδὲ
721 2140 796 2170 add.
819 2140 845 2169 L
863 2149 947 2170 corr.
971 2140 1036 2178 (pr.
1057 2148 1098 2169 m.
1121 2143 1156 2168 ut
1172 2138 1324 2177 videtur)
1342 2137 1431 2177 vulg.
1448 2149 1454 2168 ε
1479 2148 1545 2169 om.

210 2185 234 2215 S
248 2184 274 2214 L
285 2184 317 2214 A
445 2194 463 2224 7
489 2183 555 2216 οῖον
573 2184 666 2216 αὐτὸς
684 2183 722 2222 δή
737 2183 760 2213 S
774 2182 799 2212 L
812 2182 839 2213 Β
853 2194 858 2213 :
884 2183 900 2214 ὅ
916 2196 947 2214 τι
966 2183 1004 2214 ἂν
1021 2183 1106 2222 αὐτῷ
1119 2184 1196 2224 δοκῇ
1209 2181 1240 2211 Α
1256 2194 1261 2212 ;
1287 2180 1331 2213 οἷ’
1350 2182 1388 2213 ἂν
1401 2182 1495 2213 αὐτὸς
1509 2181 1547 2219 δή

210 2229 246 2258 C.
263 2229 305 2260 R.
324 2227 500 2267 Kennedy
636 2237 674 2266 15
697 2227 730 2267 ’γ’
749 2226 768 2258 ἃ
785 2226 811 2256 L
829 2236 913 2257 corr.
934 2225 1037 2265 vulg.:
1063 2238 1087 2266 γ
1104 2238 1141 2257 αν
1160 2225 1183 2255 S
1201 2224 1293 2255 solus
1387 2234 1423 2263 17
1449 2224 1548 2256 πάλιν

211 2271 293 2301 LA¹
318 2272 427 2309 vulg:
465 2271 563 2303 πόλιν
587 2270 653 2301 SA
678 2280 762 2301 corr.
781 2269 937 2300 Tiberius
961 2279 991 2309 p.
1014 2279 1066 2308 47,
1088 2268 1285 2299 Eustathius
1309 2268 1351 2298 ad
1377 2266 1412 2297 11.
1434 2272 1457 2299 B
1484 2268 1547 2306 756

214 2316 252 2344 18
269 2315 390 2353 δούλην
402 2314 481 2346 secl.
500 2314 700 2344 Funkhzinel
746 2312 951 2353 κατέπεμψεν
967 2313 1008 2343 S:
1033 2311 1239 2350 κατέστησεν
1252 2315 1329 2342 cett.
1390 2320 1427 2340 21
1448 2310 1547 2342 δόντα

212 2358 236 2388 S
248 2358 275 2388 L
287 2358 317 2388 Y
334 2369 340 2388 ι
365 2359 495 2390 διδόντα
510 2357 603 2397 vulg.
693 2358 744 2399 ἴδῃ
762 2356 851 2395 vulg.
868 2367 874 2388 ε
902 2357 968 2399 εἰδῇ
986 2355 1016 2386 Α
1030 2355 1054 2385 F
1066 2355 1096 2394 Q
1113 2367 1119 2385 t
1145 2358 1212 2393 ειδη
1231 2354 1254 2384 S
1381 2364 1422 2384 22
1447 2354 1545 2396 ἀκούῃ

211 2402 236 2432 S
252 2402 275 2431 L
287 2402 317 2431 A
333 2413 338 2432 :
365 2401 485 2443 ἀκούσῃ
501 2401 592 2439 vulg.
727 2410 811 2439 23-4
830 2409 971 2437 ποιησηι·
992 2398 1084 2439 ζητηι
1100 2423 1105 2429 .
1120 2423 1127 2429 .
1143 2422 1149 2428 .
1167 2399 1327 2436 βούληται
1342 2397 1366 2428 S
1383 2408 1389 2427 τ
1413 2398 1544 2434 ποιῆσαι

213 2444 304 2485 ζητεῖ
320 2445 384 2486 (vel
404 2444 529 2484 (⁷170an
548 2470 553 2476 .
574 2469 580 2475 .
603 2469 609 2476 .
630 2443 790 2482 βούληται
811 2443 876 2484 (vel
895 2442 1094 2480 βουλήσεται
1112 2441 1166 2472 vel
1184 2441 1353 2480 βούλοιτο)
1374 2441 1400 2471 L
1417 2441 1505 2480 vulg.
