1747 2844
191 139 309 192 xvm]
503 143 645 180 ΠΕΡΙ
695 143 816 180 Τοτ
864 143 1198 180 ΣΤΕΦΑΝΟΎ
1541 142 1656 197 [280]

253 244 391 297 ‘Opao‘
416 245 476 286 ὅτι
510 245 650 298 φεύγει
681 247 753 296 μὲν
787 247 856 288 τὰς
885 247 984 287 ἰδίας
1017 245 1253 297 προφάσεις,
1282 246 1337 286 εἰς
1367 247 1407 285 δὲ
1441 247 1509 286 τὰς
1543 252 1607 295 158

189 312 523 364 Ἀμφικτυονικὰς
562 312 812 365 καταφεύγει.
883 313 941 353 τίς
978 312 1046 352 οὖν
1085 313 1105 350 ὁ
1143 315 1263 352 ταῦτα
1301 328 1505 363 συμπαρα-

189 378 390 420 σκευάσας
421 379 544 433 αὐτῷ,·
583 380 642 420 τίς
674 379 695 418 ὁ
726 380 795 420 τὰς
830 378 1052 431 προφάσεις
1082 379 1224 421 ταύτας
1259 379 1412 424 ἐνδούς;
1451 379 1508 419 τίς

188 447 208 485 ὁ
234 449 312 486 τῶν
339 450 465 486 κακῶν
489 449 567 486 τῶν
597 444 870 497 γεγενημένων
902 444 1063 496 μάλιστ’
1089 446 1230 491 αἵτιος;
1269 445 1343 498 οὐχ
1376 445 1506 491 οὗτος;

150 530 167 561 5
187 512 241 564 μὴ
275 513 406 553 τοίνυν
440 511 584 564 λέγετ’,
619 510 648 551 ὦ
684 511 821 563 ἄνδρες
854 510 1068 562 Ἀθηναῖοι,
1103 513 1320 564 περιιόντες
1358 511 1408 553 ὡς
1441 511 1508 563 ὑφ’

189 578 277 621 ἑνὸς
301 582 460 620 τοιαῦτα
484 577 680 619 πέπονθεν
703 578 726 629 ἡ
752 577 904 620 Ἑλλὰς
929 578 1148 632 ἀνθρώπου.
1215 578 1287 632 οὐχ
1312 577 1380 630 ὑφ’
1407 578 1506 624 ἑνός,

189 645 281 687 ἀλλ’
313 645 388 686 ὑπὸ
419 648 582 686 πολλῶν
619 645 679 685 καὶ
716 649 897 698 πονηρῶν
933 649 1010 686 τῶν
1046 645 1134 697 παρ’
1168 645 1363 691 ἑκάστοις,
1395 642 1424 684 ὦ
1458 647 1507 696 γῆ

189 712 253 753 καὶ
278 712 373 753 θεοί·
410 713 464 753 ὧν
490 713 545 754 εἶς
568 712 717 758 οὑτοσί,
744 713 801 759 ὅν,
830 713 863 753 εἰ
891 715 1012 763 μηδὲν
1041 711 1316 763 εὐλαβηθέντα
1340 712 1508 762 τάληθὲς
1544 729 1608 764 159

188 781 313 820 εἰπεῖν
341 778 434 826 δέοι,
461 779 529 819 οὐκ
555 778 602 819 ἂν
627 777 834 830 ὀκνήσαιμ’
860 778 987 831 ἔγωγε
1018 779 1148 820 κοινὸν
1177 777 1402 830 ἀλειτήριον
1431 782 1508 819 τῶν

130 862 168 884 10
186 847 284 898 μετὰ
308 845 414 886 ταῦτ’
439 845 709 886 ἀπολωλότων
734 845 918 886 ἁπάντων
943 847 1078 893 εἰπεῖν,
1107 846 1334 898 ἀνθρώπων,
1362 845 1506 892 τόπων,

187 913 357 954 πόλεων·
400 913 420 952 ὁ
453 914 527 965 γὰρ
559 912 604 953 τὸ
637 911 795 964 σπέρμα
829 913 1060 966 παρασχών,
1095 913 1207 955 οὗτος
1239 916 1316 952 τῶν
1349 913 1509 964 φύντων

187 981 322 1021 αἴτιος.
392 978 436 1020 ὃν
462 980 567 1021 ὅπως
592 979 678 1020 ποτ’
703 979 770 1019 οὐκ
796 979 907 1021 εὐθὺς
932 981 1080 1022 ἰδόντες
1107 978 1389 1031 ἀπεστράφητε
1415 980 1506 1019 θαυ-
1541 980 1646 1035 [281]

186 1045 306 1097 μάζω.
379 1045 483 1096 πλὴν
517 1046 620 1086 πολύ
652 1063 689 1086 τι
721 1046 875 1092 σκότος,
911 1046 962 1088 ὡς
995 1046 1131 1093 ἔοικεν,
1160 1046 1271 1086 ἐστὶν
1304 1044 1393 1097 παρ’
1418 1046 1508 1096 ὑμῖν

187 1112 261 1165 πρὸ
286 1115 355 1163 τῆς
380 1114 579 1163 ἀληθείας.

130 1195 165 1226 15
254 1179 493 1230 Συμβέβηκε
531 1180 660 1219 τοίνυν
699 1197 764 1230 μοι
802 1183 878 1220 τῶν
918 1182 1014 1220 κατὰ
1052 1182 1120 1230 τῆς
1159 1180 1343 1231 πατρίδος
1384 1179 1505 1232 τούτῳ
1541 1186 1607 1221 160

187 1245 472 1298 πεπραγμένων
509 1245 702 1300 ἁψαμένῳ
738 1248 792 1288 εἰς
826 1247 850 1286 ἃ
883 1247 1033 1288 τούτοις
1066 1246 1360 1297 ἐναντιούμενος
1393 1245 1507 1287 αὐτὸς

187 1314 470 1363 πεπολίτευμαι
510 1313 692 1365 ἀφῖχθαι·
742 1314 765 1353 ἃ
802 1317 965 1353 πολλῶν
1002 1315 1074 1363 μὲν
1113 1312 1225 1353 εἵνεκ’
1264 1312 1312 1353 ἂν
1351 1312 1508 1353 εἰκότως

186 1379 399 1420 ἀκούσαιτέ
433 1396 519 1430 μου,
557 1379 734 1429 μάλιστα
771 1379 803 1419 δ’
840 1381 899 1420 ὅτι
935 1380 1104 1432 αἰσχρόν
1142 1380 1265 1425 ἐστιν,
1305 1377 1333 1418 ὦ
1373 1377 1509 1430 ἄνδρες

186 1446 400 1496 Ἀθηναῖοι,
429 1447 462 1486 εἰ
488 1446 564 1498 ἐγὼ
597 1447 668 1496 μὲν
694 1448 740 1485 τὰ
766 1446 861 1498 ἔργα
890 1449 966 1486 τῶν
996 1447 1092 1497 ὑπὲρ
1121 1447 1227 1496 ὑμῶν
1256 1446 1388 1486 πόνων
1413 1444 1505 1485 ὑπέ-

127 1532 165 1555 20
184 1529 310 1563 μεινα,
339 1514 447 1563 ὑμεῖς
472 1515 513 1553 δὲ
546 1515 643 1563 μηδὲ
677 1512 766 1554 τοὺς
795 1513 940 1564 λόγους
973 1511 1098 1553 αὐτῶν
1132 1511 1334 1562 ἀνέξεσθε.
1407 1512 1507 1563 ὁρῶν
1543 1516 1603 1551 161

184 1581 259 1632 γὰρ
284 1580 361 1631 ἐγὼ
388 1581 608 1630 Θηβαίους,
639 1579 785 1632 σχεδὸν
811 1581 851 1619 δὲ
878 1579 939 1619 καὶ
964 1581 1061 1630 ὑμᾶς
1086 1579 1160 1620 ὑπὸ
1185 1583 1262 1620 τῶν
1287 1580 1334 1618 τὰ
1360 1579 1506 1618 Φιλίπ-

184 1663 258 1686 που
292 1646 544 1698 φρονούντων
581 1646 643 1686 καὶ
677 1645 977 1699 διεφθαρμένων
1009 1645 1099 1698 παρ’
1134 1645 1345 1698 ἑκατέροις,
1380 1644 1400 1685 ὃ
1436 1647 1508 1695 μὲν

184 1711 231 1762 ἦν
261 1712 501 1765 ἀμφοτέροις
528 1713 707 1766 φοβερὸν
742 1713 804 1753 καὶ
839 1715 1019 1765 φυλακῆς
1051 1716 1205 1763 πολλῆς
1238 1713 1436 1763 δεόμενον,
1463 1711 1508 1751 τὸ

184 1779 252 1819 τὸν
287 1780 490 1820 Φίλιππον
527 1781 594 1820 ἐᾶν
629 1778 881 1829 αὐξάνεσθαι,
918 1784 1169 1832 παρορῶντας
1203 1780 1265 1820 καὶ
1301 1780 1388 1819 οὐδὲ
1423 1778 1507 1818 καθ’

126 1861 162 1892 25
185 1845 226 1886 ἓν
252 1846 585 1899 φυλαττομένους,
614 1848 668 1888 εἰς
693 1846 841 1900 ἔχθραν
865 1849 906 1887 δὲ
934 1848 995 1888 καὶ
1020 1846 1065 1886 τὸ
1090 1846 1350 1899 προσκρούειν
1380 1844 1505 1895 ἀλλή-

183 1918 269 1954 λοις
302 1914 465 1964 ἑτοίμως
498 1913 676 1966 ἔχοντας,
711 1914 817 1955 ὅπως
849 1917 962 1954 τοῦτο
997 1913 1049 1964 μὴ
1086 1913 1240 1966 γένοιτο
1277 1916 1508 1965 παρατηρῶν

185 1979 398 2025 διετέλουν,
426 1979 493 2020 οὐκ
525 1979 602 2020 ἀπὸ
627 1982 695 2030 τῆς
729 1982 894 2031 ἐμαυτοῦ
927 1981 1083 2033 γνώμης
1114 1981 1236 2031 μόνον
1265 1983 1385 2020 ταῦτα
1411 1996 1507 2029 συμ-

186 2045 322 2097 φέρειν
355 2046 664 2097 ὑπολαμβάνων,
691 2047 783 2087 ἀλλ’
812 2048 922 2089 εἰδὼς
952 2047 1256 2100 Ἀριστοφῶντα
1291 2046 1352 2086 καὶ
1385 2045 1507 2085 πάλιν
1542 2047 1605 2082 162

186 2112 396 2163 Εὔβουλον
432 2112 561 2154 πάντα
595 2113 663 2154 τὸν
699 2115 845 2166 χρόνον
880 2114 1151 2165 βουλομένους
1187 2113 1331 2166 πρᾶξαι
1364 2113 1507 2162 ταύτην

232 2234 244 2254 1
271 2223 330 2263 μὲν
347 2234 410 2255 om.
429 2224 453 2255 S
469 2224 505 2254 L¹
654 2235 673 2254 2
697 2224 942 2266 παρασκευάσας
959 2224 990 2254 Α
1144 2235 1165 2263 9
1189 2224 1370 2265 ἀλειτήριον
1388 2222 1507 2253 Blassz

184 2268 359 2309 ἀλητήριον
376 2267 410 2298 S¹
427 2268 465 2308 (ἴ)
482 2267 512 2298 O
530 2279 536 2298 t
561 2268 726 2308 ἀλιτήριον
742 2269 829 2307 vulg.
969 2278 1001 2298 ΙΙ
1030 2271 1135 2300 κακῶν
1153 2272 1227 2306 post
1244 2266 1371 2308 φύντων
1387 2267 1461 2297 add.
1485 2266 1507 2296 S

184 2311 294 2349 vulg.:
322 2312 452 2350 punctis
469 2321 571 2351 supra
590 2312 707 2351 positis
727 2312 752 2341 L
766 2312 812 2342 F:
837 2322 899 2342 om.
922 2311 989 2341 ΒΥ
1004 2312 1034 2342 O
1208 2321 1242 2349 17
1269 2309 1351 2342 ἕνεκ’
1369 2312 1406 2341 ἂν
1423 2310 1446 2340 S
1461 2309 1508 2339 L:

186 2354 279 2387 ἕνεκα
296 2360 373 2386 cett.
508 2356 545 2385 18
570 2355 740 2387 ἀκούσαιτε
758 2355 788 2385 Y
803 2356 832 2394 Q
851 2366 934 2386 corr.
954 2367 960 2385 z
986 2354 1141 2387 ἀκούσετε
1161 2355 1184 2385 S
1199 2354 1223 2383 L
1240 2354 1323 2385 soli:
1350 2353 1507 2385 ἀκούσατε

185 2397 236 2427 A:
271 2398 402 2430 ἀκούετε
427 2399 457 2429 Ο
601 2410 641 2429 22
674 2399 874 2439 φρονούντων
899 2400 922 2429 S
939 2399 975 2428 L¹
989 2399 1020 2429 A
1043 2408 1128 2428 corr.
1149 2410 1155 2428 2
1187 2397 1395 2439 πραττόντων
1418 2398 1505 2435 vulg.

185 2442 227 2470 26
250 2441 377 2481 ’γένοιτο
396 2442 419 2472 S
435 2441 473 2471 Ll
489 2453 496 2472 :
519 2442 693 2482 ’γενήσεται
710 2441 741 2472 Α
756 2442 844 2481 vulg.
863 2452 870 2472 ι
893 2443 1072 2483 ’γενήσηται
1091 2441 1116 2472 L
1134 2451 1218 2472 corr.
