1747 2844
185 151 271 205 xm]
411 157 552 194 ΠΕΡΙ
601 157 724 194 ΤΗΣ
773 156 1294 193 ΠΑΡΑΓΙΡΕΣΒΕΙΑΣ
1539 151 1653 206 [420]

183 264 250 300 τοῦ
276 258 479 313 σχήματος
513 259 559 310 ἦν
592 259 729 299 τούτου
763 262 899 312 πολλῷ
934 264 980 314 τῇ
1015 260 1129 298 πόλει
1161 257 1505 308 λυσιτελέστερον,

183 327 226 367 τὸ
256 327 324 377 τὴν
350 327 485 379 ψυχὴν
516 326 586 376 τὴν
617 326 799 366 Σόλωνος
829 327 924 365 ἰδεῖν
957 325 1019 364 καὶ
1047 324 1118 373 τὴν
1150 323 1336 369 διάνοιαν,
1365 324 1509 373 ταύτην

184 394 250 433 οὐκ
277 392 510 444 ἐμιμήσατο,
538 393 644 432 ἀλλὰ
671 394 748 432 πᾶν
773 391 1015 432 τούναντίον,
1076 391 1223 431 ἐκεῖνος
1247 390 1319 441 μέν
1346 389 1381 441 γ’
1408 391 1506 442 ἀφε-

184 461 370 510 στηκυίας
389 463 613 510 Σαλαμῖνος
632 457 851 508 Ἀθηναίων
878 457 940 498 καὶ
966 456 1135 498 θάνατον
1163 458 1301 507 ζημίαν
1322 461 1507 508 ψηφισα-

145 546 161 577 5
182 526 323 578 μένων,
356 526 402 566 ἄν
432 543 490 567 τις
522 527 610 581 εἴπῃ
642 525 883 576 κομίζεσθαι,
915 524 983 564 τὸν
1017 526 1115 565 ἴδιον
1147 524 1324 564 κίνδυνον
1353 523 1509 563 ὑποθεὶς

183 595 341 644 ἐλεγεῖα
361 591 530 642 ποιήσας
549 591 629 647 ᾖδε,
651 591 712 631 καὶ
731 591 802 641 τὴν
821 593 893 642 μὲν
913 591 1047 644 χώραν
1074 587 1294 642 <ἀν>έσωσε
1313 596 1360 646 τῇ
1380 590 1507 635 πόλει,

182 659 252 709 τὴν
277 659 309 699 δ’
334 658 590 712 ὑπάρχουσαν
615 658 812 711 αἰσχύνην
837 656 1081 708 ἀπήλλαξεν·
1118 657 1230 699 οὗτος
1255 656 1300 702 δ’,
1322 655 1368 706 ἣν
1388 661 1509 707 βασι-
1542 669 1606 705 253

182 726 273 768 λεὺς
294 726 355 766 καὶ
375 725 520 767 πάντες
539 723 790 775 οῖ”Ελληνες
814 724 1004 776 ὑμετέραν
1031 724 1225 776 ἔγνωσαν,
1248 723 1507 775 Ἀμφίπολιν,

182 792 324 842 ταύτην
344 791 509 842 ἐξέδωκε
536 793 597 832 καὶ
623 791 792 832 ἀπέδοτο
820 792 880 832 καὶ
905 795 958 846 τῷ
983 794 1105 831 ταῦτα
1124 789 1321 843 γράφοντι
1347 794 1509 830 συνεῖπε
1541 789 1644 843 [421]

125 875 162 896 10
183 858 433 910 Φιλοκράτει.
493 856 604 907 ἄξιόν
620 858 670 911 γ’,
689 859 734 899 οὐ
750 857 844 910 γάρ,·
883 857 931 908 ἦν
947 859 1131 898 Σόλωνος
1148 857 1249 911 αὐτῷ
1270 858 1506 908 μεμνῆσθαι.

184 925 245 965 καὶ
270 925 314 965 οὐ
336 925 457 977 μόνον
477 927 644 966 ἐνταῦθα
663 924 767 965 ταῦτ’
787 925 989 975 ἐποίησεν,
1011 922 1104 965 ἀλλ’
1124 923 1246 964 ἐκεῖσ’
1268 923 1394 964 ἐλθὼν
1420 922 1508 963 οὐδὲ

182 990 338 1042 τοῦνομ’
370 990 594 1043 ἐφθέγξατο
631 994 698 1042 τῆς
734 992 865 1044 χώρας
901 992 999 1044 ὑπὲρ
1035 991 1082 1042 ἧς
1116 990 1375 1042 ἐπρέσβευεν.
1447 989 1509 1029 καὶ

182 1057 286 1097 ταῦτ’
325 1057 440 1099 αὐτὸς
479 1057 697 1111 ἀπήγγειλε
735 1057 831 1110 πρὸς
872 1059 983 1109 ὑμᾶς·
1033 1056 1234 1109 μέμνησθε
1274 1058 1349 1109 γὰρ
1386 1055 1509 1106 δήπου

181 1124 335 1177 λέγοντ’
369 1124 488 1165 αὐτὸν
523 1126 582 1164 ὅτι
616 1125 730 1176 ’περὶ
767 1124 798 1163 δ’
833 1124 1115 1175 Ἀμφιπόλεως
1152 1122 1260 1176 εἶχον
1297 1124 1368 1174 μὲν
1402 1123 1507 1174 κάγὼ

125 1207 159 1238 15
181 1190 328 1243 λέγειν·
380 1192 443 1231 ἰ’να
481 1191 514 1231 δ’
552 1190 761 1243 ἐγγένηται
799 1189 1050 1241 Δημοσθένει
1089 1190 1176 1241 περὶ
1214 1189 1331 1239 αὐτῆς
1369 1190 1505 1235 εἰπεῖν,

182 1256 428 1309 παρέλιπον.’
476 1258 554 1309 ἐγὼ
571 1260 612 1298 δὲ
629 1258 837 1309 παρελθὼν
854 1257 966 1297 οὐδὲν
983 1257 1084 1308 ἔφην
1104 1260 1240 1296 τοῦτον
1257 1257 1311 1296 ὧν
1327 1254 1507 1306 ἐβούλετ’
1539 1271 1605 1306 254

182 1325 306 1364 εἰπεῖν
329 1324 425 1376 πρὸς
451 1325 654 1365 Φίλιππον
684 1325 770 1374 ἐμοὶ
799 1327 1049 1375 παραλιπεῖν·
1088 1326 1231 1363 θᾶττον
1260 1324 1334 1374 γὰρ
1364 1322 1411 1363 ἂν
1441 1325 1508 1361 τοῦ

182 1391 342 1441 αἵματος
381 1387 403 1440 ἦ
442 1391 565 1442 λόγου
605 1392 843 1442 μεταδοῦναί
877 1407 963 1431 τινι.
1036 1389 1139 1435 ἀλλ’,
1179 1390 1297 1440 οἶμαι,
1339 1388 1506 1441 χρήματ’

182 1457 361 1509 εἰληφότ’
389 1458 455 1498 οὐκ
484 1456 532 1507 ἦν
556 1456 780 1510 ἀντιλέγειν
807 1457 902 1509 πρὸς
927 1458 1130 1497 Φίλιππον
1156 1455 1223 1497 τὸν
1248 1457 1344 1507 ὑπὲρ
1370 1455 1508 1495 τούτου

123 1539 161 1561 20
181 1525 387 1569 δεδωκότα,
410 1525 515 1565 ὅπως
535 1524 688 1574 ἐκείνην
711 1524 763 1575 μὴ
785 1524 928 1578 ἀποδῷ.
991 1523 1095 1575 Λέγε
1121 1521 1165 1573 δή
1191 1540 1258 1573 μοι
1284 1522 1424 1573 λαβὼν
1446 1521 1507 1561 καὶ

181 1592 227 1630 τὰ
246 1594 314 1630 τοῦ
333 1591 515 1632 ῌόλωνος
541 1592 698 1643 ἐλεγεῖα
716 1591 838 1637 ταυτί,
861 1589 909 1631 ἵν’
931 1590 1031 1640 ἴδηθ’
1051 1591 1110 1630 ὅτι
1138 1591 1198 1630 καὶ
1219 1590 1357 1629 Σόλων
1379 1589 1507 1639 ἐμίσει

179 1656 269 1698 τοὺς
293 1658 396 1699 οἵους
420 1657 533 1699 οὗτος
556 1657 795 1709 ἀνθρώπους.

249 1724 309 1764 Οὐ
333 1723 466 1776 λέγειν
492 1725 589 1764 εἵσω
613 1723 684 1773 τὴν
709 1723 807 1777 χεῖρ’
834 1723 978 1777 ἔχοντ’,
1002 1725 1188 1777 Αἰσχίνη,
1217 1727 1286 1769 δεῖ,
1315 1724 1370 1769 οὔ,
1400 1724 1506 1762 ἀλλὰ
1537 1737 1601 1774 255

182 1791 422 1843 πρεσβεύειν
456 1792 550 1831 εἴσω
580 1790 652 1840 τὴν
684 1790 783 1843 χεῖρ’
813 1791 969 1844 ἔχοντα.
1044 1791 1093 1831 σὺ
1127 1790 1160 1830 δ’
1191 1792 1273 1831 ἐκεῖ
1300 1791 1506 1841 προτείνας

123 1873 159 1904 25
183 1857 245 1897 καὶ
277 1858 466 1911 ὑποσχὼν
498 1858 558 1898 καὶ
593 1857 857 1910 καταισχύνας
886 1858 1045 1900 τούτους
1079 1857 1218 1898 ἐνθάδε
1252 1859 1502 1907 σεμνολογεῖ,

183 1925 244 1964 καὶ
277 1923 445 1977 λογάρια
474 1925 648 1975 δύστηνα
679 1924 903 1975 μελετήσας
935 1925 997 1965 καὶ
1027 1923 1298 1977 φωνασκήσας
1332 1923 1399 1963 οὐκ
1433 1925 1506 1963 οἴει

181 1993 290 2041 δίκην
331 1991 474 2032 δώσειν
511 1991 754 2041 τηλικούτων
793 1992 854 2032 καὶ
895 1993 1097 2033 τοσούτων
1136 1990 1393 2041 ἀδικημάτων,
1434 1989 1505 2030 κᾶν

181 2059 353 2099 πιλίδιον
393 2059 534 2109 λαβὼν
572 2058 658 2111 περὶ
700 2057 770 2109 τὴν
814 2058 992 2112 κεφαλὴν
1035 2058 1271 2114 περινοστῇς
1315 2057 1376 2097 καὶ
1419 2057 1504 2107 ἐμοὶ

178 2126 356 2182 λοιδορῇ,·
394 2125 489 2178 λέγε
514 2125 576 2165 σύ.

222 2238 243 2266 6
267 2235 409 2267 ἀνέσωσε
430 2235 645 2266 Herwerden
661 2246 667 2266 :
708 2236 811 2268 ἔσωσε
829 2236 925 2267 codd.
1108 2245 1147 2265 10
1172 2237 1206 2266 οὐ
1222 2234 1284 2276 γάρ
1302 2244 1365 2265 om.
1387 2233 1409 2264 S
1423 2231 1505 2263 L1Y

182 2279 280 2321 pr.⁷
298 2279 337 2310 cf.
355 2280 438 2309 xxiii
460 2280 515 2309 161
593 2282 770 2318 μνησθῆναι
788 2279 907 2310 L¹AP
1014 2289 1050 2319 13
1075 2277 1190 2318 δήπου]
1209 2280 1246 2317 δὴ
1264 2277 1295 2307 A
1408 2287 1445 2315 14
1470 2275 1505 2308 δὲ

180 2328 256 2362 post
281 2324 350 2364 περὶ
375 2323 448 2354 add.
476 2322 528 2352 A:
566 2333 632 2353 om.
659 2323 721 2353 SL
746 2324 834 2362 vulg.
974 2326 1011 2353 16
1046 2325 1162 2354 τοῦτον
1186 2322 1240 2352 A:
1276 2320 1399 2352 τούτων
1424 2324 1502 2351 cett.

184 2376 219 2403 17
245 2372 453 2405 παραλειπειν
471 2367 494 2396 S
512 2366 603 2396 solus
758 2377 796 2397 21
822 2367 902 2405 ἴδηθ’
922 2368 965 2397 5ῑ
992 2368 1097 2403 εἰδῆτε
1116 2366 1202 2404 vulg.
1358 2375 1398 2395 22
1424 2365 1504 2395 οἵους

180 2410 299 2446 Cobet,
317 2409 356 2440 cf.
378 2410 445 2439 xxii
463 2411 516 2447 64.
536 2410 615 2439 xxiv
637 2411 695 2448 185
712 2421 718 2439 :
744 2410 805 2442 οἶος
823 2411 919 2441 codd.
1093 2420 1131 2447 27
1159 2411 1217 2441 κᾶν
1236 2409 1261 2439 L
1277 2408 1378 2448 vulg,
1398 2407 1501 2439 schol.

180 2462 210 2491 p.
231 2453 302 2490 438.
321 2462 381 2491 25:
408 2454 446 2484 ἂν
463 2454 486 2482 S
499 2452 528 2482 A
542 2453 567 2483 P
700 2454 741 2484 28
766 2455 833 2491 περὶ
852 2453 881 2483 Λ
895 2453 938 2484 P:
967 2455 1016 2485 ἐπὶ
1035 2458 1111 2484 cett.
