1747 2844
212 156 332 210 xvffl]
527 161 670 199 ΠΕΡΙ
718 162 842 199 ΤΟΥ
890 162 1232 199 ΣΤΕΦΑΝΟΎ

209 258 423 309 στρατηγὸν
443 258 503 296 καὶ
521 259 586 297 τὸν
607 258 792 310 ἵππαρχον
812 260 876 299 τὰς
896 259 1007 304 πεζὰς
1035 258 1095 295 καὶ
1121 259 1185 297 τὰς
1207 258 1357 297 ἱππικὰς
1379 258 1545 306 δυνάμεις

210 311 449 351 Ἐλευσῖνάδε
474 314 628 365 ἐξάγειν,
650 315 795 364 πέμψαι
824 313 862 352 δὲ
892 312 952 351 καὶ
980 312 1160 362 πρέσβεις
1186 313 1277 362 πρὸς
1300 312 1382 352 τοὺς
1408 313 1545 352 ἄλλους

203 365 408 418 εΈλληνας,
439 370 584 417 πρῶτον
613 368 651 406 δὲ
680 369 826 407 πάντων
854 368 945 417 πρὸς
975 367 1166 416 Θηβαίους
1195 366 1254 404 διὰ
1285 368 1327 405 τὸ
1359 368 1545 418 ἐγγυτάτω

211 421 302 461 εἶναι
334 423 399 460 τὸν
427 422 616 461 Φίλιππον
644 425 708 472 τῆς
743 422 886 460 ἐκείνων
918 422 1050 473 χώρας,
1081 422 1310 470 παρακαλεῖν
1344 421 1382 460 δὲ
1417 421 1546 461 αὐτοὺς

171 493 189 524 5
208 476 323 527 μηδὲν
350 478 653 529 καταπλαγέντας
681 478 746 516 τὸν
769 477 959 515 Φίλιππον
983 476 1205 526 ἀντέχεσθαι
1233 477 1298 524 τῆς
1328 478 1463 514 ἑαυτῶν
1488 476 1547 514 καὶ

209 533 273 580 τῆς
299 534 371 570 τῶν
394 532 520 571 ἄλλων
539 531 732 581 Ἑλλήνων
753 531 970 580 ἐλευθερίας,
994 531 1053 569 καὶ
1077 531 1133 569 ὅτι
1157 532 1176 568 ὁ
1196 529 1400 579 Ἀθηναίων
1420 530 1545 579 δῆμος,

209 586 314 624 οὐδὲν
333 589 572 635 μνησικακῶν
591 586 624 624 εἴ
647 603 683 625 τι
710 586 888 635 πρότερον
908 588 1061 637 γέγονεν
1082 586 1283 635 ἀλλότριον
1306 587 1384 625 ταῖς
1409 585 1547 623 πόλεσι

209 641 299 690 πρὸς
321 641 504 690 ἀλλήλας,
525 640 714 690 βοηθήσει
745 641 804 678 καὶ
833 640 1012 690 δυνάμεσι
1042 640 1101 678 καὶ
1129 641 1298 691 χρήμασι
1327 640 1386 678 καὶ
1409 641 1547 689 βέλεσι

210 696 270 733 καὶ
296 695 437 740 ὅπλοις,
464 695 564 735 εἰδὼς
591 695 647 733 ὅτι
673 697 795 735 αὐτοῖς
821 696 889 744 μὲν
915 696 1007 745 πρὸς
1035 695 1224 744 ἀλλήλους
1251 695 1548 744 διαμφισβητεῖν

151 766 189 790 10
209 749 292 799 περὶ
326 752 390 798 τῆς
424 750 620 801 ἡγεμονίας
655 749 761 788 οἶσιν
789 748 960 798 εΈλλησι
993 750 1119 794 καλόν,
1150 750 1221 787 ὑπὸ
1253 749 1291 787 δὲ
1323 750 1546 797 ἀλλοφύλου

209 804 402 854 ἀνθρώπου
437 804 620 855 ἄρχεσθαι
656 805 715 842 καὶ
748 806 812 853 τῆς
846 805 1043 856 ἡγεμονίας
1075 803 1364 854 ἀποστερεῖσθαι
1398 805 1547 850 ἀνάξιον

210 858 301 896 εἶναι
326 859 385 896 καὶ
407 861 472 907 τῆς
495 862 567 897 τῶν
586 858 779 908 Ἑλλήνων
800 859 908 908 δόξης
932 859 992 896 καὶ
1017 861 1082 907 τῆς
1101 862 1173 897 τῶν
1193 859 1384 910 προγόνων
1404 860 1544 907 ἀρετῆς.

210 930 262 952 ετι
297 913 336 951 δὲ
375 913 458 952 οὐδὲ
498 914 698 964 ἀλλότριον
732 914 874 965 ἡγεῖται
914 913 1004 952 εἶναι
1039 915 1057 951 ὁ
1091 912 1297 962 Ἀθηναίων
1331 913 1444 962 δῆμος
1482 914 1546 951 τὸν

209 968 388 1017 Θηβαίων
408 968 524 1017 δῆμον
545 969 626 1006 οὔτε
646 971 693 1019 τῇ
711 969 908 1020 συγγενεία
929 969 1011 1007 οὔτε
1030 970 1081 1018 τῷ
1101 969 1294 1019 ὁμοφύλω.
1349 966 1547 1018 ἀναμιμνῄ-

151 1036 187 1067 15
209 1039 340 1060 σκεται
369 1022 407 1060 δὲ
438 1022 497 1060 καὶ
526 1024 590 1062 τὰς
618 1025 689 1060 τῶν
712 1023 903 1074 προγόνων
927 1025 1000 1060 τῶν
1024 1025 1152 1060 ἑαυτοῦ
1183 1024 1232 1063 εἰς
1258 1039 1342 1062 τους
1369 1022 1548 1071 Θηβαίων

209 1077 413 1128 προγόνους
439 1078 660 1128 εὐεργεσίας
694 1077 752 1114 καὶ
779 1079 852 1128 γὰρ
878 1077 961 1117 τοὺς
981 1076 1208 1126 “Ηρακλέους
1231 1077 1363 1116 παιδας
1387 1079 1547 1115 ἀποστε-

209 1131 406 1179 ρουμένους
434 1131 506 1169 ὑπὸ
537 1132 854 1180 Πελοποννησίων
882 1133 946 1180 τῆς
974 1130 1144 1181 πατρῴας
1174 1133 1290 1181 ἀρχῆς
1324 1132 1544 1182 κατήγαγον,

209 1186 285 1225 τοῖς
330 1185 460 1226 ὅπλοις
507 1186 754 1235 κρατήσαντες
795 1186 879 1226 τοὺς
924 1186 1149 1235 ἀντιβαίνειν
1186 1186 1429 1235 πειρωμένους
1470 1188 1546 1225 τοῖς

209 1238 438 1288 (Ηρακλέους
473 1241 646 1292 ἐγγόνοις,
681 1240 740 1277 καὶ
774 1240 838 1278 τὸν
872 1240 1050 1278 Οἰδίπουν
1083 1240 1143 1278 καὶ
1176 1240 1260 1280 τοὺς
1293 1240 1372 1289 μετ’
1408 1240 1545 1278 ἐκείνου

150 1307 190 1328 20
211 1294 436 1335 ἐκπεσόντας
460 1294 725 1345 ὑπεδεξάμεθα,
752 1294 811 1332 καὶ
838 1296 941 1344 ἕτερα
966 1296 1095 1332 πολλὰ
1121 1296 1209 1343 ἡμῖν
1228 1295 1385 1345 ὑπάρχει
1409 1295 1544 1342 φιλάν-

210 1348 338 1398 θρωπα
367 1349 426 1387 καὶ
449 1348 579 1394 ἔνδοξα
603 1349 694 1398 πρὸς
714 1349 916 1398 Θηβαίους·
949 1349 1074 1398 διόπερ
1098 1349 1182 1387 οὐδὲ
1205 1351 1266 1387 νῦν
1287 1349 1544 1398 ἀποστήσεται

209 1403 229 1441 ὃ
263 1402 469 1453 Ἀθηναίων
498 1403 612 1453 δῆμος
639 1406 712 1441 τῶν
740 1404 923 1452 Θηβαίοις
955 1420 994 1441 τε
1026 1404 1085 1441 καὶ
1115 1406 1191 1443 τοῖς
1220 1404 1351 1443 ἄλλοις
1374 1402 1545 1451 ’Έλλησι

209 1459 488 1508 συμφερόντων.
547 1457 752 1496 συνθέσθαι
782 1457 819 1495 δὲ
848 1458 938 1507 πρὸς
967 1457 1098 1498 αὐτοὺς
1127 1456 1211 1509 ἒήκαὶ]
1240 1458 1460 1508 συμμαχίαν
1487 1457 1546 1495 καὶ

210 1514 409 1564 ἐπιγαμίαν
429 1512 663 1563 ποιήσασθαι
685 1512 744 1550 καὶ
767 1512 897 1562 ὅρκους
925 1512 1049 1551 δοῦναι
1077 1512 1136 1550 καὶ
1162 1513 1306 1561 λαβεῖν.
1366 1512 1547 1561 πρέσβεις

149 1579 186 1610 25
210 1567 458 1617 Δημοσθένης
507 1567 774 1617 Δημοσθένους
823 1568 1030 1612 Παιανιεύς,
1071 1566 1281 1616 Ὑπερείδης
1330 1566 1548 1616 Κλεάνδρου

209 1622 407 1671 Σφήττιος,
450 1621 704 1671 Μνησιθείδης
751 1620 995 1671 Ἀντιφάνους
1042 1621 1251 1671 Φρεάρριος,
1301 1621 1548 1670 Δημοκράτης

208 1677 387 1726 Σωφίλου
412 1677 565 1721 Φλυεύς,
589 1677 863 1727 Κάλλαισχρος
884 1676 1064 1725 Διοτίμου
1086 1675 1328 1728 Κοθωκίδης]

278 1774 383 1823 Αὕτη
421 1777 498 1814 τῶν
536 1773 624 1826 περὶ
658 1771 805 1824 Θήβας
845 1774 1024 1825 ἐγίγνετο
1063 1772 1304 1825 πραγμάτων
1341 1771 1444 1825 ἀρχὴ
1475 1773 1545 1818 ,καὶ

211 1839 455 1882 κατάστασις
488 1841 635 1892 πρώτη,
672 1842 720 1880 τὰ
754 1839 828 1892 πρὸ
864 1840 1014 1880 τούτων
1052 1841 1105 1881 εἰς
1143 1839 1290 1893 ἔχθραν
1329 1840 1391 1880 καὶ
1427 1843 1545 1890 μῖσος

148 1923 189 1956 30
211 1907 274 1948 καὶ
308 1908 496 1948 ἀπιστίαν
526 1911 602 1948 τῶν
635 1908 791 1948 πόλεων
824 1906 1062 1959 ὑπηγμένων
1094 1905 1169 1947 ὑπὸ
1198 1906 1360 1948 τούτων.
1431 1909 1545 1945 τοῦτο

209 1973 254 2014 τὸ
279 1973 479 2027 ψήφισμα
503 1973 571 2015 τὸν
597 1974 686 2015 τότε
713 1980 760 2031 τῇ
787 1974 902 2015 πόλει
922 1973 1168 2026 περιστάντα
1195 1974 1372 2014 κίνδυνον
1398 1978 1543 2024 παρελ-

210 2043 294 2082 θεῖν
331 2042 519 2091 ἐποίησεν
556 2041 691 2094 ὥσπερ
726 2040 861 2094 νέφος.
936 2040 984 2092 ἣν
1020 2043 1094 2092 μὲν
1129 2042 1262 2081 τοίνυν
1297 2043 1364 2080 τοῦ
1397 2040 1546 2080 δικαίου

209 2109 375 2150 πολίτου
400 2109 489 2150 τότε
514 2107 638 2159 δεῖξαι
664 2111 801 2155 πᾶσιν,
829 2109 867 2150 εἴ
897 2125 935 2149 τι
968 2109 1118 2150 τούτων
1151 2108 1259 2162 εἶχεν
1290 2107 1463 2158 ἄμεινον,
1491 2105 1543 2160 μὴ

207 2179 278 2217 νῦν
313 2177 506 2227 ἐπιτιμᾶν.
581 2176 601 2214 ὁ
634 2177 709 2227 γὰρ
744 2176 978 2227 σύμβουλος
1014 2177 1075 2217 καὶ
1107 2177 1127 2215 ὁ
1160 2174 1427 2227 συκοφάντης,
1456 2172 1543 2215 οὐδὲ

252 2296 273 2325 9
297 2287 348 2318 καὶ
365 2290 445 2316 ante
464 2287 571 2318 αὐτοῖς
588 2285 664 2316 add.
684 2285 708 2316 S
722 2285 747 2315 L
765 2285 855 2325 vulg.
872 2296 878 2315 :
903 2295 967 2316 om.
986 2285 1030 2316 Ο1
1140 2295 1176 2316 12
1203 2285 1282 2316 εἶναι
1300 2284 1363 2315 del.
1385 2283 1522 2316 Dobree
1538 2294 1545 2313 :

210 2331 302 2362 ἐστιν
333 2329 506 2368 Serimger
662 2329 828 2367 Ἑλλήνων
862 2329 960 2360 codd.
996 2329 1095 2368 pauci
1112 2340 1118 2358 :
1157 2328 1323 2368 προγόνων
1356 2327 1379 2358 S
1394 2327 1420 2357 L
1452 2327 1542 2365 vulg.

210 2383 251 2403 22
266 2376 333 2406 τοῖς
348 2373 421 2404 cod.
436 2383 523 2403 unus
539 2383 546 2402 :
563 2383 627 2403 om.
644 2377 720 2403 cett.
812 2383 854 2412 23
871 2374 922 2405 καὶ
940 2373 1020 2404 secl.
1036 2372 1075 2402 G.
1094 2371 1138 2402 H.
1152 2372 1319 2402 Schaeser
1335 2382 1409 2401 cum
1424 2370 1510 2410 Aug.
1525 2380 1543 2408 4

209 2417 250 2446 28
276 2417 427 2457 ἐγίγνετο
445 2416 475 2455 Q
489 2416 519 2446 Y
535 2426 542 2446 ε
568 2417 694 2457 ἐγίνετο
713 2416 736 2447 S
752 2415 778 2446 L
790 2414 821 2446 A
837 2427 844 2446 :
870 2416 1001 2457 ἐγένετο
1019 2416 1107 2455 vulg.
1254 2425 1294 2453 34
1320 2413 1391 2447 οὐδὲ
1410 2415 1434 2445 S
1450 2414 1476 2445 L
1491 2427 1545 2456 γρ.

210 2460 294 2491 soli:
320 2461 423 2492 οὐδενὶ
443 2460 466 2491 S
482 2472 536 2500 γρ.
552 2458 604 2489 A:
631 2462 664 2491 ἐν
681 2460 783 2491 οὐδενὶ
804 2459 828 2490 L
845 2459 869 2490 F
887 2459 977 2499 vulg.
1355 2499 1416 2533 18*

1578 159 1703 214 [290]

1580 426 1642 469 185

1582 919 1647 954 186

1575 1309 1684 1365 [291]

1578 1368 1642 1410 187

1579 1781 1644 1815 188

1578 2179 1644 2223 189
