1747 2844
177 114 263 167 mx]
400 119 544 155 ΠΕΡΙ
593 119 717 156 ΤΗΣ
766 118 1283 156 ΠΑΡΑΠΡΕΣΒΕΙΑΣ
1537 118 1651 173 [442]

176 228 334 262 στειλεν
366 223 463 274 ὑπὲρ
495 223 625 267 αὑτοῦ,
660 221 729 262 τὸν
763 222 1062 272 Νεοπτόλεμον,
1096 221 1165 262 τὸν
1199 221 1500 274 Ἀριστόδημον,
1545 261 1550 264 .

173 288 242 329 τὸν
283 291 562 341 Κτησιφῶντα·
617 287 750 338 ἐπειδὴ
791 287 823 327 δ’
861 287 1036 338 ἤλθομεν
1075 288 1125 328 ὡς
1164 288 1281 328 αὐτὸν
1319 289 1430 340 ἡμεῖς
1469 292 1504 330 οἱ
1535 262 1649 361 ὲῗὲίῧ]

175 354 380 407 πρέσβεις,
408 355 660 406 ἐμισθώσατο
685 356 758 405 μὲν
784 357 923 394 τοῦτον
948 353 1102 400 εὐθέως,
1131 356 1237 396 ὅπως
1262 360 1422 408 συνερεῖ
1444 357 1505 397 καὶ

175 425 476 474 συναγωνιεῖται
517 425 570 476 τῷ
612 425 736 475 μιαρῷ
781 419 1020 472 Φιλοκράτει
1063 420 1125 461 καὶ
1167 424 1244 461 τῶν
1286 423 1334 461 τὸ,
1376 423 1505 463 δίκαια

135 507 152 538 5
173 488 430 540 βουλομένων
456 484 592 539 [ἡμῶν]
623 487 810 539 πράττειν
841 487 1059 539 περιέσται,
1093 487 1325 541 συνέγραψε
1355 488 1388 528 δ’
1419 490 1503 530 ἐπι-

174 555 325 606 στολὴν
350 555 400 597 ὡς
423 555 535 606 ὑμᾶς,
555 553 581 611 ᾗ
604 553 765 606 μάλιστ’
785 553 833 595 ἂν
858 554 953 610 ᾤετο
977 556 1046 605 τῆς
1072 554 1228 607 εἰρήνης
1252 560 1398 609 τυχεῖν.
1458 555 1505 606 ἦν
1538 573 1604 610 317

174 621 207 662 δ’
234 621 347 662 οὐδὲν
370 624 525 673 μᾶλλον
555 621 643 673 μέγ’
670 621 771 676 αὐτῷ
805 621 888 661 καθ’
913 622 1020 673 ὑμῶν
1052 621 1132 662 οὐδ’
1159 623 1258 662 οὕτω
1288 622 1444 674 πρᾶξαι,
1472 625 1506 663 εἶ

171 688 223 740 μὴ
251 687 414 730 Φωκέας
440 689 594 729 ἀπολεῖ.
656 692 771 728 τοῦτο
797 688 830 729 δ’
850 689 919 730 οὐκ
943 687 992 738 ἦν
1017 689 1194 741 εὔπορον·
1235 691 1405 739 συνῆκτο
1430 691 1505 743 γὰρ

173 755 273 809 αὐτῷ
307 757 354 795 τὰ
388 754 609 808 πράγματα,
647 756 781 807 ὥσπερ
815 757 857 796 ἐκ
891 756 1025 809 τύχης,
1061 757 1116 798 εἰς
1150 755 1281 808 καιρὸν
1315 760 1503 803 τοιοῦτον,

113 837 153 862 10
172 821 267 862 ὥστ’
291 819 315 872 ἢ
347 824 469 873 μηδὲν
501 823 556 862 ὧν
590 822 773 873 ἐβούλετ’
805 822 903 863 εῖναι
937 822 1242 875 διαπράξασθαι,
1273 820 1296 873 ἢ
1330 824 1505 876 ἀνάγκην

172 888 273 929 εῖναι
321 889 555 942 ψεύσασθαι
606 890 870 942 κάπιορκῆσαι
920 891 981 930 καὶ
1030 890 1225 942 μάρτυρας
1273 893 1341 940 τῆς
1389 892 1506 931 αὑτοῦ

173 957 307 998 κακίας
326 956 475 998 πάντας
488 955 697 1006 (Έλληνας
719 957 782 997 καὶ
803 956 1035 1009 βαρβάρους
1056 956 1316 1007 ποιήσασθαι.
1378 959 1410 998 εἰ
1435 960 1506 1008 μὲν
1539 965 1605 1008 318

171 1025 248 1075 γὰρ
284 1022 546 1075 προσδέξαιτο
585 1023 749 1065 Φωκέας
788 1023 1020 1077 συμμάχους
1057 1023 1118 1064 καὶ
1153 1024 1238 1074 μεθ’
1274 1025 1381 1075 ὑμῶν
1417 1024 1507 1066 τοὺς

171 1090 309 1142 ὅρκους
339 1090 469 1132 αὐτοῖς
500 1091 680 1141 ἀποδοίη,
710 1091 800 1132 τοὺς
826 1090 922 1143 πρὸς
948 1090 1180 1133 Θετταλοὺς
1210 1091 1271 1131 καὶ
1299 1093 1506 1142 Θηβαίους

115 1171 150 1203 15
172 1158 309 1209 ὅρκους
343 1159 608 1209 παραβαίνειν
643 1157 755 1198 εὐθὺς
790 1159 1005 1210 ἀναγκαῖον
1038 1157 1097 1207 ἦν,
1134 1158 1189 1198 ὧν
1221 1162 1303 1200 τοῖς
1335 1160 1408 1209 μὲν
1436 1157 1506 1208 τὴν

172 1225 364 1265 Βοιωτίαν
408 1223 710 1277 συνεξαιρήσειν
755 1224 973 1276 ὠμωμόκει,
1018 1229 1101 1266 τοῖς
1142 1227 1183 1265 δὲ
1225 1224 1295 1275 τὴν
1335 1227 1506 1265 πυλαίαν

172 1290 535 1343 συγκαταστήσειν·
574 1293 606 1332 εἰ
632 1293 673 1332 δὲ
698 1291 749 1342 μὴ
772 1291 1051 1345 προσδέχοιτο,
1074 1292 1208 1344 ὥσπερ
1234 1291 1278 1332 οὐ
1304 1293 1503 1344 προσίετο,

171 1357 239 1397 οὐκ
265 1357 401 1399 ἐάσειν
419 1359 518 1410 ὑμᾶς
538 1360 751 1411 παρελθεῖν
773 1358 889 1399 αὐτὸν
908 1358 1056 1411 ἡγεῖτο,
1078 1359 1183 1398 ἀλλὰ
1208 1358 1430 1410 βοηθήσειν
1451 1360 1506 1401 εἰς

172 1425 322 1472 Πύλας,
345 1426 453 1477 ὅπερ,
473 1427 506 1466 εἰ
525 1425 577 1476 μὴ
598 1425 933 1477 παρεκρούσθητε,
957 1424 1161 1476 ἐποιήσατ’
1178 1425 1238 1465 ἄν·
1277 1427 1310 1466 εἰ
1330 1427 1370 1465 δὲ
1391 1429 1504 1465 τοῦτο

111 1506 149 1528 20
170 1490 336 1543 γένοιτο,
359 1492 427 1532 οὐκ
454 1493 599 1532 ἐνεῖναι
625 1494 838 1544 παρελθεῖν
866 1493 1080 1545 ἐλογίζετο.
1142 1493 1204 1532 καὶ
1230 1492 1331 1531 τοῦτ’
1351 1492 1394 1531 οὐ
1415 1492 1503 1544 παρ’
1537 1507 1605 1543 319

169 1557 307 1599 ἄλλων
326 1558 445 1600 αὐτὸν
466 1560 544 1600 ἔδει
565 1558 773 1606 πυθέσθαι,
795 1558 886 1599 ἀλλ’
907 1558 1024 1601 αὐτὸς
1042 1560 1195 1611 ὑπῆρχε
1213 1559 1360 1611 μάρτυς
1380 1561 1502 1613 ἑαυτῷ

168 1628 238 1665 τοῦ
270 1625 510 1679 πράγματος·
550 1627 615 1666 ὅτε
644 1628 719 1679 γὰρ
751 1625 914 1667 Φωκέας
948 1625 1143 1678 ἐκράτησε
1176 1625 1220 1665 τὸ
1253 1629 1407 1678 πρῶτον
1440 1627 1502 1667 καὶ

169 1691 368 1744 διέφθειρε
391 1692 480 1734 τοὺς
505 1692 638 1743 ξένους
664 1693 792 1733 αὐτῶν
819 1694 880 1733 καὶ
905 1692 974 1733 τὸν
998 1692 1217 1745 ἡγούμενον
1244 1693 1305 1732 καὶ
1332 1709 1499 1744 στρατη-

168 1759 300 1811 γοῦντ’
340 1759 604 1812 Ὀνόμαρχον,
646 1760 733 1800 τότε
775 1763 853 1800 τῶν
893 1762 1018 1800 ὄντων
1060 1760 1278 1812 ἀνθρώπων
1317 1759 1503 1801 ἁπάντων

111 1841 148 1871 25
169 1825 340 1872 οὐδενός,
380 1825 461 1866 οὔθ’
492 1825 696 1877 ’Έλληνος
734 1828 823 1867 οὔτε
862 1826 1086 1879 βαρβάρου,
1129 1829 1312 1866 Φωκευσι
1351 1826 1501 1877 βοηθη-

171 1909 315 1934 σαντος
351 1893 456 1942 πλην
488 1893 607 1944 ὑμῶν,
639 1893 713 1947 οὐχ
749 1895 856 1935 ὅπως
893 1896 1095 1946 παρῆλθεν
1129 1911 1152 1944 η
1186 1892 1413 1945 διεπράξαθ’
1448 1894 1503 1934 ὧι
1537 1892 1654 1946 [444]

170 1958 373 2010 ἐβουληθη
398 1976 436 2000 τι
460 1961 681 2012 παρελθών,
703 1960 794 2001 ἀλλ’
814 1961 903 2001 ουδὲ
923 1961 1200 2013 προσελθεῖν’
1184 1977 1303 2013 εγγυς
1321 1959 1500 2011 ε’δυνηθη.

169 2025 254 2082 ῃδει
287 2027 332 2077 δη
367 2030 521 2079 σαφῶς,
556 2027 676 2078 οἶμαι,
707 2027 811 2067 τουθ’
844 2029 904 2068 ὅτι
937 2031 1018 2073 νῦι,
1053 2027 1153 2078 ἡιίκ’
1185 2028 1398 2077 ἐστασίαζε
1430 2029 1501 2078 μὲν
1534 2046 1603 2079 320

171 2093 272 2148 αὐτῷ
302 2095 350 2133 τὰ
378 2096 607 2140 Θετταλῶν,
638 2094 698 2134 καὶ
725 2097 890 2147 Φεραῖοι
914 2099 1068 2146 πρῶτον
1095 2094 1139 2134 οὐ
1169 2094 1498 2144 συνηκολούθουν,

111 2175 151 2206 30
171 2161 404 2213 ἐκρατοῦντο
431 2163 471 2202 δὲ
493 2164 672 2212 Θηβαῖοι
699 2162 760 2202 καὶ
785 2161 917 2215 μάχην
938 2163 1105 2212 ἥττηντο
1133 2163 1194 2202 καὶ
1221 2163 1409 2213 τρόπαιον
1434 2161 1500 2202 ἀπ’

214 2279 232 2307 5
257 2270 345 2308 ἡμῶν
364 2269 388 2300 S
402 2269 426 2299 L
444 2269 534 2308 vulg.
550 2280 555 2299 :
581 2272 666 2309 ὑμῶν
682 2269 713 2299 Α
730 2281 736 2300 :
760 2270 837 2302 secl.
859 2270 966 2301 Cobet
1089 2280 1105 2308 7
1132 2269 1223 2302 οὐδὲν
1239 2275 1319 2301 ante
1337 2271 1401 2302 οὐδ’
1419 2271 1495 2302 add.

172 2312 306 2343 Dobree
483 2323 523 2343 22
550 2313 708 2354 ἐκράτησε
724 2315 762 2345 τὸ
780 2318 907 2355 πρῶτον
923 2314 954 2344 A
972 2326 977 2344 :
1008 2315 1045 2345 τὸ
1063 2316 1190 2355 πρῶτον
1208 2314 1365 2356 ἐκράτησε
1383 2313 1470 2353 vulg.
1493 2326 1500 2345 ;

172 2356 333 2395 ἐκτήσατο
350 2360 474 2398 πρῶτον
493 2356 515 2386 S
530 2356 569 2386 L¹
581 2356 611 2386 Y
624 2356 654 2386 O
830 2367 870 2395 24
898 2357 1046 2389 ἁπάντων
1063 2363 1140 2396 post
1158 2359 1327 2398 ἀνθρώπων
1346 2357 1369 2387 S
1386 2357 1474 2397 vulg.
1492 2370 1498 2388 :

169 2404 249 2430 ante
267 2400 435 2441 ἀνθρώπων
451 2399 502 2433 Α;
528 2410 592 2431 om.
612 2400 649 2429 L¹
668 2401 759 2440 (add.
776 2402 848 2431 ead.
871 2411 910 2431 m.
933 2407 967 2431 ut
986 2401 1131 2441 videtur)
1280 2410 1323 2439 3ο
1346 2401 1455 2441 μάχην
1474 2401 1497 2431 S

172 2443 207 2474 1)
222 2443 252 2473 Y
265 2442 314 2475 O:
340 2443 429 2485 μάχῃ
447 2443 533 2482 vulg.
554 2453 560 2473 :
585 2442 673 2485 μάχῃ
691 2456 727 2476 τε
746 2443 772 2473 Ρ
