1747 2844
166 133 233 189 xv]
304 139 447 176 ΠΕΡΙ
496 138 618 176 ΤΗΣ
666 137 906 176 ΡΟΔΙΩΝ
955 136 1351 175 ΕΛΕΎΘΕΡΙΑΣ

167 242 243 294 ἐγὼ
263 241 351 294 γάρ,
373 242 406 282 εἰ
425 241 622 292 βασιλεὺς
642 240 731 292 παρ’
751 239 868 280 αὑτὸν
885 241 981 280 ὅντα
997 256 1047 291 με
1066 238 1300 290 σύμβουλον
1320 243 1484 287 ποιοῖτο,

164 307 271 349 ταῦτ’
297 307 345 348 ἂν
370 308 472 363 αὐτῷ
498 306 774 360 παραινέσαιμ’
799 305 898 357 ἅπερ
922 306 1025 356 ὑμῖν,
1050 306 1147 357 ὑπὲρ
1171 307 1243 356 μὲν
1267 309 1344 345 τῶν
1371 307 1487 346 αὑτοῦ

164 378 365 426 πολεμεῖν,
399 373 467 415 ἐάν
498 391 557 416 τις
589 375 815 414 ἐναντιῶται
845 375 924 412 τῶν
951 370 1175 422 Ἑλλήνων,
1205 372 1260 411 ὧν
1293 374 1334 412 δὲ
1365 375 1487 424 μηδὲν

164 441 266 496 αὐτῷ
286 439 490 493 προσήκει,
508 440 655 481 τούτων
673 438 762 490 μηδ’
779 439 1068 479 ἀντιποιεῖσθαι
1086 437 1158 488 τὴν
1174 436 1312 491 ἀρχήν.
1362 440 1396 478 εἰ
1414 441 1486 490 μὲν

125 525 142 558 5
164 508 231 548 οῦν
261 508 363 550 ὅλως
393 506 594 559 ἐγνώκατ’,
621 503 650 545 ὦ
679 505 816 557 ἄνδρες
841 505 1058 555 Ἀθηναῖοι,
1085 504 1192 545 ὅσων
1217 504 1265 544 ἂν
1290 505 1487 555 βασιλεὺς

163 573 353 627 ἐγκρατὴς
377 573 536 626 γένηται
562 571 724 625 φθάσας
752 568 774 622 ἢ
801 570 1175 623 παρακρουσάμενός
1204 587 1312 612 τινας
1341 575 1419 611 τῶν
1444 573 1486 612 ἐν

162 645 247 682 ταῖς
267 641 426 687 πόλεσι,
447 641 710 692 παραχωρεῖν,
732 637 776 678 οὐ
796 641 924 679 καλῶς
949 638 1158 690 ἐγνώκατε,
1181 637 1232 679 ὡς
1257 639 1335 689 ἐγὼ
1356 639 1484 690 κρίνω·

162 709 197 748 εἰ
232 705 264 747 δ’
296 708 393 758 ὑπὲρ
425 709 501 746 τῶν
535 705 692 745 δικαίων
725 706 787 745 καὶ
819 708 1022 755 πολεμεῖν,
1057 703 1105 744 ἂν
1137 704 1274 744 τούτου
1307 703 1387 761 δέῃ,
1424 705 1485 745 καὶ

161 773 335 826 πάσχειν
355 773 483 813 ὁτιοῦν
502 773 636 812 οἴεσθε
659 773 815 824 χρῆναι,
836 774 992 823 πρῶτον
1015 773 1088 823 μὲν
1107 772 1197 822 ὑμῖν
1215 770 1332 821 ἦττον
1351 771 1485 822 δεήσει

103 857 141 880 10
160 840 321 885 τούτων,
362 840 443 894 ὅσῳ
485 838 533 879 ἂν
570 841 728 889 μᾶλλον
766 838 981 890 ἐγνωκότες
1023 836 1091 888 ἣτε
1128 840 1260 883 ταῦτα,
1301 837 1422 879 ἔπειθ’
1460 838 1486 879 ἃ

160 905 350 958 προσήκει
375 908 537 958 φρονεῖν
561 903 707 955 δόξετε.

219 972 315 1013 ’Ότι
339 972 371 1012 δ’
398 972 511 1012 οὐδὲν
536 971 669 1011 καινὸν
695 970 773 1012 οὔτ’
799 971 876 1023 ἐγὼ
900 970 1007 1023 λέγω
1033 973 1100 1012 νῦν
1126 971 1295 1012 κελεύων
1313 970 1485 1013 Ῥοδίους

161 1040 404 1090 ἐλευθεροῦν,
420 1037 501 1079 οὔθ’
516 1039 634 1089 ὑμεῖς,
649 1037 698 1078 ἂν
715 1037 906 1089 πεισθῆτέ
920 1054 999 1089 μοι,
1013 1036 1211 1088 ποιήσετε,
1226 1042 1304 1078 τῶν
1319 1055 1482 1090 γεγενη-

159 1104 289 1155 μένων
313 1106 411 1156 ὑμᾶς
444 1121 481 1145 τι
512 1104 574 1144 καὶ
607 1105 933 1158 συνενηνοχότων
962 1103 1191 1155 ὑπομνήσω.
1261 1106 1370 1156 ὑμεῖς
1399 1104 1482 1155 ἐξε-

103 1187 139 1218 15
161 1171 346 1223 πέμψατε
380 1172 576 1222 Τιμόθεόν
612 1171 711 1218 ποτ’,
750 1169 780 1211 ὦ
817 1170 955 1223 ἄνδρες
990 1170 1204 1221 Ἀθηναῖοι,
1241 1170 1485 1222 βοηθήσοντ’

160 1237 463 1294 Ἀριοβαρζάνῃ,
502 1237 837 1290 προσγράψαντες
871 1241 922 1291 τῷ
957 1237 1189 1290 ψηφίσματι
1225 1237 1301 1288 ’μὴ
1339 1238 1485 1279 λύοντα

160 1306 229 1346 τὰς
258 1306 434 1346 σπονδὰς
466 1306 536 1346 τὰς
564 1303 660 1356 πρὸς
690 1303 757 1344 τὸν
786 1303 993 1355 βασιλέα.’
1064 1304 1154 1344 ἰδὼν
1185 1303 1216 1343 δ’
1242 1305 1388 1347 ἐκεῖνος
1415 1304 1484 1345 τὸν

158 1372 231 1420 μὲν
255 1370 568 1423 Ἀριοβαρζάνην
594 1373 774 1422 φανερῶς
799 1371 1015 1422 ἀφεστῶτα
1039 1369 1257 1421 βασιλέως,
1285 1370 1418 1422 Σάμον
1442 1373 1484 1413 δὲ

160 1436 456 1489 φρουρουμένην
491 1436 565 1478 ὑπὸ
604 1436 910 1489 Κυπροθέμιδος,
949 1436 994 1477 ὃν
1031 1436 1255 1487 κατέστησε
1285 1437 1484 1490 Τιγράνης

100 1503 179 1543 2οὸ
207 1503 414 1554 βασιλέως
441 1504 630 1558 ὕπαρχος,
663 1507 715 1558 τῷ
745 1505 818 1554 μὲν
851 1503 1008 1556 ἀπέγνω
1043 1502 1095 1554 μὴ
1128 1507 1304 1554 βοηθεῖν,
1339 1503 1410 1554 τὴν
1443 1506 1485 1545 δὲ

158 1571 521 1622 προσκαθεζόμενος
554 1571 617 1611 καὶ
649 1569 859 1621 βοηθήσας
883 1569 1146 1623 ἠλευθέρωσε·
1186 1570 1247 1611 καὶ
1275 1569 1393 1624 μέχρι
1416 1573 1484 1621 τῆς

157 1636 324 1690 τήμερον
342 1637 489 1690 ἡμέρας
513 1638 558 1679 οὐ
582 1637 746 1690 γέγονεν
765 1638 939 1689 πόλεμος
965 1639 1028 1678 διὰ
1051 1636 1159 1678 ταῦθ’
1178 1638 1280 1688 ὑμῖν.
1340 1637 1384 1677 οὐ
1409 1639 1485 1689 γὰρ

158 1704 301 1754 ὁμοίως
333 1704 459 1746 οὐδεὶς
482 1704 580 1757 ὑπέρ
604 1721 646 1745 τε
675 1708 743 1745 τοῦ
772 1707 1025 1746 πλεονεκτεῖν
1054 1702 1319 1756 πολεμήσειεν
1347 1702 1396 1745 ἂν
1422 1704 1484 1744 καὶ

157 1774 236 1811 τῶν
256 1773 407 1818 ἑαυτοῦ,
428 1771 520 1812 ἀλλ’
538 1773 635 1824 ὑπὲρ
654 1774 725 1823 μὲν
744 1772 799 1813 ὧν
819 1773 1074 1812 ἐλαττοῦνται
1097 1770 1214 1824 μέχρι
1232 1774 1301 1811 τοῦ
1321 1773 1484 1811 δυνατοῦ

99 1852 137 1885 25
158 1836 303 1880 πάντες
327 1842 582 1889 πολεμοῦσιν,
602 1840 698 1891 ὑπὲρ
719 1841 760 1880 δὲ
778 1842 846 1879 τοῦ
870 1841 1123 1879 πλεονεκτεῖν
1143 1837 1216 1891 οὐχ
1234 1838 1366 1884 οὕτως,
1388 1837 1480 1878 ἀλλ’

157 1904 336 1956 ἐφίενται
359 1904 444 1956 μέν,
467 1904 535 1946 ἐάν
554 1922 612 1947 τις
631 1907 687 1961 ἐᾷ,
710 1907 779 1947 ἐὰν
798 1908 840 1947 δὲ
861 1907 1103 1952 κωλυθῶσιν,
1125 1904 1238 1946 οὐδὲν
1257 1903 1481 1954 ἠδικηκέναι

156 1971 247 2012 τοὺς
272 1971 575 2014 ἐναντιωθέντας
600 1972 729 2015 αὐτοῖς
752 1973 949 2026 ἡγοῦνται.

216 2036 310 2079 ’Ότι
340 2038 372 2078 δ’
398 2038 477 2079 οὐδ’
501 2038 549 2080 ἂν
575 2040 859 2091 ἐναντιωθῆναί
887 2057 954 2092 μοι
986 2042 1094 2081 δοκεῖ
1119 2044 1166 2096 τῇ
1190 2036 1329 2091 πράξει
1357 2037 1478 2093 ταύτῃ

156 2107 224 2145 νῦν
243 2104 474 2158 Ἀρτεμισία
497 2108 566 2156 τῆς
591 2107 745 2150 πόλεως
770 2107 891 2159 οὔσης
915 2108 979 2149 ἐπὶ
1003 2111 1081 2149 τῶν
1100 2105 1353 2159 πραγμάτων,
1373 2103 1477 2157 μίκρ’

199 2224 218 2244 2
242 2216 334 2247 ταῦτ’
352 2215 488 2247 Baiter:
512 2217 605 2249 ταῦτ’
622 2216 718 2249 codd.
877 2219 899 2248 6
920 2219 940 2257 ἢ
959 2217 1046 2250 SA:
1071 2218 1121 2249 καὶ
1138 2216 1228 2256 vulg.
1394 2215 1414 2245 8
1436 2228 1476 2256 ’γε

157 2262 233 2296 post
249 2258 327 2301 ὑπὲρ
342 2260 417 2291 add.
436 2259 525 2299 vulg.
544 2270 551 2290 z
575 2270 639 2291 om.
659 2260 683 2291 S
699 2260 791 2292 solus
930 2272 952 2301 9
975 2263 1080 2294 ὁτιοῦν
1099 2260 1183 2292 SA:
1209 2262 1315 2292 ὁτιοῦν
1331 2260 1368 2292 ἂν
1384 2258 1475 2298 vulg.

160 2310 199 2331 10
222 2302 259 2333 ἃν
274 2307 352 2333 ante
368 2305 498 2342 μᾶλλον
515 2302 581 2334 SA
593 2303 700 2335 FYO
716 2316 723 2335 ε
747 2308 823 2344 post
838 2307 966 2344 μᾶλλον
983 2305 1070 2344 vulg.
1187 2313 1225 2343 17
1250 2304 1307 2335 τὸν
1321 2307 1399 2333 ante
1416 2306 1475 2340 βα-

157 2343 251 2376 σιλέα
265 2355 329 2375 om.
348 2346 438 2385 vulg.
457 2357 463 2376 :
488 2347 564 2377 add.
583 2346 657 2387 SA,
678 2347 716 2377 cs.
738 2348 796 2378 xiv
813 2358 833 2378 2
920 2359 963 2379 20
984 2349 1028 2388 μὴ
1045 2357 1110 2379 om.
1126 2347 1157 2378 A
1247 2357 1284 2377 21
1311 2347 1475 2385 βοηθήσας

157 2386 180 2416 S
191 2386 282 2418 AY:
306 2390 494 2428 πολεμήσας
510 2390 599 2429 vulg.
778 2401 819 2429 24
844 2391 886 2424 ὧν
903 2390 1131 2433 ἐλαττοῦνται]
1149 2389 1192 2423 ὧν
1213 2391 1251 2423 ἂν
1274 2393 1474 2422 ἐλαττῶνται

156 2429 320 2461 Stobaeus
339 2431 424 2463 Flor.
445 2433 490 2463 liv
506 2442 548 2472 33

1518 136 1625 191 [192]

1514 1374 1623 1429 [193]

1518 1588 1561 1614 10

1513 2054 1550 2080 11
