1763 2828
113 120 216 174 [241]

676 119 1161 158 ΔΗΜΟΣΘΕΝΟΎΣ
1458 124 1577 170 [Χνιιι

173 233 219 274 48
250 223 545 276 προπηλακίζει.
619 227 803 265 σκοπεῖτε
834 223 888 264 δέ·
911 224 990 264 ,καὶ
1021 225 1095 275 γὰρ
1120 224 1153 264 εἰ
1183 222 1422 276 παρελήλυθ’
1452 226 1472 265 ὁ
1501 229 1579 267 τῶν

102 629 214 684 [242]

169 840 217 875 49

172 1312 218 1350 50

174 1716 214 1753 51

249 290 489 344 πραγμάτων
521 292 665 344 καιρός,
698 291 718 330 ὁ
748 294 814 332 τοῦ
844 289 880 343 γ’
911 289 1056 331 εἰδέναι
1085 292 1134 330 τὰ
1162 293 1323 331 τοιαῦτα
1357 291 1487 343 καιρὸς
1519 292 1579 333 ἀεὶ

247 357 414 410 πάρεστι
444 362 525 401 τοῖς
559 358 600 399 εὖ
631 362 838 411 φρονοῦσι.
909 357 1027 411 μέχρι
1055 357 1193 398 τούτου
1223 357 1431 408 Λασθένης
1461 360 1580 411 φίλος

247 424 482 478 ὠνομάζετο,
503 426 575 467 ἕως
591 425 1042 477 προῦδωκεν”Ολυνθον·
1079 424 1196 477 μέχρι
1212 424 1351 465 τούτου
1365 425 1578 475 Τιμόλαος,

247 492 319 534 ἕως
355 493 542 533 ἀπώλεσε
581 491 737 543 Θήβας·
776 492 893 546 μέχρι
931 492 1070 532 τούτου
1106 492 1268 533 Εὔδικος
1307 492 1367 531 καὶ
1404 494 1524 543 Σῖμος
1559 493 1580 532 ὁ

248 563 476 611 Λαρισαῖος,
517 559 588 601 ἕως
626 560 853 600 Θετταλίαν
889 559 965 599 ὑπὸ
1003 560 1192 613 Φιλίππῳ
1233 560 1438 609 ἐποίησαν.
1511 559 1580 599 εἶτ’

248 626 520 677 ἐλαυνομένων
548 627 609 666 καὶ
635 625 905 678 ὑβριζομένων
933 626 994 666 καὶ
1018 627 1058 666 τί
1082 626 1198 666 κακὸν
1225 626 1314 679 οὐχὶ
1338 626 1580 678 πασχόντων

245 693 341 734 ‘nster’
377 693 399 743 ἡ
437 692 642 743 οἰκουμένη
678 693 804 743 μεστὴ
842 692 1020 745 γέγονεν.
1096 695 1138 734 τί
1173 693 1205 732 δ’
1241 693 1498 745 Ἀρίστρατος
1537 694 1580 734 ἐν

248 763 426 805 Σικυῶνι,
454 760 516 800 καὶ
546 760 585 800 τί
613 759 814 811 Πέριλλος
845 761 886 800 ἐν
917 759 1139 813 Μεγάροις;
1179 761 1247 801 οὐκ
1278 759 1577 812 ἀπερριμμένοι;

246 826 292 877 ἐξ
318 828 372 866 ὧν
403 826 464 867 καὶ
498 826 721 879 σαφέστατ’
753 826 801 866 ἄν
831 843 890 869 τις
920 828 994 867 ’ίδοι
1024 827 1084 867 ὅτι
1114 828 1133 866 ὁ
1163 826 1340 878 μάλιστα
1366 826 1579 879 φυλάττων

245 893 316 943 τὴν
336 894 453 934 αὑτοῦ
473 894 638 945 πατρίδα
659 893 720 933 καὶ
740 892 897 934 πλεῖστ’
915 892 1137 945 ἀντιλέγων
1155 893 1320 940 τούτοις,
1343 893 1455 936 οὗτος
1474 895 1576 945 ὑμῖν,

247 961 432 1014 Αἰσχίνη,
454 963 535 1003 τοῖς
559 963 790 1013 προδιδοῦσι
817 961 878 1001 καὶ
903 963 1192 1012 μισθαρνοῦσιν
1218 960 1263 1001 τὸ
1289 960 1397 1013 ἔχειν
1418 960 1482 1012 ἐφ’
1502 961 1577 1016 ὅτῳ

246 1026 542 1079 δωροδοκήσετε
571 1031 778 1079 περιποιεῖ,
807 1027 870 1067 καὶ
900 1029 963 1068 διὰ
995 1026 1085 1070 τοὺς
1115 1027 1291 1070 πολλοὺς
1321 1027 1486 1068 τουτωνὶ
1517 1028 1578 1068 καὶ

245 1095 335 1137 τοὺς
368 1093 679 1146 ἀνθισταμένους
708 1097 789 1136 τοῖς
821 1093 1022 1147 ὑμετέροις
1055 1093 1313 1145 βουλήμασιν
1346 1095 1455 1145 ὑμεῖς
1487 1095 1579 1136 ἐστὲ

246 1165 344 1217 σῷοι
375 1162 437 1202 καὶ
464 1162 662 1213 ἔμμισθοι,
690 1161 775 1202 ἐπεὶ
800 1160 863 1202 διά
888 1160 925 1213 γ’
951 1162 1050 1212 ὑμᾶς
1075 1161 1216 1205 αὐτοὺς
1241 1160 1366 1202 πάλαι
1395 1160 1444 1202 ἂν
1469 1162 1577 1202 ἀπω-

245 1229 425 1270 λώλειτε.

315 1296 392 1336 Καὶ
412 1296 499 1348 περὶ
518 1298 590 1347 μὲν
605 1299 684 1337 τῶν
700 1296 789 1337 τότε
805 1295 1065 1350 πραχθέντων
1081 1296 1186 1350 ἔχων
1202 1296 1258 1337 ἔτι
1275 1298 1409 1338 πολλὰ
1428 1295 1577 1349 λέγειν,

248 1364 310 1404 καὶ
343 1362 450 1404 ταῦθ’
480 1363 648 1416 ἡγοῦμαι
680 1364 804 1404 πλείω
838 1367 916 1404 τῶν
950 1365 1093 1405 ἱκανῶν
1127 1365 1319 1416 εἰρῆσθαι.
1391 1365 1514 1406 αἴτιος
1547 1363 1579 1404 δ’

247 1431 372 1477 οὗτος,
394 1430 529 1483 ὥσπερ
550 1432 823 1483 ἑωλοκρασίαν
841 1430 929 1471 τινά
953 1448 1027 1482 μου
1046 1433 1116 1482 τῆς
1135 1432 1324 1483 πονηρίας
1346 1433 1417 1482 τῆς
1443 1433 1580 1471 ἑαυτοῦ

249 1498 311 1538 καὶ
343 1502 421 1538 τῶν
451 1497 700 1548 ἀδικημάτων
735 1497 1046 1544 κατασκεδάσας,
1077 1496 1126 1548 ἢν
1160 1498 1376 1550 ἀναγκαῖον
1405 1497 1453 1549 ἦν
1482 1497 1579 1550 πρὸς

248 1564 338 1606 τοὺς
372 1564 584 1618 νεωτέρους
612 1568 688 1605 τῶν
716 1564 1003 1617 πεπραγμένων
1029 1564 1325 1605 ἀπολύσασθαι.
1397 1565 1576 1617 παρηνώ-

247 1635 405 1685 χλησθε
439 1631 472 1672 δ’
505 1633 602 1673 ἴσως
635 1633 671 1673 οἱ
705 1632 767 1672 καὶ
801 1632 892 1683 πρὶν
924 1631 982 1682 ἔμ’
1017 1633 1141 1672 εἰπεῖν
1175 1633 1304 1672 ὁτιοῦν
1333 1632 1479 1674 εἰδότες
1507 1631 1579 1682 τὴν

248 1699 388 1740 τούτου
412 1699 501 1740 τότε
524 1700 777 1750 μισθαρνίαν.
838 1698 962 1739 καίτοι
982 1699 1123 1751 φιλίαν
1148 1716 1195 1752 γε
1222 1700 1282 1739 καὶ
1308 1698 1440 1749 ξενίαν
1459 1698 1582 1749 αὐτὴν

249 1765 442 1817 ὀνομάζει,
467 1766 528 1806 καὶ
553 1769 620 1806 νῦν
641 1765 727 1807 εἶπέ
751 1782 825 1806 που
850 1765 981 1818 λέγων
1003 1768 1012 1784 ‘
1029 1767 1049 1804 ὁ
1068 1766 1139 1816 τὴν
1158 1764 1423 1818 Ἀλεξάνδρου
1448 1765 1580 1816 ξενίαν

249 1834 447 1883 ὀνειδίζων
465 1832 578 1884 ἐμοί.’
626 1833 702 1885 ἐγώ
721 1849 786 1872 σοι
807 1832 939 1884 ξενίαν
954 1832 1237 1884 Ἀλεξάνδρου;
1272 1833 1392 1873 πόθεν
1408 1833 1580 1884 λαβόντι

248 1896 272 1950 ἢ
310 1904 392 1942 πῶς
428 1899 652 1951 ἀξιωθέντι;
691 1900 779 1940 οὔτε
816 1901 1020 1941 Φιλίππου
1056 1899 1170 1950 ξένον
1207 1899 1286 1940 οὔτ’
1316 1897 1579 1951 Ἀλεξάνδρου

251 1968 372 2020 φίλον
393 1967 536 2019 εἴποιμ’
555 1966 603 2008 ἂν
629 1967 706 2019 ἐγώ
734 1984 793 2014 σε,
816 1967 889 2020 οὐχ
915 1968 1013 2007 οὕτω
1039 1968 1238 2018 μαίνομαι,
1267 1968 1300 2007 εἰ
1324 1967 1377 2018 μὴ
1404 1967 1466 2007 καὶ
1491 1967 1580 2008 τοὺς

293 2089 313 2116 4
345 2082 420 2117 post
445 2076 626 2116 ὠνομάζετο
649 2077 726 2108 add.
744 2077 900 2108 Φιλίππου
925 2076 950 2106 L
969 2077 1060 2116 vulg.
1079 2089 1085 2107 :
1116 2077 1262 2117 Φιλίππῳ
1281 2076 1305 2108 S
1321 2086 1393 2118 γρ.τ
1430 2086 1493 2107 om.
1514 2075 1580 2106 SY

249 2121 408 2161 Τιμόλαος
425 2121 535 2160 codd„
553 2121 594 2152 cs.
615 2123 630 2158 ξ
649 2128 731 2160 295:
756 2119 897 2159 Τιμόλας
914 2121 988 2150 edd.
1008 2121 1161 2160 plerique
1328 2129 1348 2159 5
1371 2118 1504 2159 τούτου]
1522 2131 1581 2151 του

249 2170 298 2209 5¹,
317 2169 409 2200 unde
425 2167 523 2209 μέχρι
541 2169 597 2199 τοῦ
610 2189 617 2197 .
635 2189 642 2197 .
658 2180 669 2203 ‚-
694 2164 881 2205 Markland,
902 2165 956 2196 hic
975 2169 1009 2196 et
1027 2176 1130 2205 supra
1146 2165 1198 2196 bis
1309 2174 1327 2204 7
1352 2166 1449 2198 κακὸν
1465 2165 1581 2196 codd.:

247 2217 352 2246 κακῶν
369 2212 471 2244 Blass
489 2210 563 2243 coll.
582 2210 641 2241 xix
656 2219 729 2249 201,
750 2218 819 2239 xxv
836 2218 879 2247 50
1040 2210 1060 2239 8
1085 2212 1251 2251 προδοτῶν
1267 2214 1344 2250 post
1358 2209 1498 2251 γέγονεν
1515 2219 1582 2241 om.

251 2260 276 2291 S
292 2261 384 2291 solus
553 2270 574 2299 9
599 2258 756 2300 Πέριλλος
775 2257 990 2297 Harpocran„
1009 2258 1123 2297 phot„
1142 2258 1235 2289 Suid.
1252 2269 1259 2290 ε
1285 2257 1442 2299 Περίλαος
1459 2257 1555 2288 codd.
1573 2269 1581 2289 ε

251 2304 388 2345 Περίλας
407 2304 543 2343 Lipsius
694 2311 731 2340 13
755 2302 889 2333 τουτωνὶ
907 2302 957 2333 καὶ
978 2302 1000 2332 S
1014 2302 1039 2332 L
1056 2313 1063 2332 t
1087 2301 1211 2333 τούτων
1226 2300 1258 2331 Α
1271 2301 1296 2331 F
1311 2302 1400 2340 vulg.
1417 2313 1424 2332 :
1448 2300 1581 2333 τούτους

251 2348 302 2379 καὶ
320 2347 360 2378 al.
512 2357 554 2377 20
577 2347 628 2378 καὶ
646 2348 710 2377 τῶν
727 2344 930 2384 ἀδικημάτων
946 2355 1009 2376 om.
1032 2345 1211 2385 Hermog„
1232 2344 1446 2384 Harpocrat.,
1464 2344 1555 2375 Suid.
1572 2355 1579 2375 :

252 2390 330 2422 secl.
352 2390 488 2421 Usener
665 2398 706 2419 22
731 2389 831 2421 εἷπεῖν
847 2393 925 2420 ante
948 2391 1055 2421 ὁτιοῦν
1077 2389 1101 2420 S
1117 2388 1182 2419 LA
1197 2398 1204 2419 :
1229 2393 1306 2428 post
1324 2390 1430 2420 ὁτιοῦν
1448 2387 1473 2418 F
1488 2387 1578 2426 vulg.

253 2443 292 2473 27
318 2433 415 2476 φίλον
431 2433 510 2465 secl.
532 2433 656 2463 Dissen

1602 843 1642 865 10

1603 1176 1640 1209 ¹5

1601 1512 1640 1534 20
