1747 2844
137 533 153 564 5

117 864 154 886 10

117 1196 154 1228 15

113 1596 153 1618 20

112 1867 148 1898 25

176 139 294 192 xvm]
488 143 631 180 ΠΕΡΙ
678 141 800 179 TOT
848 141 1178 179 ΣΤΕΦΑΝΟΎ

174 245 395 297 ἐπιστήσας
433 247 668 298 ἐπολιόρκει.
738 246 886 286 τούτων
925 247 965 284 δὲ
1005 243 1249 295 γιγνομένων
1287 243 1309 281 ὅ
1346 258 1382 281 τι
1419 243 1490 291 μὲν

174 316 350 365 προσῆκε
389 317 515 354 ποιεῖν
553 315 664 364 ὑμᾶς,
703 312 771 353 οὐκ
806 309 1054 363 ἐπερωτήσω·
1106 312 1227 360 δῆλον
1265 308 1340 361 γάρ
1379 309 1491 348 ἐστιν

174 380 337 421 ἅπασιν.
409 381 515 420 ἀλλὰ
556 381 614 422 τίς
652 378 698 429 ἦν
737 380 757 418 6
794 376 1004 430 βοηθήσας
1044 380 1126 417 τοῖς
1165 375 1390 425 Βυζαντίοις
1431 374 1491 413 καὶ

175 447 312 489 σώσας
347 447 505 493 αὐτούς,·
543 447 602 487 τίς
636 447 656 485 6
694 445 875 486 κωλύσας
923 443 991 483 τὸν
1027 442 1336 494 Ἑλλήσποντον
1372 441 1492 480 ἀλλο-

174 515 382 565 τριωθῆναι
400 513 482 552 κατ’
494 514 663 553 ἐκείνους
679 511 768 553 τοὺς
783 511 948 564 χρόνους
955 527 967 557 ,·
989 511 1109 561 ὑμεῖς,
1123 508 1260 561 ἄνδρες
1276 508 1489 558 Ἀθηναῖοι.

174 579 218 619 τὸ
244 579 278 619 δ’
301 581 411 631 ὑμεῖς
435 580 530 619 ὅταν
553 578 672 631 λέγω,
700 577 770 628 τὴν
797 578 915 618 πόλιν
939 575 1059 629 λέγω.
1120 577 1177 618 τίς
1202 575 1234 616 δ’
1261 575 1281 614 6
1305 575 1351 631 τῇ
1377 574 1493 614 πόλει

173 646 305 699 λέγων
330 646 392 686 καὶ
424 645 591 699 γράφων
623 645 684 685 καὶ
715 644 894 697 πράττων
926 643 988 684 καὶ
1019 645 1153 685 ἁπλῶς
1187 641 1325 683 ἑαυτὸν
1358 642 1412 682 εἷς
1444 643 1493 681 τὰ

174 711 370 765 πράγματ’
411 713 583 765 ἀφειδῶς
631 711 739 758 δούς;
794 711 885 763 ἐγώ.
957 711 1062 751 ἀλλὰ
1110 709 1185 761 μὴν
1225 709 1344 760 ἡλίκα
1385 707 1491 747 ταῦτ’

174 779 387 832 ὠφέλησεν
420 778 607 825 ἅπαντας,
641 777 767 819 οὐκέτ’
792 779 834 818 ἐκ
867 781 934 818 τοῦ
965 778 1087 829 λόγου
1125 779 1185 816 δεῖ
1214 778 1365 827 μαθεῖν,
1401 774 1493 814 ἀλλ’

173 845 274 900 ἔργῳ
314 846 568 897 πεπείρασθε·
619 847 639 885 ὁ
678 847 752 897 γὰρ
788 844 869 885 τότ’
906 845 1048 885 ἐνστὰς
1085 844 1256 894 πόλεμος
1298 841 1390 882 ἄνευ
1424 844 1494 880 τοῦ

176 912 298 963 καλὴν
323 912 442 962 δόξαν
469 915 646 964 ἐνεγκεῖν
671 914 713 952 ἐν
737 915 836 952 πᾶσι
860 915 942 952 τοῖς
969 911 1065 951 κατὰ
1089 909 1158 950 τὸν
1189 910 1283 960 βίον
1308 909 1490 960 ἀφθονω-

174 978 301 1030 τέροις
341 980 403 1019 καὶ
440 978 691 1031 εὐωνοτέροις
726 981 861 1031 διῆγεν
897 979 995 1028 ὑμᾶς
1030 978 1098 1026 τῆς
1134 979 1203 1017 νῦν
1241 973 1408 1027 εἰρήνης,
1446 972 1494 1023 ἢν

175 1045 281 1086 οὗτοι
307 1046 403 1085 κατὰ
430 1048 498 1095 τῆς
524 1047 709 1097 πατρίδος
729 1048 915 1097 τηροῦσιν
941 1046 977 1084 οἱ
1001 1044 1183 1096 χρηστοί,
1206 1042 1269 1082 ἐπὶ
1287 1044 1372 1082 ταῖς
1395 1045 1491 1091 μελ-

174 1112 340 1153 λούσαις
365 1113 539 1158 ἐλπίσιν,
565 1113 619 1152 ὧν
649 1110 907 1163 διαμάρτοιεν,
938 1111 999 1150 καὶ
1028 1108 1269 1162 μετάσχοιεν
1299 1108 1354 1147 ὧν
1386 1107 1494 1157 ὑμεῖς

175 1180 210 1219 οἱ
235 1179 283 1218 τὰ
307 1177 506 1229 βέλτιστα
531 1179 771 1229 βουλόμενοι
790 1177 879 1219 τοὺς
899 1177 1010 1219 θεοὺς
1030 1177 1186 1222 αἰτεῖτε,
1213 1174 1263 1226 μὴ
1289 1176 1494 1225 μεταδοῖεν

173 1246 264 1295 ὑμῖν
292 1246 347 1285 ὧν
376 1245 484 1286 αὐτοὶ
518 1246 770 1302 προῄρηνται.
842 1243 946 1296 Λέγε
979 1242 1011 1283 δ’
1038 1242 1168 1284 αὐτοῖς
1202 1242 1263 1281 καὶ
1296 1240 1384 1281 τοὺς
1416 1243 1495 1279 τῶν

175 1312 395 1361 Βυζαντίων
432 1311 655 1364 στεφάνους
691 1311 752 1351 καὶ
784 1311 874 1352 τοὺς
907 1315 983 1351 τῶν
1017 1308 1250 1361 Περινθίων,
1290 1308 1347 1349 οἷς
1381 1308 1493 1347 ἐστε-

173 1377 326 1430 φάνουν
351 1380 393 1419 ἐκ
417 1379 564 1419 τούτων
589 1378 660 1428 τὴν
685 1379 816 1418 πόλιν.

604 1506 792 1535 ΨΗΦῙΣΜΑ
824 1506 1060 1533 ΒΤΖΑΝΤΙΩΝ.

224 1580 321 1633 [Ἐπὶ
346 1583 606 1632 ἱερομνάμονος
630 1579 855 1631 Βοσπορίχω
876 1579 1102 1629 Δαμάγητος
1122 1580 1159 1616 ἐν
1177 1579 1225 1628 τᾷ
1248 1576 1335 1626 ἁλίᾳ
1359 1575 1492 1621 ἔλεξεν,

171 1640 209 1675 ἐκ
237 1640 301 1677 τᾶς
329 1637 458 1685 βωλᾶς
488 1637 620 1684 λαβὼν
647 1636 794 1685 ῥήτραν·
834 1633 957 1683 ἐπειδὴ
987 1634 1006 1671 ὃ
1036 1633 1148 1681 δᾶμος
1177 1633 1196 1669 ὃ
1225 1630 1428 1669 Ἀθαναίων
1458 1630 1495 1668 ἕν

169 1709 209 1730 τε
236 1694 311 1731 τοῖς
339 1691 623 1743 προγεναμένοις
657 1691 793 1738 καιροῖς
821 1689 970 1726 εὐνοέων
999 1687 1159 1725 διατελεῖ
1190 1685 1400 1732 Βυζαντίοις
1435 1684 1494 1721 καὶ

169 1747 244 1786 τοῖς
258 1746 469 1795 συμμάχοις
486 1745 544 1782 καὶ
564 1744 763 1796 συγγενέσι
777 1742 984 1792 Περινθίοις
1005 1742 1063 1779 καὶ
1082 1741 1228 1780 πολλὰς
1249 1740 1308 1777 καὶ
1326 1740 1493 1790 μεγάλας

168 1801 292 1851 χρείας
323 1800 567 1850 παρέσχηται,
598 1799 635 1836 ἔν
661 1815 701 1836 τε
733 1801 783 1849 τῷ
816 1796 1065 1847 παρεστακότι
1095 1798 1204 1845 καιρῷ
1237 1794 1410 1832 Φιλίππω
1444 1796 1492 1830 τῶ

170 1854 381 1894 Μακεδόνος
410 1854 764 1903 ἐπιστρατεύσαντος
794 1852 852 1890 ἐπὶ
880 1852 946 1889 τὰν
974 1851 1097 1902 χώραν
1124 1849 1184 1887 καὶ
1210 1850 1277 1887 τὰν
1302 1848 1412 1886 πόλιν
1439 1847 1493 1884 ἐπ’

170 1910 373 1947 ἀναστάσει
400 1908 605 1954 Βυζαντίων
626 1908 685 1944 καὶ
711 1906 912 1956 Περινθίων
933 1906 992 1943 καὶ
1014 1907 1082 1943 τὰν
1104 1904 1226 1955 χώραν
1246 1903 1407 1942 δαίοντος
1434 1902 1493 1939 καὶ

169 1963 501 2013 δενδροκοπέοντος,
528 1961 726 2011 βοαθήσας
753 1961 898 2001 πλοίοις
924 1961 1053 1998 ἑκατὸν
1080 1959 1140 1996 καὶ
1168 1958 1284 1996 εἴκοσι
1314 1957 1373 1994 καὶ
1401 1956 1491 2006 σίτῳ

214 2076 233 2096 2
257 2068 313 2098 οὐκ
330 2065 522 2107 ἐπερωτήσω
540 2064 564 2095 S
577 2065 603 2094 L
618 2076 624 2095 :
649 2063 750 2096 οὐκέτ’
766 2063 914 2105 ἐρωτήσω
928 2062 958 2092 Α
972 2063 996 2093 F
1009 2062 1111 2101 vulg.‚
1127 2062 1166 2093 cf.
1185 2064 1200 2098 ξ
1222 2071 1280 2099 104
1369 2061 1390 2090 6
1405 2058 1493 2100 λέγω

172 2110 257 2141 SL:
288 2112 364 2141 ε’ίπω
388 2109 477 2147 vulg.
613 2119 630 2147 7
662 2107 770 2140 ἁπλῶς
796 2107 859 2138 del.
881 2107 1085 2145 Rosenberg
1108 2111 1143 2136 ut
1168 2105 1292 2135 illatum
1318 2114 1360 2133 ex
1387 2105 1402 2138 ξ
1433 2112 1494 2141 179

170 2154 191 2183 8
215 2154 348 2193 ἀφειδῶς
365 2152 430 2183 del.
448 2152 583 2182 Dobree
715 2151 785 2183 δούς
803 2151 826 2181 S
841 2151 867 2180 L
882 2151 971 2189 vulg.
990 2162 996 2181 τ
1020 2149 1122 2181 διδούς
1138 2149 1169 2178 Α
1344 2157 1364 2186 9
1388 2146 1492 2178 οὐκέτ’

173 2197 197 2227 S
211 2197 276 2226 LA
293 2208 300 2226 :
324 2198 380 2227 οὐκ
400 2196 425 2225 F
440 2195 528 2234 vulg.
685 2205 722 2225 12
747 2197 856 2234 διῆγεν
875 2195 898 2225 S
914 2195 957 2225 L:
984 2193 1140 2234 διήγαγεν
1157 2196 1233 2222 cett.
1388 2200 1425 2228 14
1449 2189 1493 2228 μὴ

172 2246 250 2270 ante
267 2239 464 2280 μετάσχοιεν
485 2239 559 2269 add.
580 2237 690 2277 vulg.:
716 2248 780 2269 om.
800 2238 823 2268 S
837 2238 862 2268 L
879 2237 942 2269 soli
1122 2245 1158 2274 15
1183 2236 1226 2275 μὴ
1245 2234 1268 2264 S
1285 2246 1291 2264 :
1314 2232 1395 2273 μηδὲ
1412 2236 1489 2263 cett.

173 2293 214 2314 20
239 2286 271 2315 ἐν
287 2286 329 2325 τᾷ
345 2283 421 2324 ἁλίᾳ
438 2283 564 2321 Taylor
579 2293 585 2312 ε
611 2282 760 2313 ἐντεαλία
778 2281 801 2312 S
819 2281 907 2319 vulg.
1026 2290 1064 2309 21
1092 2278 1265 2310 Ἀθαναίων
1283 2276 1431 2307 Dindorf
1445 2276 1493 2316 (et

173 2326 272 2365 infra)
288 2338 294 2358 ζ
320 2326 493 2363 Ἀθηναίων
509 2326 607 2356 codd.
785 2335 826 2354 22
849 2323 1096 2365 προγεναμένοις
1114 2323 1136 2352 S
1152 2321 1188 2351 Fl
1199 2321 1228 2351 Y
1241 2321 1270 2351 O
1289 2330 1372 2350 corr.
1389 2331 1395 2349 ἰ
1421 2332 1494 2360 προ-

173 2369 355 2409 γενομένοις
374 2370 400 2400 L
416 2369 504 2408 vulg.
523 2380 530 2398 :
554 2367 839 2409 προγεγεναμένοις
857 2367 896 2398 G.
916 2367 961 2398 H.
982 2365 1146 2398 Schaeser
1265 2374 1305 2402 27
1331 2363 1492 2401 βοαθήσας

175 2413 272 2443 Blass
289 2424 295 2443 :
320 2415 474 2451 βοηθῆσαι
493 2413 516 2442 S
531 2411 556 2442 L
569 2411 612 2442 F:
638 2411 800 2450 βοηθήσας
817 2411 905 2449 vulg.

1525 138 1637 192 [254]

1522 250 1566 283 88

1524 377 1633 431 [255]

1523 1588 1570 1622 90

1524 1955 1640 2010 [256]
