1731 2844
100 532 117 563 5

83 860 120 882 10

85 1192 120 1223 15

85 1522 122 1544 20

86 2181 126 2211 30

141 143 212 196 κῃ]
636 144 956 182 ΕΠΙΣΤΟΛΗ

140 253 223 291 ταῖς
248 248 414 299 στήλαις
437 247 806 300 ἀναγεγραμμένους
831 245 910 286 οὔτ’
937 245 1168 296 Ἀθηναίους
1193 247 1321 292 ὄντας,
1350 247 1456 287 ἀλλὰ

138 313 270 366 Τήρην
290 316 361 365 μὲν
379 314 461 365 μετ’
480 316 573 364 ἐμοῦ
593 313 903 366 στρατευόμενον
923 311 986 364 ἐφ’
1005 313 1116 362 ὑμᾶς,
1140 312 1456 363 Κερσοβλέπτην

139 383 181 422 δὲ
204 384 284 422 τοῖς
309 380 397 432 παρ’
423 382 516 430 ἐμοῦ
541 382 806 431 πρεσβευταῖς
832 379 910 432 ἰδίᾳ
941 379 1014 429 μὲν
1037 377 1126 419 τοὺς
1151 378 1287 430 ὅρκους
1312 380 1457 429 ὀμόσαι

140 446 470 499 προθυμούμενον,
500 445 724 486 κωλυθέντα
748 444 781 484 δ’
800 444 875 485 ὑπὸ
900 447 978 484 τῶν
1001 444 1199 496 ὑμετέρων
1224 449 1456 497 στρατηγῶν

140 513 443 565 ἀποφαινόντων
476 512 593 552 αὐτὸν
618 511 837 561 Ἀθηναίων
870 511 1026 563 ἐχθρόν.
1098 512 1223 550 καίτοι
1257 514 1338 552 πῶς
1368 512 1456 552 ἐστὶ

139 579 241 620 τοῦτ’
261 580 352 619 ἴσον
369 575 392 628 ἦ
413 579 574 624 δίκαιον,
596 578 690 618 ὅταν
715 579 787 628 μὲν
811 578 901 628 ὑμῖν
921 576 1117 632 συμφέρῃ,
1139 576 1330 627 πολέμιον
1357 577 1457 617 εἶναι

139 645 311 697 φάσκειν
344 644 460 685 αὐτὸν
488 646 556 694 τῆς
586 645 751 690 πόλεως,
777 644 872 683 ὅταν
901 642 934 683 δ’
961 644 1027 693 ἐμὲ
1057 647 1323 695 συκοφαντεῖν
1358 644 1452 693 βού-

137 714 277 762 λησθε,
315 712 481 760 πολίτην
519 710 824 751 ἀποδείκνυσθαι
860 709 928 749 τὸν
967 709 1084 750 αὐτὸν
1120 709 1188 761 ὑφ’
1225 710 1344 760 ὑμῶν·
1396 710 1457 749 καὶ

140 777 332 817 Σιτάλκου
355 779 426 828 μὲν
452 777 732 823 ἀποθανόντος,
760 775 788 831 ᾧ
808 775 990 826 μετέδοτε
1012 778 1081 825 τῆς
1104 776 1319 822 πολιτείας,
1346 775 1458 817 εὐθὺς

140 842 384 894 ποιήσασθαι
409 843 505 895 πρὸς
529 843 598 883 τὸν
624 843 910 883 ἀποκτείναντα
935 843 1087 894 φιλίαν,
1113 842 1209 893 ὑπὲρ
1240 844 1280 882 δὲ
1306 845 1455 893 Κερσο-

141 909 318 961 βλέπτου
353 910 529 960 πόλεμον
562 910 743 961 αἴρεσθαι
776 908 871 961 πρὸς
904 908 1024 959 ἡμᾶς;
1069 907 1130 948 καὶ
1162 911 1282 948 ταῦτα
1318 912 1458 961 σαφῶς

142 977 291 1017 εἰδότας
329 977 388 1015 ὅτι
425 979 502 1015 τῶν
543 976 835 1026 λαμβανόντων
873 976 940 1016 τὰς
983 976 1128 1026 δωρεὰς
1169 976 1238 1015 τὰς
1278 975 1458 1016 τοιαύτας

142 1042 266 1084 οὐδεὶς
297 1043 386 1082 οὔτε
416 1045 493 1081 τῶν
522 1042 651 1092 νόμων
681 1042 769 1082 οὔτε
795 1044 872 1081 τῶν
896 1039 1173 1092 ψηφισμάτων
1202 1040 1313 1080 οὐδὲν
1339 1046 1458 1093 φρον-

140 1110 235 1158 τίζει
275 1112 352 1148 τῶν
390 1107 597 1159 ὑμετέρων.
668 1107 713 1147 οὐ
752 1107 828 1157 μὴν
866 1106 957 1147 ἀλλ’
998 1108 1031 1146 εἰ
1069 1110 1128 1146 δεῖ
1165 1106 1292 1146 πάντα
1330 1106 1459 1146 τᾶλλα

143 1175 417 1226 παραλιπόντα
450 1174 651 1224 συντόμως
685 1175 819 1219 εἰπεῖν,
847 1174 954 1224 ὑμεῖς
987 1173 1096 1213 ἔδοτε
1129 1174 1330 1214 πολιτείαν
1356 1173 1458 1213 Εὐα-

143 1241 240 1294 γόρᾳ
281 1244 331 1294 τῷ
372 1242 529 1294 Κυπρίῳ
571 1240 632 1280 καὶ
673 1240 870 1293 Διονυσίῳ
913 1243 965 1293 τῷ
1004 1240 1231 1293 Συρακοσίῳ
1277 1239 1337 1279 καὶ
1377 1243 1458 1280 τοῖς

143 1307 321 1358 ἐκγόνοις
344 1311 426 1348 τοῖς
456 1307 627 1347 ἐκείνων.
697 1307 766 1346 ἐὰν
798 1306 865 1345 οὖν
895 1307 1060 1355 πείσητε
1091 1305 1181 1347 τοὺς
1211 1305 1458 1356 ἐκβαλόντας

143 1372 347 1424 ἑκατέρους
366 1372 490 1412 αὐτῶν
516 1373 728 1412 ἀποδοῦναι
746 1371 869 1412 πάλιν
888 1373 956 1412 τὰς
981 1372 1105 1424 ἀρχὰς
1123 1375 1204 1414 τοῖς
1231 1373 1458 1418 ἐκπεσοῦσι,

144 1440 348 1489 κομίζεσθε
390 1440 452 1479 καὶ
493 1438 582 1489 παρ’
624 1439 717 1489 ἐμοῦ
757 1438 827 1488 τὴν
870 1435 1044 1492 Θρᾴκην,
1086 1437 1185 1487 ὅσης
1225 1437 1356 1489 Τήρης
1399 1438 1460 1478 καὶ

145 1504 458 1558 Κερσοβλέπτης
483 1504 618 1558 ἦρχον.
690 1506 723 1545 εἰ
757 1506 798 1545 δὲ
831 1507 912 1547 τοῖς
943 1506 1015 1555 μὲν
1047 1505 1206 1544 ἐκείνων
1240 1503 1460 1556 κρατήσασι

143 1571 229 1622 μηδ’
268 1573 451 1623 ἐγκαλεῖν
490 1570 643 1621 ἀξιοῦτε
683 1571 818 1622 μηδέν,
860 1572 926 1621 ἐμὲ
965 1569 996 1610 δ’
1036 1572 1251 1624 ἐνοχλεῖτε,
1295 1574 1376 1612 πῶς
1417 1570 1461 1610 οὐ

143 1638 298 1680 δικαίως
321 1639 419 1690 ὑμᾶς
442 1638 658 1688 ἀμυνοίμην
682 1637 748 1683 άν;

211 1704 309 1755 Περὶ
346 1706 417 1754 μὲν
454 1704 520 1744 οὖν
555 1704 703 1744 τούτων
739 1705 872 1743 πολλὰ
910 1702 1043 1754 λέγειν
1081 1702 1184 1756 ἔχων
1223 1702 1280 1743 ἔτι
1319 1704 1458 1749 δίκαια,

145 1775 380 1821 παραλιπεῖν
413 1774 680 1822 προαιροῦμαι·
720 1773 952 1822 Καρδιανοῖς
985 1769 1027 1810 δέ
1057 1774 1159 1821 φημι
1190 1771 1366 1820 βοηθεῖν,
1393 1786 1457 1821 γε-

144 1837 269 1889 γονὼς
294 1836 422 1878 αὐτοῖς
447 1837 521 1888 πρὸ
550 1839 619 1887 τῆς
648 1836 801 1887 εἰρήνης
832 1836 1053 1889 σύμμαχος,
1082 1835 1149 1876 οὐκ
1184 1837 1403 1877 ἐθελόντων
1427 1835 1459 1874 δ’

144 1904 250 1953 ὑμῶν
279 1904 411 1943 ἐλθεῖν
441 1904 495 1944 εἷς
525 1903 666 1953 κρίσιν,
692 1902 886 1944 πολλάκις
918 1904 990 1953 μὲν
1023 1903 1117 1952 ἐμοῦ
1148 1902 1363 1952 δεηθέντος,
1391 1901 1460 1941 οὐκ

145 1968 322 2020 ὀλιγάκις
346 1968 378 2008 δ’
405 1969 575 2009 ἐκείνων·
613 1970 716 2009 ὥστε
741 1973 821 2010 πῶς
847 1969 914 2009 οὐκ
940 1968 988 2009 ἂν
1017 1969 1100 2018 ε’ίην
1129 1968 1286 2009 πάντων
1312 1968 1458 2019 φαυλό-

145 2051 272 2082 τατος,
302 2036 334 2075 εἶ
360 2035 585 2075 καταλιπὼν
613 2035 702 2076 τοὺς
732 2034 962 2087 συμμάχους
993 2037 1148 2085 μᾶλλον
1172 2035 1277 2085 ὑμῶν
1302 2033 1459 2085 φροντί-

147 2102 246 2151 ζοιμι
278 2104 355 2141 τῶν
384 2100 512 2141 πάντα
543 2117 608 2151 μοι
640 2101 784 2152 τρόπον
817 2100 1092 2155 ἐνοχλούντων
1119 2097 1142 2150 ἢ
1172 2104 1248 2140 τῶν
1280 2101 1459 2151 βεβαίως

144 2184 208 2217 μοι
233 2168 364 2219 φίλων
389 2167 449 2208 ἀεὶ
473 2168 690 2217 μενόντων,·

191 2285 225 2305 11
257 2277 396 2312 αἴρεσθαι
418 2274 458 2305 G.
480 2274 522 2305 H.
544 2274 727 2305 Sehaeser:
761 2276 914 2316 αἱρεῖσθαι
939 2274 1034 2306 codd.
1054 2284 1060 2303 :
1093 2275 1224 2315 ἅρασθαι
1251 2274 1395 2312 Dobree,
1416 2273 1456 2304 cs.

146 2318 201 2347 xiv
217 2328 237 2356 3
382 2328 424 2348 20
447 2317 549 2358 ἦρχον
566 2317 679 2348 Blass:
705 2317 806 2357 ἦρχεν
825 2318 889 2348 FY
905 2329 911 2347 τ
938 2319 1026 2357 εἶχεν
1043 2317 1131 2356 vulg.
1283 2326 1324 2355 25
1349 2318 1375 2349 δ’
1394 2327 1457 2347 om.

146 2360 231 2398 vulg.
251 2372 257 2390 ε
281 2361 354 2391 add.
378 2360 485 2391 FYO
618 2361 660 2391 28
685 2362 911 2401 ἐγκαταλιπὼν
927 2361 1037 2391 Cobet

189 2423 373 2452 nemosTn„
390 2424 466 2446 vm..
488 2425 509 2446 1.
1294 2415 1332 2445 10

1490 146 1601 200 [160]

1487 523 1508 557 9

1487 641 1586 694 [ιω]

1492 1119 1534 1146 10

1493 1714 1531 1742 11
