1747 2844
165 142 282 194 xvm]
476 144 617 183 ΠΕΡΙ
664 144 788 183 ΤΟΥ
836 145 1172 184 ΣΤΕΦΑΝΟΎ

161 251 354 302 πομπείας
402 249 542 301 ταύτης
588 252 656 300 τῆς
702 249 844 300 ἀνέδην
891 249 1166 302 γεγενημένης,
1210 250 1390 302 ὕστερον,
1434 252 1481 293 ἂν

160 317 422 369 βουλομένοις
446 317 471 374 ᾗ
496 318 684 363 τουτοισί,
713 315 1009 368 μνησθήσομαι.

224 387 286 425 Τὰ
323 387 395 435 μὲν
431 385 498 426 οὖν
537 383 833 436 κατηγορημένα
871 382 1016 429 πολλά,
1058 383 1118 423 καὶ
1154 383 1242 435 περὶ
1277 385 1330 425 ὧν
1371 386 1484 426 ἐνίων

159 451 336 504 μεγάλας
361 452 422 492 καὶ
447 454 517 493 τὰς
542 450 715 504 ἐσχάτας
741 452 776 490 οἱ
802 451 916 501 νόμοι
945 450 1100 490 διδόασι
1126 452 1324 503 τιμωρίας,
1351 455 1419 492 τοῦ
1444 454 1485 493 δὲ

120 538 137 569 5
159 520 352 571 παρόντος
385 520 535 570 ἀγῶνος
564 517 587 568 ἡ
619 517 845 569 προαίρεσις
880 517 988 567 αὕτη·
1026 518 1168 569 ἐχθροῦ
1200 519 1272 567 μὲν
1300 516 1485 570 ἐπήρειαν

158 586 242 639 ἔχει
277 586 338 626 καὶ
367 585 484 636 ὕβριν
515 584 576 624 καὶ
606 584 808 635 λοιδορίαν
839 584 902 624 καὶ
935 583 1267 636 προπηλακισμὸν
1298 584 1394 635 ὁμοῦ
1424 585 1485 625 καὶ

158 651 285 692 πάντα
317 653 366 691 τὰ
398 654 568 702 τοιαῦτα,
600 653 677 691 τῶν
710 649 844 701 μέντοι
881 654 1121 702 κατηγοριῶν
1152 651 1213 691 καὶ
1243 654 1319 691 τῶν
1351 652 1485 692 αἰτιῶν

158 722 234 758 τῶν
261 717 485 769 εἰρημένων,
516 719 622 769 εἴπερ
651 715 753 767 ἦσαν
785 718 957 767 ἀληθεῖς,
985 717 1054 758 οὐκ
1081 718 1138 757 ἔνι
1162 723 1208 774 τῇ
1233 718 1349 759 πόλει
1375 719 1483 769 δίκην

157 783 269 835 ἀξίαν
310 787 467 835 λαβεῖν,
513 783 591 824 οὐδ’
636 783 765 836 ἐγγύς.
842 783 886 824 οὐ
928 785 1002 836 γὰρ
1044 784 1300 836 ἀφαιρεῖσθαι
1341 788 1402 826 δεῖ
1440 784 1483 825 τὸ

99 869 136 890 ιο
156 854 394 903 προσελθεῖν
430 855 483 906 τῷ
520 849 626 905 δήμῳ
667 851 728 890 καὶ
769 851 892 903 λόγου
929 854 1075 904 τυχεῖν,
1111 850 1190 891 οὐδ’
1224 852 1266 891 ἐν
1303 852 1483 904 ἐπηρείας

155 917 262 969 τάξει
296 918 358 958 καὶ
387 919 537 970 φθόνου
567 921 678 957 τοῦτο
717 921 857 958 ποιεῖν·
898 918 985 958 οὔτε
1017 919 1070 968 μὰ
1099 917 1187 960 τοὺς
1217 917 1327 960 θεοὺς
1360 920 1483 970 ὀρθῶς

156 984 251 1038 ἕχον
275 985 363 1025 οὕτε
388 984 593 1025 πολιτικὸν
621 985 708 1025 οὕτε
741 985 891 1024 δίκαιόν
917 985 1039 1032 ἐστιν,
1061 983 1090 1024 ὦ
1109 983 1247 1037 ἄνδρες
1266 984 1481 1036 Ἀθηναῖοι·

155 1051 247 1091 ἀλλ’
278 1050 342 1103 ἐφ’
376 1052 432 1093 οἷς
468 1050 674 1092 ἀδικοῦντά
709 1050 748 1102 μ’
783 1051 883 1103 ἑώρα
914 1050 984 1101 τὴν
1015 1052 1143 1098 πόλιν,
1172 1051 1264 1092 οῧσί
1294 1068 1339 1104 γε
1372 1056 1479 1102 τηλι-

158 1117 307 1160 κούτοις
331 1118 449 1168 ἡλίκα
473 1121 541 1158 νῦν
575 1115 783 1173 ἐτραγῴδει
813 1117 874 1157 καὶ
900 1117 1057 1174 διεξῄει,
1079 1122 1164 1159 ταῖς
1191 1119 1232 1157 ἐκ
1257 1122 1334 1159 τῶν
1352 1119 1483 1170 νόμων

99 1201 133 1233 ¹5
155 1185 356 1236 τιμωρίαις
376 1184 465 1237 παρ’
488 1184 584 1225 αὐτὰ
607 1183 849 1235 τάδικήματα
868 1187 1054 1237 χρῆσθαι,
1077 1186 1110 1225 εἰ
1134 1187 1206 1235 μὲν
1227 1186 1482 1237 εἰσαγγελίας

154 1250 243 1302 ἄξια
269 1251 478 1304 πράττονθ’
503 1251 616 1302 ἑώρα,
651 1250 969 1303 εἰσαγγέλλοντα
995 1252 1055 1291 καὶ
1080 1255 1219 1292 τοῦτον
1244 1252 1312 1292 τὸν
1337 1252 1482 1304 τρόπον

154 1318 208 1359 εἷς
236 1318 365 1370 κρίσιν
394 1317 634 1358 καθιστάντα
665 1317 754 1370 παρ’
775 1318 876 1368 ὑμῖν,
906 1319 938 1357 εἰ
962 1319 1004 1358 δὲ
1030 1317 1236 1370 γράφοντα
1261 1318 1479 1371 παράνομα,

154 1385 389 1436 παρανόμων
409 1385 675 1437 γραφόμενον·
719 1383 764 1424 οὐ
789 1385 862 1436 γὰρ
889 1383 1011 1434 δήπου
1031 1387 1301 1437 Κτησιφῶντα
1324 1388 1396 1436 μὲν
1416 1386 1478 1426 δύ-

154 1467 265 1491 ναται
284 1451 438 1492 διώκειν
459 1451 506 1492 δι’
524 1451 606 1503 ἐμέ,
624 1453 691 1502 ἐμὲ
718 1451 763 1498 δ’,
783 1452 891 1502 εἴπερ
912 1449 1136 1503 ἐξελέγξειν
1156 1452 1342 1502 ἐνόμιζεν,
1363 1452 1480 1493 αὐτὸν

94 1533 133 1556 20
152 1517 220 1558 οὐκ
245 1517 293 1559 ἂν
318 1518 535 1571 ἐγράψατο.
609 1519 671 1559 καὶ
709 1517 786 1569 μὴν
816 1519 852 1558 εἵ
881 1534 917 1558 τι
942 1521 1019 1558 τῶν
1048 1517 1184 1558 ἄλλων
1214 1519 1269 1559 ὧν
1293 1519 1377 1560 νυνὶ
1401 1518 1478 1560 διέ-

151 1588 284 1634 βαλλε
321 1586 383 1626 καὶ
421 1585 564 1642 διεξῄει
603 1582 626 1635 ἢ
670 1585 730 1626 καὶ
771 1584 862 1625 ἄλλ’
899 1585 1027 1624 ὁτιοῦν
1065 1584 1272 1626 ἀδικοῦντά
1308 1585 1348 1636 μ’
1382 1586 1480 1636 ὑμᾶς

152 1651 265 1704 ἑώρα,
293 1653 370 1693 εἶσὶ
396 1653 507 1704 νόμοι
532 1652 620 1704 περὶ
656 1652 812 1694 πάντων
847 1653 909 1691 καὶ
934 1652 1126 1704 τιμωρίαι,
1155 1653 1217 1692 καὶ
1243 1652 1391 1704 ἀγῶνες
1418 1653 1478 1693 καὶ

152 1718 299 1770 κρίσεις
335 1721 453 1771 πικρὰ
490 1720 552 1760 καὶ
590 1719 732 1772 μεγάλ’
771 1720 938 1773 ἔχουσαι
975 1719 1190 1770 τάπιτίμια,
1230 1719 1291 1759 καὶ
1328 1719 1477 1762 τούτοις

152 1783 244 1835 ἐξῆν
268 1785 395 1826 ἅπασι
420 1788 606 1839 χρῆσθαι,
637 1787 698 1827 καὶ
729 1785 880 1837 ὁπηνίκ’
901 1786 1086 1838 ἐφαίνετο
1110 1789 1230 1826 ταῦτα
1254 1787 1476 1837 πεποιηκὼς

92 1867 128 1900 25
152 1851 214 1891 καὶ
234 1855 370 1893 τοῦτον
395 1852 463 1893 τὸν
485 1854 629 1905 τρόπον
652 1853 890 1907 κεχρημένος
918 1857 999 1894 τοῖς
1025 1852 1120 1904 πρὸς
1141 1851 1221 1903 ἐμέ,
1243 1852 1474 1906 ὡμολογεῖτ’

150 1916 198 1958 ἂν
222 1918 245 1969 ἡ
274 1921 484 1971 κατηγορία
502 1923 583 1962 τοῖς
609 1920 738 1973 ἔργοις
763 1920 894 1960 αὐτοῦ.
956 1923 1024 1960 νῦν
1044 1919 1076 1959 δ’
1097 1920 1241 1962 ἐκστὰς
1265 1922 1333 1970 τῆς
1357 1921 1474 1972 ὀρθῆς

151 1984 211 2024 καὶ
245 1986 395 2028 δικαίας
429 1987 518 2026 ὁδοῦ
552 1988 614 2027 καὶ
648 1987 786 2039 φυγὼν
818 1986 908 2029 τοὺς
940 1986 1030 2039 παρ’
1066 1986 1164 2027 αὐτὰ
1199 1988 1247 2026 τὰ
1279 1985 1474 2039 πράγματ’

196 2104 207 2123 1
236 2093 352 2133 ἀνέδην
370 2095 393 2126 S
411 2104 496 2126 corr.
516 2094 554 2125 Ll
567 2095 597 2126 O
616 2105 700 2127 corr.
717 2106 722 2125 :
750 2096 880 2135 ἆναίδην
898 2095 934 2127 Sl
946 2095 977 2126 A
996 2095 1032 2127 F1
1049 2095 1137 2136 vulg.
1265 2095 1382 2127 οὑτωσὶ
1399 2099 1476 2135 post

149 2137 262 2176 ἀνέδην
288 2138 356 2177 (vel
381 2139 524 2179 ἀναίδην)
550 2139 626 2171 add.
654 2139 678 2169 F
702 2139 812 2178 vulgnt
845 2150 909 2171 om.
937 2139 960 2170 S
977 2139 1057 2170 L¹A
1199 2150 1218 2169 2
1252 2138 1375 2171 ἀκούειν
1399 2143 1475 2178 post

149 2181 357 2220 βουλομένοις
386 2182 515 2212 SLA:
547 2188 627 2213 ante
654 2183 877 2223 μνησθήσομαι
906 2183 1016 2223 vulg:
1053 2193 1117 2214 om.
1147 2182 1270 2223 FQY,
1301 2182 1342 2214 cs.
1371 2181 1474 2214 schol.

150 2234 180 2262 p.
201 2226 275 2262 268,
294 2226 345 2264 28,
365 2226 446 2255 xxiii
467 2227 506 2256 18
682 2236 701 2264 3
726 2227 776 2258 καὶ
794 2227 880 2258 δεινὰ
904 2231 980 2266 post
1002 2227 1112 2258 πολλὰ
1134 2227 1207 2257 add.
1232 2226 1257 2256 F
1273 2226 1383 2265 vulg.:
1411 2235 1473 2256 om.

150 2268 174 2298 S
190 2267 225 2298 L¹
238 2268 269 2298 Α
395 2279 414 2308 5
439 2271 518 2307 αὕτη
537 2269 581 2301 S?
599 2280 604 2299 :
630 2271 709 2308 αὐτὴ
727 2270 816 2309 vulg.
944 2271 964 2299 8
990 2270 1034 2302 ἔνι
1051 2269 1093 2299 Α1
1108 2269 1133 2299 F
1147 2269 1171 2299 S
1187 2282 1236 2310 γρ.
1256 2281 1262 2299 :
1288 2269 1358 2309 ἔχει
1376 2268 1398 2299 S
1415 2268 1472 2300 L¹:

150 2311 221 2342 ἔστι
236 2311 266 2342 Α
284 2322 368 2343 corr.
385 2324 392 2342 :
420 2314 470 2344 ἐπὶ
488 2312 530 2344 al.
686 2323 707 2352 9
730 2315 781 2345 δεῖ
793 2323 857 2344 om.
879 2313 916 2344 S¹
1073 2323 1110 2351 19
1137 2312 1317 2353 ἐξελέγξειν
1332 2312 1383 2342 A:
1411 2315 1473 2352 ἐξε-

150 2353 288 2395 λέγχειν
312 2355 429 2386 S¹LF
448 2356 536 2395 vulg.
677 2358 773 2389 αὐτὸν
796 2356 876 2388 secl.
903 2356 1071 2387 Gebauer.
1098 2356 1139 2386 ef.
1165 2356 1270 2386 schol.
1299 2366 1329 2395 p.
1357 2366 1430 2395 270,
1455 2365 1472 2394 7

149 2407 190 2435 23
214 2399 309 2439 πικρὰ
327 2422 332 2428 .
352 2423 359 2430 .
378 2423 386 2430 .
406 2400 574 2440 τάπιτίμια
591 2409 654 2430 om.
677 2399 714 2430 S¹
891 2411 930 2438 24
956 2400 1026 2432 κατ’
1047 2401 1121 2438 ἐμοῦ
1138 2404 1216 2439 post
1234 2401 1372 2440 χρῆσθαι
1396 2399 1472 2430 add.

149 2439 201 2470 A:
226 2450 289 2471 om.
309 2441 333 2473 S
348 2442 385 2472 L¹
400 2443 425 2473 F
557 2453 596 2482 25
623 2442 693 2483 ἐμέ]
710 2457 748 2481 με
768 2443 791 2474 S
809 2443 901 2474 solus

1515 147 1631 203 [229]

1520 402 1559 428 12

1517 803 1556 837 13

1513 1533 1554 1566 14

1505 1854 1619 1909 [230]

1510 1935 1548 1973 15
