1731 2844
135 129 214 184 vn]
507 136 647 172 ΠΕΡΙ
699 134 1090 172 ΑΛΟΝΝΗΣΟΎ

140 255 197 280 τις
220 238 330 291 χώρα
355 238 417 278 καὶ
440 237 577 283 ἄλλος,
604 237 655 279 ὡς
684 237 797 282 ἔοικε,
825 238 944 279 τόπος
974 236 1210 289 φανήσεται,
1238 237 1282 276 οὗ
1310 239 1398 288 ὑμῖν
1422 240 1462 279 αἱ

139 304 292 356 δωρειαὶ
317 302 563 353 δοθήσονται.

205 370 304 422 Περὶ
334 370 365 410 δ’
391 372 444 410 ὧν
469 371 511 410 ἐν
535 370 580 426 τῇ
611 368 742 426 εἰρήνῃ
771 371 915 422 εἴληφε
944 370 1112 423 χωρίων,
1139 370 1246 420 ὑμῶν
1273 370 1458 422 ἐχόντων,

140 440 427 489 παρασπονδῶν
459 436 520 476 καὶ
552 436 657 476 λύων
684 436 756 486 τὴν
784 435 953 488 εἰρήνην,
987 435 1119 486 ἐπειδὴ
1154 435 1222 476 οὐκ
1255 435 1340 488 ἔχει
1373 436 1395 475 ὅ
1426 453 1463 477 τι

100 522 117 553 5
139 505 239 560 εἴπῃ,
278 502 368 543 ἀλλ’
400 504 541 543 ἀδικῶν
577 506 758 555 φανερῶς
795 501 1061 556 ἐξελέγχεται,
1102 501 1324 555 ἐπιτρέπειν
1360 503 1462 555 φησὶ

138 570 226 622 περὶ
254 570 401 610 τούτων
430 570 583 620 ἕτοιμος
613 569 712 610 εἶναι
740 570 815 624 ἴσῳ
848 569 910 609 καὶ
940 572 1052 624 κοινῷ
1083 569 1335 623 δικαστηρίῳ·
1375 568 1463 621 περὶ

137 637 192 676 ὧν
215 637 345 687 μόνων
371 636 482 676 οὐδὲν
507 639 567 676 δεῖ
589 637 812 688 ἐπιτροπῆς,
833 635 924 676 ἀλλ’
945 635 1107 688 ἀριθμὸς
1130 635 1285 687 ἡμερῶν
1305 636 1416 677 ἐστιν
1443 637 1462 675 ὁ

139 704 290 755 κρίνων.
360 702 531 744 ἅπαντες
566 704 639 754 γὰρ
676 704 793 754 ἴσμεν
828 704 904 743 τίνι
940 702 1033 753 μηνὶ
1071 702 1131 742 καὶ
1167 702 1243 743 τίνι
1279 702 1404 757 ἡμέρᾳ
1439 703 1461 753 ἡ

137 768 266 820 εἰρήνη
293 768 461 822 ἐγένετο.
521 770 655 822 ὥσπερ
679 771 720 810 δὲ
744 772 866 809 ταῦτα
890 771 1019 821 ἴσμεν,
1048 769 1205 809 κάκεῖνα
1229 770 1358 820 ἴσμεν,
1386 770 1463 809 τίνι

80 854 118 875 ιο
135 837 226 887 μηνὶ
253 836 314 876 καὶ
338 837 415 876 τίνι
439 834 563 890 ἡμέρᾳ
582 835 767 888 Σέρρειον
791 839 923 890 τεῖχος
950 836 1011 876 καὶ
1037 835 1230 888 Ἐργίσκη
1258 835 1320 875 καὶ
1338 834 1463 887 Ἱερὸν

137 904 225 954 ὄρος
254 901 371 944 ἑάλω.
443 902 486 942 οὐ
516 902 561 953 δὴ
593 903 724 955 ἀφανῆ
759 904 847 943 ε’στι
881 905 929 942 τὰ
961 903 1059 943 οὕτω
1096 901 1336 955 πραχθέντα,
1372 901 1461 942 οὐδὲ

139 970 303 1021 κρίσεως
334 970 509 1020 δεόμενα,
545 970 652 1009 ἀλλὰ
684 972 784 1010 πᾶσι
816 970 993 1022 γνώριμα
1026 970 1189 1021 πότερος
1222 969 1410 1021 πρότερος
1442 969 1461 1007 ὁ

135 1034 213 1086 μήν
237 1037 359 1083 ἐστιν,
387 1037 428 1076 ἐν
453 1034 522 1091 ᾧὴ
550 1035 681 1087 εἰρήνη
709 1035 865 1088 ἐγένετο
890 1033 912 1086 ἢ
939 1037 979 1076 ἐν
1005 1034 1033 1091 ᾧ
1053 1037 1100 1075 τὰ
1125 1036 1251 1089 χωρία
1275 1035 1392 1076 ἑάλω.

205 1103 312 1153 Φησὶ
336 1105 378 1144 δὲ
404 1103 465 1143 καὶ
490 1102 580 1144 τοὺς
606 1103 880 1157 αἰχμαλώτους
904 1103 1024 1154 ἡμῶν,
1046 1102 1136 1142 ὅσοι
1161 1103 1202 1142 ἐν
1221 1105 1273 1157 τῷ
1300 1101 1460 1156 πολέμῳ

80 1184 116 1217 ¹5
137 1168 333 1215 ἑάλωσαν,
364 1168 666 1209 ἀποδεδωκέναι·
714 1169 755 1211 ὃς
791 1168 860 1209 τὸν
890 1171 961 1220 μὲν
996 1169 1229 1221 Καρύστιον,
1264 1168 1332 1208 τὸν
1365 1169 1459 1221 πρό-

138 1234 251 1285 ξενον
282 1238 350 1285 τῆς
379 1235 569 1287 ἡμετέρας
600 1235 765 1280 πόλεως,
795 1236 892 1288 ὑπὲρ
921 1235 964 1275 οῦ
994 1236 1103 1286 ὑμεῖς
1134 1239 1237 1286 τρεῖς
1270 1234 1461 1287 πρέσβεις

135 1300 341 1353 ἐπέμψατε
359 1302 624 1347 ἀπαιτοῦντες,
640 1305 779 1342 τοῦτον
794 1301 862 1342 τὸν
878 1301 998 1353 ἄνδρα
1016 1303 1164 1343 ἐκεῖνος
1183 1302 1281 1341 οὕτω
1302 1301 1461 1353 σφόδρα

135 1368 225 1417 ὑμῖν
245 1368 436 1419 ἐβούλετο
455 1369 713 1421 χαρίσασθαι,
735 1367 831 1408 ὥστ’
852 1367 1057 1409 ἀπέκτεινε
1079 1369 1139 1408 καὶ
1160 1367 1239 1408 οὐδ’
1257 1369 1460 1419 ἀναίρεσιν

136 1433 290 1480 ἔδωκεν,
316 1436 381 1475 ἵνα
402 1435 519 1491 ταφῇ.

81 1515 119 1537 20
203 1501 304 1552 Περὶ
335 1502 375 1541 δὲ
408 1500 675 1553 Χερρονήσου,
710 1501 734 1542 ἅ
764 1501 797 1542 τ’
832 1501 1064 1542 ἐπιστέλλει
1093 1500 1189 1553 πρὸς
1219 1501 1317 1551 ὑμᾶς
1349 1499 1460 1550 ἄξιόν

137 1567 246 1607 ἐστιν
265 1566 462 1618 ἐξετάσαι,
483 1568 541 1608 ἔτι
565 1569 606 1608 δὲ
634 1569 694 1608 καὶ
714 1569 737 1608 δι
756 1567 930 1620 πράττει,
953 1569 1014 1609 καὶ
1037 1567 1142 1609 ταῦτ’
1164 1566 1319 1608 εἰδέναι.
1388 1566 1458 1607 τὸν

135 1636 207 1685 μὲν
232 1635 305 1686 γὰρ
330 1635 452 1675 τόπον
477 1633 632 1675 ἅπαντα
656 1634 724 1675 τὸν
748 1633 823 1685 ἔξω
843 1633 1012 1686 Ἀγορᾶς
1039 1635 1088 1676 ὡς
1114 1636 1251 1675 ἑαυτοῦ
1275 1635 1371 1674 ὄντα
1397 1633 1459 1674 καὶ

136 1701 225 1751 ὑμῖν
249 1700 360 1742 οὐδὲν
385 1700 638 1754 προσήκοντα
661 1701 804 1741 δέδωκε
833 1704 1080 1753 καρποῦσθαι
1102 1700 1380 1756 Ἀπολλωνίδῃ
1406 1704 1458 1755 τῷ

139 1769 348 1822 Καρδιανῷ.
425 1769 547 1808 καίτοι
575 1766 831 1821 Χερρονήσου
862 1769 898 1808 οἱ
930 1769 1014 1820 ὅροι
1047 1768 1162 1814 εἰσίν,
1197 1767 1265 1807 οὐκ
1295 1766 1455 1820 Ἀγορά,

80 1848 117 1880 25
137 1834 243 1874 ἀλλὰ
273 1834 409 1886 βωμὸς
442 1839 510 1875 τοῦ
538 1835 634 1876 Διὸς
662 1839 730 1875 τοῦ
761 1835 878 1887 ὁρίου,
909 1835 952 1877 ὅς
983 1836 1071 1875 ἐστι
1102 1831 1248 1885 μεταξὺ
1281 1837 1458 1874 Πτελεοῦ

139 1901 199 1940 καὶ
224 1903 373 1952 Λευκῆς
397 1902 526 1954 ἀκτῆς,
554 1900 576 1957 ᾗ
599 1901 621 1951 ἡ
646 1901 808 1954 διορυχὴ
832 1901 979 1952 ἔμελλε
995 1899 1253 1954 Χερρονήσου
1278 1900 1455 1945 ἔσεσθαι,

137 1966 188 2008 ὥς
216 1984 262 2019 γε
290 1967 333 2007 τὸ
362 1968 585 2020 ἐπίγραμμα
612 1966 657 2007 τὸ
688 1968 752 2008 ἐπὶ
779 1970 848 2007 τοῦ
874 1970 1013 2018 βωμοῦ
1041 1971 1109 2008 τοῦ
1137 1967 1233 2008 Διὸς
1258 1970 1325 2006 τοῦ
1351 1967 1457 2018 ὁρίου

136 2036 259 2083 δηλοῖ.
328 2034 415 2074 ἔστι
439 2036 480 2075 δὲ
503 2035 622 2075 τουτί·

181 2155 197 2183 7
221 2144 341 2186 μόνων]
359 2145 457 2184 μόνον
474 2145 497 2175 S
510 2146 536 2176 L
689 2146 708 2175 8
733 2147 783 2178 καὶ
801 2146 880 2186 τίνι]
900 2146 951 2178 καὶ
968 2144 1042 2187 ποίᾳ
1059 2144 1147 2183 vulg.
1314 2153 1353 2174 10
1376 2143 1455 2184 τίνι]

137 2189 209 2229 ποίᾳ
233 2188 274 2220 al.
404 2188 563 2230 Σέρρειον]
589 2187 716 2230 Σέρριον
742 2190 765 2219 S
780 2189 805 2218 L
828 2189 917 2227 vulg.
964 2187 1090 2230 Σέρριον
1114 2191 1225 2218 autem
1254 2191 1287 2217 et
1312 2186 1458 2228 Σέρρειον

137 2234 247 2271 τεῖχος
274 2232 408 2263 diversa
437 2232 509 2263 loca
536 2232 668 2262 diverse
696 2232 821 2272 scripta
845 2231 1125 2271 (Harpocration,
1152 2230 1192 2260 cf.
1223 2229 1306 2259 Phil.
1338 2229 1371 2259 iii
1399 2229 1454 2269 15)

142 2284 178 2303 12
202 2275 333 2317 πότερος
353 2276 387 2306 5¹
403 2276 490 2315 vulg.
508 2286 514 2305 :
540 2275 675 2317 πότερον
695 2276 718 2306 S
735 2286 820 2307 corr.
835 2275 873 2306 L¹
963 2278 978 2307 ὁ
995 2279 1075 2305 ante
1091 2275 1156 2313 μὴν
1169 2283 1233 2304 om.
1247 2273 1335 2311 vulg.
1352 2284 1358 2303 t
1378 2273 1453 2303 add.

140 2318 201 2348 SL
352 2320 392 2350 16
419 2321 570 2361 πρέσβεις
589 2321 612 2350 S
626 2319 709 2350 LA:
734 2320 905 2361 πρεσβείας
923 2319 1011 2356 vulg.
1169 2326 1210 2355 25
1235 2316 1320 2357 ὁρίου
1339 2317 1360 2346 S
1375 2315 1455 2345 L'Y

139 2371 246 2391 corn:
277 2362 378 2401 ὀρείου
401 2363 490 2401 vulg.
516 2369 549 2393 et
574 2363 659 2393 infra
684 2373 723 2401 27
870 2364 911 2392 26
942 2361 962 2404 ᾖ
989 2363 1011 2392 5
1037 2360 1147 2391 solus:
1182 2359 1217 2391 οὗ
1241 2359 1345 2398 vulg:
1377 2358 1409 2391 οῖ
1431 2358 1457 2389 L

139 2405 268 2445 διορυχὴ
288 2407 310 2435 S
324 2406 349 2435 L
361 2405 391 2436 A
408 2417 414 2436 t
440 2407 578 2446 διωρυχὴ
596 2406 684 2444 vulg.
800 2416 838 2445 27
864 2409 919 2437 τοῦ
937 2407 1044 2444 βωμοῦ
1062 2414 1126 2435 om.
1147 2404 1170 2434 S
1185 2403 1210 2433 L

1492 135 1576 189 [85]

1493 378 1537 420 36

1493 781 1536 816 37

1493 899 1582 954 [86]

1492 1107 1535 1150 38

1491 1511 1535 1547 39

1488 1910 1534 1944 40
