1747 2844
96 863 134 886 10

94 1527 133 1549 20

94 1858 131 1890 ²5

161 139 246 195 X1x]
385 147 529 184 ΠΕΡΙ
576 147 700 185 ΤΗΣ
746 146 1263 184 ΠΑΡΑΠΡΕΣΒΕΙΑΣ
1512 145 1619 198 [361]

159 250 201 289 ἐκ
225 251 302 289 τῶν
327 248 532 301 δογμάτων
550 249 698 289 τούτων
718 249 827 290 ἔστιν
847 250 956 293 ἰδεῖν,
978 249 1084 288 ἀλλὰ
1110 247 1171 287 καὶ
1197 248 1238 287 ἐκ
1258 250 1335 287 τῶν
1354 247 1480 299 ἕργων
1509 255 1552 299 65

158 315 183 355 ’ὰ
207 314 437 367 πέπρακται,
459 315 584 366 θέαμα
608 316 749 362 δεινόν,
770 313 799 354 ὦ
824 314 961 367 ἄνδρες
982 313 1198 364 Ἀθηναῖοι,
1226 314 1287 354 καὶ
1313 314 1478 354 ἐλεινόν·

158 382 222 422 ὅτε
251 383 324 434 γὰρ
351 386 418 423 νῦν
447 381 696 434 ἐπορευόμεθ’
723 383 777 423 εἰς
808 380 1008 433 Δελφούς,
1035 378 1081 430 ἐξ
1107 379 1280 431 ἀνάγκης
1311 378 1357 430 ἦν
1386 380 1480 432 ὁρᾶν

157 448 248 498 ἡμῖν
268 447 395 489 πάντα
412 452 543 494 ταῦτα,
566 449 688 489 οἰκίας
714 446 1048 498 κατεσκαμμένας,
1069 448 1180 499 τείχη
1201 445 1478 502 περιῃρημένα,

156 515 290 567 χώραν
320 514 463 567 ἔρημον
492 518 568 555 τῶν
594 516 636 555 ἐν
660 514 805 569 ἡλικία,
834 514 974 566 γύναια
1004 516 1045 554 δὲ
1075 513 1137 553 καὶ
1168 511 1338 564 παιδάρι’
1363 513 1481 565 ὀλίγα

158 581 219 621 καὶ
260 582 487 633 πρεσβύτας
529 581 756 632 ἀνθρώπους
798 581 986 633 οἰκτρούς·
1037 579 1116 620 οὐδ’
1155 579 1202 620 ἂν
1241 581 1295 622 εἶς
1335 579 1479 620 δύναιτ’

156 647 365 699 ἐφικέσθαι
389 649 442 702 τῷ
467 648 575 702 λόγῳ
601 652 677 688 τῶν
704 649 786 688 ἐκεῖ
814 651 941 687 κακῶν
966 651 1034 688 νῦν
1059 648 1195 687 ὄντων.
1268 646 1374 686 ἀλλὰ
1402 646 1480 697 μὴν

155 715 215 754 ὅτι
248 714 318 764 τὴν
352 715 532 755 ἐναντίαν
565 716 659 755 ποτὲ
692 714 892 766 Θηβαίοις
922 716 1065 766 ψῆφον
1099 712 1225 754 ἔθενθ’
1255 713 1363 753 οὗτοι
1392 713 1480 764 περὶ

153 780 262 831 ἡμῶν
291 781 385 833 ὑπὲρ
416 782 737 833 ἀνδραποδισμοῦ
767 783 1040 834 προτεθεῖσαν,
1073 781 1178 830 ὑμῶν
1208 779 1325 831 ἔγωγ’
1352 780 1478 820 ἀκούω

153 846 321 887 πάντων.
385 847 456 887 τίν’
482 847 529 887 ἂν
555 848 621 888 οὖν
648 847 784 894 οἴεσθ’,
812 846 841 887 ὦ
867 847 1004 899 ἄνδρες
1028 847 1243 896 Ἀθηναῖοι,
1269 846 1358 888 τοὺς
1383 863 1476 897 προ·
1507 855 1554 889 66

154 913 291 964 γόνους
317 914 435 963 ὑμῶν,
463 915 495 954 εἰ
520 913 689 965 λάβοιεν
715 915 917 964 αἴσθησιν,
938 916 1082 966 ψῆφον
1106 910 1129 963 ἦ
1155 914 1314 965 γνώμην
1339 912 1479 953 θέσθαι
1511 916 1625 970 [362]

153 979 240 1031 περὶ
259 983 337 1020 τῶν
357 981 491 1021 αἰτίων
512 984 578 1020 τοῦ
597 980 744 1021 τούτων
764 980 948 1032 ὀλέθρου;
987 981 1064 1032 ἐγὼ
1090 982 1161 1030 μὲν
1181 982 1256 1032 γὰρ
1276 980 1382 1030 οἶμαι
1409 979 1479 1020 κᾶν

154 1046 474 1089 καταλεύσαντας
498 1047 637 1089 αὐτοὺς
656 1051 739 1089 ταῖς
765 1050 912 1088 ἑαυτῶν
936 1047 1078 1100 χερσὶν
1100 1046 1288 1099 καθαροὺς
1313 1046 1479 1087 ἔσεσθαι

152 1113 335 1163 νομίζειν.
407 1117 487 1156 πῶς
520 1115 596 1166 γὰρ
628 1114 695 1154 οὐκ
732 1115 914 1167 αἰσχρόν,
949 1116 1105 1164 μᾶλλον
1141 1113 1173 1153 δ’
1206 1114 1243 1154 εἴ
1275 1130 1332 1155 τις
1367 1113 1479 1154 ἔστιν

152 1179 355 1231 ὑπερβολὴ
372 1181 521 1227 τούτου,
540 1180 630 1222 τοὺς
647 1181 875 1223 σεσωκότας
891 1181 991 1231 ἡμᾶς
1007 1181 1094 1221 τότε
1112 1180 1174 1220 καὶ
1191 1179 1261 1230 τὴν
1277 1178 1479 1235 σῴζουσαν

153 1246 240 1297 περὶ
268 1246 377 1297 ἡμῶν
402 1249 545 1299 ψῆφον
575 1246 772 1297 θεμένους,
800 1248 959 1289 τούτους
989 1250 1068 1287 τῶν
1097 1247 1285 1288 ἐναντίων
1313 1263 1475 1300 τετυχη-

154 1311 262 1353 κέναι
296 1315 360 1353 διὰ
396 1313 566 1360 τούτους,
600 1315 663 1354 καὶ
696 1317 918 1366 περιῶφθαι
953 1317 1114 1353 τοιαῦτα
1146 1314 1392 1355 πεπονθότας
1424 1313 1477 1354 οῖ’

151 1377 306 1422 οὐδένες
331 1379 448 1420 ἄλλοι
467 1384 544 1420 τῶν
562 1379 792 1430 Ἑλλήνων;
831 1382 889 1423 τίς
909 1380 976 1421 οὗν
997 1380 1016 1419 ὁ
1035 1380 1182 1421 τούτων
1201 1381 1342 1427 αἵτιος;
1380 1381 1438 1421 τίς
1458 1381 1478 1419 ὁ

151 1448 272 1486 ταῦτα
296 1446 535 1498 φενακίσας,·
574 1447 648 1500 οὐχ
672 1447 804 1493 οὗτος;

219 1514 363 1552 Πολλὰ
403 1514 534 1554 τοίνυν
573 1513 620 1554 ἄν
658 1530 728 1559 τις,
770 1512 799 1553 ὦ
838 1512 977 1565 ἄνδρες
1015 1513 1232 1563 Ἀθηναῖοι,
1274 1514 1478 1554 Φίλιππον
1507 1519 1552 1561 67

152 1578 425 1630 εὐδαιμονίσας
445 1582 513 1629 τῆς
532 1579 653 1633 τύχης
675 1580 845 1626 εἰκότως,
867 1583 980 1620 τοῦτο
1005 1578 1167 1631 μάλιστ’
1187 1579 1235 1620 ἂν
1260 1579 1475 1630 εὐδαιμονί-

152 1661 261 1686 σειεν
281 1645 477 1692 ἁπάντων,
501 1646 521 1686 ὃ
545 1648 599 1697 μὰ
623 1646 713 1689 τοὺς
733 1646 846 1688 θεοὺς
867 1646 928 1687 καὶ
948 1648 1017 1688 τὰς
1037 1648 1127 1688 θεὰς
1147 1646 1214 1687 οὐκ
1240 1646 1319 1699 ἔχω
1344 1646 1478 1699 λέγειν

151 1711 268 1764 ἔγωγ’
289 1712 415 1753 ἄλλον
440 1714 553 1755 ὅστις
577 1713 794 1766 ηὐτύχηκεν
815 1713 880 1766 ἐφ’
900 1713 1022 1764 ἡμῶν.
1083 1713 1127 1753 τὸ
1151 1716 1224 1764 μὲν
1248 1715 1323 1765 γὰρ
1343 1714 1479 1755 πόλεις

150 1778 327 1830 μεγάλας
352 1779 559 1831 εἰληφέναι
585 1781 648 1821 καὶ
673 1781 808 1834 χώραν
827 1780 983 1831 πολλὴν
1002 1780 1072 1832 ὑφ’
1093 1782 1213 1835 ἑαυτῷ
1240 1782 1480 1830 πεποιῆσθαι

152 1845 213 1885 καὶ
238 1845 366 1886 πάντα
388 1848 436 1886 τὰ
461 1850 619 1886 τοιαῦτα
646 1847 799 1897 ζηλωτὰ
823 1846 894 1898 μέν
920 1848 1045 1893 ἐστιν,
1073 1847 1193 1898 οἶμαι,
1218 1848 1279 1888 καὶ
1303 1846 1477 1899 λαμπρά·

151 1915 232 1954 πῶς
257 1914 332 1964 γὰρ
356 1913 419 1959 οὔ;
458 1913 545 1966 ἔχοι
574 1913 606 1953 δ’
631 1913 678 1954 ἄν
709 1930 768 1956 τις
798 1915 922 1955 εἰπεῖν
954 1913 1212 1967 πεπραγμένα
1241 1914 1304 1954 καὶ
1334 1912 1478 1965 ἑτέροις

151 1983 330 2021 πολλοῖς.
402 1979 494 2019 ἀλλ’
527 1979 643 2020 ἐκεῖν’
677 1982 776 2021 ἴδιον
808 1981 872 2021 καὶ
906 1981 1034 2022 οὐδενὶ
1066 1981 1144 2022 τῶν
1178 1980 1335 2021 πάντων
1366 1979 1476 2034 ἄλλῳ
1507 1983 1553 2018 68

150 2045 313 2096 γεγονὸς
339 2045 547 2099 εὐτύχημα.
607 2046 651 2086 τὸ
675 2050 806 2094 ποῖον,·
844 2047 887 2087 τὸ
911 2048 1045 2099 ἐπειδὴ
1067 2049 1243 2100 πονηρῶν
1262 2047 1478 2099 ἀνθρώπων

151 2112 206 2154 εἰς
230 2113 277 2152 τὰ
303 2111 497 2164 πράγματ’
516 2113 617 2167 αὐτῷ
645 2112 819 2165 ἐδέησεν,
847 2114 1133 2168 πονηροτέρους
1162 2116 1287 2166 εὑρεῖν
1312 2111 1335 2164 ἦ
1362 2114 1477 2164 ἐβού-

193 2231 213 2259 3
239 2221 308 2262 νῦν]
328 2224 383 2253 νῦν
399 2222 437 2260 δὴ
455 2221 564 2252 Cobet
681 2223 703 2252 6
727 2223 807 2255 ὅλως
825 2223 852 2255 δ’
871 2228 948 2254 ante
966 2222 1031 2255 οὐδ’
1048 2224 1124 2255 add.
1147 2224 1172 2253 L
1191 2223 1278 2262 vulg.
1297 2235 1304 2254 z
1328 2234 1392 2254 om.
1411 2222 1478 2253 ΞΥ

155 2274 192 2293 12
209 2267 266 2296 τοῦ
282 2264 407 2297 τούτων
418 2265 492 2295 edd.
509 2264 715 2296 Turicenses
731 2276 737 2294 ε
763 2265 879 2298 τούτου
891 2270 957 2299 τῶν
972 2265 1008 2297 5¹
1027 2278 1033 2297 :
1057 2270 1114 2298 τοῦ
1131 2270 1195 2298 τῶν
1208 2266 1340 2299 Φωκέων
1354 2267 1377 2297 S
1389 2277 1474 2297 corr.

153 2306 178 2337 L
192 2307 281 2346 vulg.
372 2318 479 2346 22—23
502 2309 519 2340 ἲ)
536 2331 543 2338 .
564 2331 571 2338 .
591 2331 598 2339 .
621 2308 800 2348 εὐτύχηκεν
816 2309 904 2348 vulg.
924 2321 930 2340 :
956 2309 991 2342 οὗ
1010 2310 1058 2347 (ὀὺ
1077 2310 1115 2349 S)
1135 2334 1142 2341 .
1164 2334 1171 2340 .
1191 2334 1198 2341 .
1216 2310 1434 2351 εὐτετύχηκεν
1450 2310 1475 2340 S

153 2349 191 2380 Ll
204 2350 234 2389 Q
250 2364 301 2392 γρ.
317 2350 375 2391 (ex
391 2352 520 2382 duabus
538 2351 741 2382 lectionibus
758 2353 952 2394 conflatum)
969 2363 976 2383 ε
1001 2352 1036 2384 οὗ
1055 2376 1061 2383 .
1083 2377 1088 2382 .
1107 2376 1114 2383 .
1135 2353 1320 2394 τετύχηκεν
1336 2354 1474 2394 Sauppe

151 2403 192 2432 29
217 2393 350 2432 ἐδέησεν
366 2396 449 2436 αὐτῷ
467 2398 480 2425 t

196 2457 382 2487 mmmmm„
402 2458 478 2479 vox„
501 2459 520 2480 1.
1304 2453 1344 2483 23
