1731 2844
121 515 138 546 5

100 845 138 868 10

98 1507 138 1529 20

98 1838 135 1870 25

162 125 218 179 XI]
442 128 601 166 ΠΡΟΣ
645 128 775 165 ΤΗΝ
827 126 1197 164 ΕΠΙΣΤΟΛΗΝ

159 230 290 287 ἀπάτῃ
321 232 383 272 καὶ
415 232 488 285 βίᾳ
521 229 744 284 κατέχηται,
773 229 946 281 καθάπερ
977 228 1053 269 ὑπὸ
1085 228 1223 269 τούτου
1255 233 1335 275 νῦν,
1361 232 1479 281 μικρὰ

159 298 364 350 πρόφασις
406 298 468 338 καὶ
508 297 553 338 τὸ
591 296 712 350 τυχὸν
752 299 932 347 πταῖσμα
973 294 1126 348 ταχέως
1167 295 1264 335 αὐτὰ
1305 295 1479 336 διέσεισε

161 365 222 404 καὶ
262 363 493 405 κατέλυσεν.
564 363 627 404 καὶ
674 362 869 404 πολλάκις
919 363 1087 414 εὑρίσκω
1133 362 1388 414 λογιζόμενος
1435 363 1478 402 οὐ

159 431 293 481 μόνον,
314 428 344 470 ὦ
368 429 505 482 ἄνδρες
524 429 738 480 Ἀθηναῖοι,
765 430 813 469 τὰ
839 430 1068 482 συμμαχικὰ
1091 432 1144 483 τῷ
1170 429 1358 482 Φιλίππῳ
1385 428 1479 480 πρὸς

159 497 337 549 ὑποψίαν
372 497 518 547 ἥκοντα
554 496 616 536 καὶ
657 494 906 546 δυσμένειαν,
946 495 1052 535 ἀλλὰ
1089 494 1151 534 καὶ
1187 495 1235 534 τὰ
1272 497 1341 544 τῆς
1382 495 1480 536 ἰδίας

158 564 282 616 ἀρχῆς
307 562 351 603 οὐ
380 561 685 614 συνηρμοσμένα
719 565 848 604 καλῶς
879 560 959 602 οὐδ’
984 562 1135 603 οἰκείως
1168 560 1248 601 οὐδ’
1274 561 1325 602 ὡς
1358 561 1485 601 οἴεταί

158 646 228 671 τις.
298 630 400 671 ὅλως
434 630 507 679 μὲν
539 630 613 681 γὰρ
645 628 668 679 ἡ
703 627 952 678 Μακεδονικὴ
986 628 1145 679 δύναμις
1177 629 1219 668 ἐν
1251 629 1322 678 μὲν
1355 644 1479 680 προσ-

158 694 277 746 θήκης
300 694 408 746 μέρει
431 694 556 747 ῥοπὴν
581 694 665 748 ἔχει
690 696 776 735 τινὰ
802 695 864 734 καὶ
887 696 1045 747 χρῆσιν,
1067 693 1161 745 αὐτὴ
1187 695 1229 734 δὲ
1255 693 1340 734 καθ’
1360 693 1480 744 αὑτὴν

157 760 328 812 ἀσθενής
365 763 450 802 ἐστι
488 762 550 802 καὶ
582 760 679 813 πρὸς
717 764 948 811 τηλικοῦτον
986 763 1105 813 ὄγκον
1139 759 1380 813 πραγμάτων
1417 760 1477 800 εὐ-

159 828 468 880 καταφρόνητος.
540 827 597 867 ἔτι
629 827 662 867 δ’
690 827 810 877 αὐτὴν
840 827 952 870 οὗτος
982 831 1064 870 τοῖς
1089 826 1277 878 πολέμοις
1304 827 1366 866 καὶ
1395 830 1479 868 ταῖς

158 894 380 946 στρατείαις
400 894 462 934 καὶ
487 896 610 934 πᾶσιν
637 894 694 935 οῖς
720 893 768 935 ἄν
792 911 850 935 τις
876 894 993 935 αὐτὸν
1017 893 1142 946 μέγαν
1168 893 1267 934 εἶναι
1286 894 1477 944 νομίσειε,

160 960 470 1012 σφαλερωτέραν
502 961 604 1014 αὑτῷ
640 962 863 1011 πεποίηκεν.
933 960 984 1011 μὴ
1019 962 1092 1012 γὰρ
1125 959 1262 1006 οἴεσθ’,
1290 958 1319 1000 ὦ
1344 959 1480 1011 ἄνδρες

159 1026 372 1077 Ἀθηναῖοι,
400 1030 479 1068 τοῖς
507 1027 637 1069 αὐτοῖς
673 1027 825 1080 χαίρειν
851 1027 1054 1067 Φίλιππόν
1078 1043 1121 1067 τε
1146 1027 1208 1066 καὶ
1237 1025 1326 1068 τοὺς
1359 1027 1478 1079 ἀρχο-

157 1092 308 1143 μένους,
336 1092 427 1133 ἆλλ’
446 1092 639 1134 ἐννοεῖσθ’
662 1093 713 1135 ὡς
738 1094 758 1133 ὁ
783 1095 853 1144 μὲν
880 1094 1060 1143 ἐπιθυμεῖ
1082 1091 1209 1143 δόξης,
1231 1094 1267 1133 οἱ
1291 1091 1324 1132 δ’
1344 1093 1477 1144 ἀσφα-

157 1160 279 1205 λείας,
308 1159 369 1199 καὶ
395 1159 495 1213 αὐτῷ
530 1161 602 1210 μὲν
635 1160 703 1199 οὐκ
736 1160 822 1200 ἔστι
854 1163 987 1212 τυχεῖν
1020 1160 1161 1209 ταύτης
1194 1159 1417 1204 ἀκινδύνως,
1444 1160 1479 1199 οἱ

158 1224 191 1265 δ’
205 1226 317 1265 οὐδὲν
336 1224 503 1275 δέονται,
525 1226 825 1268 καταλείποντες
845 1227 945 1266 οἴκοι
965 1224 1093 1271 τέκνα,
1116 1228 1257 1277 γονεῖς,
1279 1229 1477 1277 γυναῖκας,

158 1293 391 1343 φθείρεσθαι
412 1292 473 1332 καὶ
500 1291 584 1332 καθ’
604 1291 775 1342 ἑκάστην
800 1291 947 1344 ἡμέραν
969 1292 1203 1332 κινδυνεύειν
1226 1292 1323 1343 ὑπὲρ
1348 1291 1476 1332 αὐτοῦ.

157 1357 261 1398 ὥστε
294 1357 384 1399 τοὺς
415 1360 487 1409 μὲν
515 1357 690 1400 πολλοὺς
719 1361 797 1398 τῶν
823 1358 1064 1398 Μακεδόνων
1089 1359 1131 1398 ἐκ
1160 1358 1309 1398 τούτων
1341 1357 1388 1397 ἄν
1420 1373 1478 1399 τις

158 1424 232 1464 ἴδοι
256 1428 337 1466 πῶς
361 1423 573 1465 διάκεινται
597 1424 694 1477 πρὸς
718 1423 786 1465 τὸν
812 1425 1027 1464 Φίλιππον·
1065 1424 1154 1465 τοὺς
1179 1426 1220 1464 δὲ
1245 1424 1334 1475 περὶ
1358 1423 1477 1463 αὐτὸν

156 1491 272 1532 ὄντας
296 1491 472 1543 ἑταίρους
497 1492 557 1532 καὶ
582 1491 673 1533 τοὺς
690 1494 768 1531 τῶν
786 1489 909 1541 ξένων
932 1490 1128 1542 ἡγεμόνας
1154 1488 1339 1542 εὑρήσετε
1358 1488 1476 1540 δόξαν

156 1558 229 1607 μὲν
257 1557 422 1610 ἔχοντας
456 1556 515 1597 ἐπ’
539 1557 709 1611 ἀνδρείᾳ,
736 1560 922 1609 περιδεῶς
954 1559 996 1597 δὲ
1028 1559 1185 1607 μᾶλλον
1216 1560 1293 1597 τῶν
1326 1555 1476 1606 ἀδόξων

159 1623 315 1672 ζῶντας.
374 1626 454 1665 τοῖς
477 1625 549 1675 μὲν
567 1625 644 1675 γὰρ
662 1624 682 1663 ὁ
701 1623 798 1676 πρὸς
822 1623 911 1665 τοὺς
936 1623 1147 1674 πολεμίους
1170 1623 1291 1674 μόνον
1309 1621 1476 1675 ὑπάρχει

158 1690 345 1736 κίνδυνος,
372 1691 408 1730 οἱ
433 1692 476 1730 δὲ
499 1690 589 1731 τοὺς
615 1691 785 1732 κόλακας
811 1691 873 1730 καὶ
898 1689 987 1731 τοὺς
1011 1688 1306 1740 διαβάλλοντας
1338 1689 1476 1730 αὐτοὺς

156 1758 312 1805 μᾶλλον
343 1752 366 1805 ἢ
398 1757 467 1798 τὰς
499 1754 629 1809 μάχας
661 1758 828 1797 δεδίασι·
878 1757 1050 1797 κάκεῖνοι
1081 1757 1152 1806 μὲν
1188 1757 1287 1806 μετὰ
1319 1754 1476 1796 πάντων

157 1821 411 1873 ἀγωνίζονται
443 1822 539 1874 πρὸς
571 1822 660 1864 τοὺς
693 1822 1012 1876 ἀντιταχθέντας,
1038 1826 1120 1864 τοῖς
1152 1824 1195 1863 δὲ
1229 1823 1290 1863 καὶ
1323 1825 1401 1862 τῶν
1434 1823 1475 1862 ἐν

156 1891 238 1929 τοῖς
273 1887 462 1939 πολέμοις
499 1892 624 1929 κακῶν
659 1888 726 1929 οὐκ
767 1888 987 1943 ἐλάχιστον
1023 1888 1141 1941 μέρος
1179 1888 1377 1940 μέτεστιν,
1414 1888 1476 1928 καὶ

156 1955 276 2006 χωρὶς
306 1955 384 2008 ἰδίᾳ
415 1954 483 1995 τὸν
515 1956 659 2007 τρόπον
691 1955 759 1997 τὸν
790 1959 858 1996 τοῦ
889 1955 1095 2007 βασιλέως
1122 1957 1343 2008 φοβεῖσθαι
1376 1971 1473 2004 συμ-

202 2072 216 2092 1
241 2062 350 2103 μικρὰ]
368 2063 387 2102 ἡ
404 2064 512 2105 πρώτη
530 2063 550 2093 ii
568 2074 589 2102 9
753 2075 773 2094 2
795 2066 833 2098 τὸ
849 2065 968 2106 τυχὸν]
985 2066 1097 2106 μικρὸν
1114 2064 1134 2094 ii
1151 2074 1172 2103 9
1292 2063 1372 2095 αὐτὰ
1390 2061 1473 2093 SA:

157 2104 280 2138 ἅπαντα
296 2107 384 2145 vulg.
406 2112 439 2137 et
457 2107 479 2136 ii
496 2117 517 2145 9
628 2107 766 2140 διέσεισε
784 2109 835 2140 καὶ
852 2108 1033 2140 κατέλυσεν
1051 2108 1074 2138 S
1089 2119 1094 2136 :
1121 2106 1250 2139 διέλυσε
1267 2107 1318 2138 καὶ
1335 2104 1475 2137 διέσεισε

156 2147 187 2177 Α
202 2160 209 2179 :
233 2149 371 2181 διέσεισε
388 2151 439 2182 καὶ
456 2149 585 2182 διέλυσε
603 2151 693 2190 vulg.
713 2151 915 2192 (ἀνεχαίτισε
933 2153 984 2183 καὶ
1001 2150 1130 2183 διέλυσε
1148 2150 1170 2179 ii
1185 2151 1218 2189 9)
1364 2159 1404 2179 10
1427 2149 1475 2180 ἔτι

157 2192 183 2222 δ’
200 2193 299 2231 αὐτὴν
314 2193 404 2234 sqq.]
423 2193 462 2224 cs.
480 2194 501 2223 ii
523 2203 560 2233 15
577 2204 652 2233 sqq.
786 2194 876 2227 οὗτος
900 2194 966 2225 SA
983 2206 989 2224 τ
1021 2195 1115 2225 αὐτὸς
1137 2193 1167 2223 Y
1179 2193 1210 2223 Ο
1228 2203 1234 2223 :
1266 2191 1357 2224 οὗτος
1381 2193 1475 2224 αὐτὸς

157 2236 246 2274 vulg.
420 2247 457 2276 13
480 2237 639 2269 Φίλιππόν
655 2251 690 2269 τε
707 2238 831 2279 χαίρειν
848 2237 879 2268 Α
893 2237 923 2268 O
941 2243 974 2268 et
991 2238 1011 2267 ii
1033 2246 1069 2274 15
1249 2245 1286 2274 15
1312 2235 1411 2277 αὐτῷ]
1430 2239 1474 2275 τῷ

158 2277 255 2309 Blass
390 2281 427 2310 16
451 2280 559 2320 οὐδὲν]
577 2282 612 2312 οὐ
631 2281 654 2311 S
743 2281 994 2314 καταλείποντες
1013 2280 1035 2310 S
1052 2279 1153 2310 Vind.
1176 2289 1188 2308 1
1205 2290 1212 2309 z
1239 2278 1474 2311 καταλιπόντες

157 2322 245 2361 vulg.
425 2333 460 2362 17
501 2323 578 2365 ὑπὲρ
609 2326 706 2356 αὐτοῦ
737 2325 827 2363 vulg.
844 2335 851 2354 ε
889 2323 965 2363 ὑπὲρ
997 2325 1101 2355 αὐτῶν
1134 2321 1200 2352 SA
1215 2333 1221 2352 :
1260 2322 1338 2353 secl.
1375 2322 1474 2352 Blass

156 2375 198 2395 20
222 2365 388 2405 εὑρήσεται
407 2367 431 2397 S
574 2377 610 2397 21
638 2367 772 2407 ἀδόξων]
792 2367 926 2407 ἐνδόξων
944 2366 981 2397 Sl
1121 2375 1161 2395 22
1187 2368 1203 2397 ὖ
1220 2370 1298 2396 ante
1315 2366 1391 2406 πρὸς
1408 2374 1470 2396 om.

158 2409 181 2438 S
194 2407 291 2440 FY¹=
317 2409 390 2440 add.
411 2409 441 2440 A
455 2410 484 2441 Ο
618 2420 658 2449 27
683 2413 853 2450 φοβεῖσθαι
871 2414 947 2449 post
965 2410 1026 2451 ἰδίᾳ
1045 2407 1109 2439 FY
1121 2408 1152 2439 O

1510 128 1614 183 [154]

1508 1331 1608 1421 2255]

1508 1773 1545 1798 11
