1763 2828
123 114 211 169 [30]

132 325 210 426 [εμὲ

167 768 210 794 ῙΟ

168 1101 205 1127 ΙΙ

167 1572 206 1598 12

167 2108 206 2141 13

122 2159 206 2215 [32]

672 115 1161 153 ΔΗΜΟΣΘΕΝΟΎΣ
1511 108 1575 162 [111

242 218 346 269 ἡμῖν,
376 219 646 270 ἀπειρηκότων
672 221 713 260 δὲ
737 218 917 271 χρήμασι
938 218 1121 264 Φωκέων,
1149 217 1316 269 μηδενὸς
1342 218 1373 258 δ’
1396 220 1576 270 ἐμποδὼν

240 286 352 327 ὄντος
390 287 579 340 Φιλίππῳ
621 288 669 325 τὰ
706 286 883 338 παρόντα
927 284 1291 340 καταστρεψαμένῳ
1333 285 1430 337 πρὸς
1470 286 1576 326 ταῦτ’

242 353 437 393 ἐπικλῖναι
470 354 517 392 τὰ
551 337 819 405 πράγματα-ζ]
846 354 952 393 ἀλλὰ
983 353 1061 403 μὴν
1095 354 1131 393 εἵ
1153 368 1211 394 τις
1246 353 1353 403 ὑμῶν
1386 354 1441 394 εἰς
1473 353 1575 393 τοῦτ’

239 419 516 470 ἀναβάλλεται
540 419 723 469 ποιήσειν
748 422 795 460 τὰ
821 419 972 466 δέοντα,
996 421 1092 460 ἰδεῖν
1117 419 1284 471 ἐγγύθεν
1309 419 1502 470 βούλεται
1527 421 1575 460 τὰ

240 485 360 532 δεινά,
393 484 483 536 ἐξὸν
516 486 671 527 ἀκούειν
705 486 848 527 ἄλλοθι
882 487 1111 539 γιγνόμενα,
1149 487 1210 526 καὶ
1244 486 1418 537 βοηθοὺς
1452 488 1574 542 ἑαυτῷ

241 553 381 603 ζητεῖν,
415 552 505 603 ἐξὸν
535 556 602 594 νῦν
633 552 779 605 ἑτέροις
809 552 927 594 αὐτὸν
957 556 1136 604 βοηθεῖν·
1179 553 1240 593 ὅτι
1269 555 1346 606 γὰρ
1376 554 1432 594 εἰς
1461 557 1575 594 τοῦτο

240 619 525 672 περιστήσεται
568 622 616 659 τα
658 619 881 672 πράγματα,
926 622 995 661 ἐὰν
1038 622 1086 659 τὰ
1128 620 1303 672 παρόντα
1350 620 1572 671 προώμεθα,

240 681 388 739 σχεδὸν
414 688 530 738 ἴσμεν
555 686 727 728 ἅπαντες
752 685 889 737 δήπου.

306 753 422 794 Ἀλλ’
446 754 506 794 ὅτι
530 755 603 804 μὲν
627 753 673 803 δὴ
701 756 762 794 δεῖ
781 756 961 804 βοηθεῖν,
983 754 1086 795 εἴποι
1111 770 1169 796 τις
1195 753 1253 800 ἄν,
1280 752 1425 795 πάντες
1451 754 1572 806 ἐγνώ-

239 837 373 870 καμεν,
396 821 458 861 καὶ
483 819 753 871 βοηθήσομεν·
790 819 835 860 τὸ
856 820 888 860 δ’
908 821 1026 867 ὅπως,
1048 824 1163 861 τοῦτο
1187 820 1296 873 λέγε.
1355 820 1407 871 μὴ
1427 821 1570 866 τοίνυν,

239 885 268 927 ὦ
299 886 436 939 ἄνδρες
461 886 677 937 Ἀθηναῖοι,
706 886 945 938 θαυμάσητε,
974 887 1022 928 ἂν
1049 886 1273 940 παράδοξον
1298 889 1394 928 εἴπω
1425 904 1461 928 τι
1491 891 1573 930 τοῖς

238 958 420 996 πολλοῖς.
491 953 705 1005 νομοθέτας
739 955 943 995 καθίσατε.
1016 955 1058 995 ἐν
1087 957 1128 995 δὲ
1160 955 1313 996 τούτοις
1342 957 1424 996 τοῖς
1457 970 1573 1005 νομο-

240 1020 369 1063 θέταις
393 1021 445 1072 μὴ
473 1023 597 1072 θῆσθε
627 1021 749 1072 νόμον
772 1021 922 1072 μηδένα
944 1020 1039 1073 (εἰσὶ
1064 1022 1140 1074 γὰρ
1164 1022 1254 1072 ὑμῖν
1281 1019 1439 1070 ἱκανοί),
1467 1022 1574 1062 ἀλλὰ

239 1089 330 1130 τοὺς
364 1090 418 1130 εἷς
451 1087 495 1129 τὸ
528 1088 653 1140 παρὸν
686 1087 944 1139 βλάπτοντας
974 1089 1073 1139 ὑμᾶς
1106 1088 1272 1129 λύσατε.
1341 1087 1448 1140 λέγω
1485 1088 1574 1130 τοὺς

239 1156 327 1207 περὶ
370 1159 448 1196 τῶν
491 1158 699 1207 θεωρικῶν,
744 1159 886 1208 σαφῶς
927 1156 1087 1201 οὑτωσί,
1131 1156 1193 1195 καὶ
1235 1154 1326 1197 τοὺς
1367 1156 1455 1208 περὶ
1496 1158 1574 1196 τῶν

240 1221 563 1274 στρατευομένων
589 1223 727 1268 ἐνίους,
755 1223 809 1262 ὧν
836 1224 871 1263 οἱ
900 1224 973 1273 μὲν
999 1224 1047 1262 τὰ
1073 1223 1336 1275 στρατιωτικὰ
1360 1226 1444 1264 τοῖς
1474 1223 1573 1262 οἴκοι

237 1288 401 1340 μένουσι
428 1289 657 1341 διανέμουσι
682 1289 860 1341 θεωρικά,
890 1291 926 1330 οἱ
956 1291 998 1330 δὲ
1023 1289 1113 1332 τοὺς
1138 1290 1401 1330 ἀτακτοῦντας
1427 1286 1573 1343 ἀθῴους

240 1359 487 1402 καθιστᾶσιν,
528 1357 610 1397 εἶτα
648 1357 709 1397 καὶ
745 1356 835 1398 τοὺς
870 1358 918 1396 τὰ
954 1355 1094 1397 δέοντα
1135 1359 1262 1397 ποιεῖν
1301 1354 1572 1406 βουλομένους

239 1423 500 1476 ἀθυμοτέρους
533 1427 730 1464 ποιοῦσιν.
802 1424 961 1464 ἐπειδὰν
992 1425 1033 1463 δὲ
1067 1426 1188 1464 ταῦτα
1221 1424 1370 1474 λύσητε
1406 1423 1468 1463 καὶ
1501 1422 1573 1472 τὴν

237 1494 304 1530 τοῦ
333 1492 379 1530 τὰ
403 1490 604 1542 βέλτιστα
631 1490 765 1543 λέγειν
785 1490 875 1530 ὁδὸν
900 1489 1126 1544 παράσχητ’
1153 1491 1333 1542 ἀσφαλῆ,
1362 1493 1573 1541 τηνικαῦτα

236 1557 305 1598 τὸν
330 1557 526 1610 γράψονθ’
552 1558 575 1598 ἃ
601 1557 744 1599 πάντες
768 1556 850 1597 ἴσθ’
875 1558 936 1597 ὅτι
961 1557 1157 1610 συμφέρει
1184 1557 1342 1608 ζητεῖτε.
1414 1557 1505 1609 πρὶν
1530 1559 1572 1597 δὲ

237 1627 358 1664 ταῦτα
384 1624 541 1677 πρᾶξαι,
562 1624 615 1675 μὴ
642 1628 828 1666 σκοπεῖτε
852 1625 911 1666 τίς
937 1625 1056 1665 εἰπὼν
1075 1626 1124 1664 τὰ
1143 1623 1330 1675 βέλτισθ’
1349 1624 1446 1676 ὑπὲρ
1465 1625 1572 1675 ὑμῶν

235 1690 304 1743 ὑφ’
332 1692 439 1742 ὑμῶν
469 1691 694 1732 ἀπολέσθαι
722 1690 983 1742 βουλήσεται·
1026 1691 1071 1731 οὐ
1101 1693 1176 1744 γὰρ
1207 1689 1405 1743 εὑρήσετε,
1436 1690 1571 1732 ἄλλως

236 1775 279 1799 τε
305 1759 365 1798 καὶ
390 1759 528 1798 τούτου
546 1759 668 1809 μόνου
687 1760 989 1811 περιγίγνεσθαι
1013 1758 1247 1809 μέλλοντος,
1268 1761 1410 1799 παθεῖν
1429 1758 1570 1799 ἀδίκως

237 1843 274 1866 τι
301 1824 418 1865 κακὸν
437 1825 505 1866 τὸν
524 1825 633 1865 ταῦτ’
655 1826 817 1866 εἰπόντα
838 1826 900 1866 καὶ
920 1825 1145 1878 γράψαντα,
1165 1828 1288 1877 μηδὲν
1307 1825 1340 1865 δ’
1360 1825 1570 1878 ὠφελῆσαι

236 1894 285 1932 τὰ
315 1892 537 1945 πράγματα,
566 1893 672 1932 ἀλλὰ
704 1892 764 1932 καὶ
796 1894 851 1934 εἷς
880 1892 923 1933 τὸ
952 1893 1096 1934 λοιπὸν
1121 1896 1278 1944 μᾶλλον
1303 1892 1356 1932 ἔτ’
1382 1890 1405 1942 ἢ
1435 1895 1504 1933 νῦν
1527 1891 1571 1931 τὸ

236 1961 284 2000 τὰ
308 1958 506 2010 βέλτιστα
530 1959 665 2012 λέγειν
690 1960 971 2012 φοβερώτερον
996 1962 1172 2010 ποιῆσαι.
1240 1959 1301 2000 καὶ
1325 1959 1436 2000 λύειν
1460 1958 1512 2012 γ’,
1540 1957 1570 1998 ὦ

238 2026 374 2079 ἄνδρες
394 2026 610 2078 Ἀθηναῖοι,
632 2027 723 2068 τοὺς
741 2028 884 2078 νόμους
905 2030 965 2067 δεῖ
980 2027 1140 2068 τούτους
1158 2026 1248 2068 τοὺς
1272 2026 1411 2068 αὐτοὺς
1436 2024 1570 2075 ἀξιοῦν

237 2094 348 2146 οἵπερ
375 2094 436 2134 καὶ
462 2093 689 2144 τεθήκασιν·
727 2094 771 2134 οὐ
795 2093 870 2146 γάρ
897 2095 984 2134 ἐστι
1009 2095 1171 2139 δίκαιον,
1199 2093 1270 2143 τὴν
1293 2095 1365 2144 μὲν
1389 2092 1519 2145 χάριν,
1545 2091 1569 2142 ἢ

238 2163 372 2200 πᾶσαν
403 2162 582 2211 ἔβλαπτε
611 2161 683 2211 τὴν
712 2161 842 2206 πόλιν,
879 2164 959 2202 τοῖς
988 2162 1077 2200 τότε
1110 2163 1238 2200 θεῖσιν
1267 2159 1471 2212 ὑπάρχειν,
1498 2159 1569 2209 τὴν

286 2279 323 2300 12
351 2270 504 2301 καθίσατε
531 2269 679 2306 Bekker,
706 2268 746 2299 cf.
772 2268 851 2298 xxiv
878 2278 927 2306 25.
955 2269 1007 2306 26,
1035 2278 1086 2307 27,
1114 2278 1178 2307 29:
1211 2270 1385 2299 καθιστᾶτε
1411 2266 1434 2297 S
1460 2266 1569 2305 vulg:

239 2314 413 2345 καθίστατε
431 2314 473 2343 al.
656 2322 694 2351 13
727 2314 797 2351 ὑμῖν
821 2318 901 2342 ante
931 2313 1032 2344 ἱκανοί
1055 2312 1164 2349 vulg:
1199 2316 1275 2350 post
1301 2311 1402 2342 ἱκανοί
1427 2309 1450 2340 S
1476 2311 1569 2340 solus

242 2367 279 2395 14
306 2362 382 2395 post
401 2357 488 2397 λέγω
505 2357 579 2386 add.
601 2355 635 2387 δὲ
655 2356 764 2395 vulg:
791 2356 866 2386 add.
888 2357 925 2393 δὴ
944 2355 973 2384 Y
990 2366 995 2384 :
1020 2365 1082 2385 om,
1104 2355 1127 2384 S
1222 2365 1258 2392 24
1288 2357 1345 2386 τοῦ
1362 2358 1441 2384 ante
1459 2356 1568 2385 παθεῖν

240 2401 314 2430 add.
333 2399 418 2438 vulg.
437 2412 441 2430 :
467 2410 532 2430 om.
554 2399 577 2427 S
596 2399 688 2429 solus

1597 839 1636 862 10

1597 1172 1633 1204 15

1595 1507 1634 1528 20

1591 2174 1632 2205 30
