1763 2828
81 124 198 179 [329]

132 1109 200 1146 314

82 1297 198 1353 [330]

132 1381 197 1417 315

136 1771 204 1815 316

661 121 1147 160 ΔΗΜΟΣΘΕΝΟΎΣ
1440 115 1559 170 [xvm

229 225 420 279 βήματος,
449 228 504 269 εἰς
530 227 730 277 σωτηρίαν
766 224 1015 270 ἐπεδίδοσαν,
1045 223 1106 264 καὶ
1131 223 1177 263 τὸ
1202 227 1428 264 τελευταῖον
1452 223 1559 276 Ἀρι-

229 294 410 336 στόνικος
435 293 479 333 τὸ
505 291 817 345 συνειλεγμένον
844 293 899 333 εἰς
923 291 995 342 τὴν
1021 291 1232 342 ἐπιτιμίαν,
1260 291 1347 331 οὐδὲ
1373 290 1453 331 τότ’
1472 291 1561 332 οὔτε

229 363 429 413 παρῆλθες
455 360 534 401 οὔτ’
557 359 755 401 ἐπέδωκας
782 358 906 405 οὐδέν,
930 358 997 398 οὐκ
1024 359 1196 411 ἀπορῶν,
1222 360 1304 399 πῶς
1329 357 1423 410 γάρ,·
1457 358 1500 400 ὅς
1524 357 1561 411 γ’

229 426 600 479 ἐκεκληρονομήκεις
625 429 697 478 μὲν
722 430 799 467 τῶν
827 427 1009 468 Φίλωνος
1034 428 1102 465 τοῦ
1127 427 1320 475 κηδεστοῦ
1349 424 1562 479 χρημάτων

228 498 344 536 πλεῖν
363 492 386 545 ἢ
406 494 523 536 πέντε
543 493 764 540 ταλάντων,
788 492 1024 534 διτάλαντον
1044 492 1076 533 δ’
1097 493 1202 546 εἶχες
1228 492 1366 544 ἔρανον
1385 489 1562 544 [δωρεὰν]

230 563 334 614 παρὰ
369 565 446 602 τῶν
477 561 683 614 ἡγεμόνων
720 564 798 601 τῶν
833 563 1060 612 συμμοριῶν
1094 559 1158 612 ἐφ’
1191 560 1248 601 οἶς
1280 558 1461 610 ἐλυμήνω
1493 558 1563 599 τὸν

229 629 504 682 τριηραρχικὸν
524 629 658 678 νόμον.
723 626 814 668 ἀλλ’
836 628 899 667 ἵνα
923 627 975 678 μὴ
993 627 1117 679 λόγον
1137 627 1179 666 ἐκ
1198 627 1322 678 λόγου
1339 624 1471 678 λέγων
1494 628 1564 665 τοῦ

230 696 422 748 παρόντος
448 694 615 745 ἐμαυτὸν
643 693 855 746 ἐκκρούσω,
879 694 1117 746 παραλείψω
1137 697 1271 733 ταῦτα.
1336 692 1428 733 ἀλλ’
1447 693 1508 732 ὅτι
1527 691 1563 744 γ’

230 762 319 815 οὐχὶ
333 761 380 801 δι’
395 761 545 801 ἔνδειαν
559 760 627 800 οὐκ
645 760 854 806 ἐπέδωκας,
871 761 912 800 ἐκ
925 761 1074 801 τούτων
1088 763 1221 811 δῆλον,
1235 760 1341 799 ἀλλὰ
1350 757 1564 811 φυλάττων

229 828 274 868 τὸ
306 830 427 879 μηδὲν
458 828 636 869 ἐναντίον
671 826 859 879 γενέσθαι
893 829 998 879 παρὰ
1034 831 1108 867 σοῦ
1139 827 1290 868 τούτοις
1320 828 1377 868 οἷς
1410 825 1565 867 ἅπαντα

228 894 440 936 πολιτεύει.
511 896 553 935 ἐν
583 896 690 935 τίσιν
720 894 787 934 οὖν
819 893 868 934 σὺ
903 895 1059 935 νεανίας
1093 893 1155 934 καὶ
1188 893 1332 943 πηνίκα
1363 893 1563 945 λαμπρός,·

229 961 329 1013 ἡνίκ’
355 962 403 1002 ἂν
429 963 525 1002 κατὰ
557 962 703 1002 τούτων
730 977 765 1001 τι
799 961 880 1017 δέῃ,
909 962 951 1001 ἐν
977 960 1129 1002 τούτοις
1158 961 1563 1012 λαμπροφωνότατος,

230 1029 586 1080 μνημονικώτατος,
614 1028 826 1079 ὑποκριτὴς
852 1027 1028 1080 ἄριστος,
1056 1026 1239 1080 τραγικὸς
1265 1028 1495 1079 Θεοκρίνης.

300 1095 399 1136 Εῖτα
413 1099 491 1136 τῶν
507 1095 699 1148 πρότερον
717 1094 994 1148 γεγενημένων
1011 1095 1169 1147 ἀγαθῶν
1185 1095 1337 1146 ἀνδρῶν
1352 1094 1565 1145 μέμνησαι.

231 1164 295 1204 καὶ
316 1166 445 1205 καλῶς
465 1167 601 1204 ποιεῖς.
658 1162 703 1202 οὐ
723 1161 858 1213 μέντοι
879 1163 1029 1203 δίκαιόν
1049 1163 1172 1207 ἐστιν,
1194 1160 1331 1213 ἄνδρες
1347 1160 1564 1211 Ἀθηναῖοι,

231 1230 302 1280 τὴν
332 1229 428 1282 πρὸς
457 1230 548 1272 τοὺς
579 1230 908 1280 τετελευτηκότας
943 1230 1097 1270 εὔνοιαν
1126 1228 1385 1281 ὑπάρχουσαν
1415 1232 1564 1280 προλα-

231 1298 358 1348 βόντα
387 1296 477 1349 παρ’
502 1297 609 1348 ὑμῶν
641 1296 737 1348 πρὸς
769 1298 941 1337 ἐκείνους
972 1295 1168 1347 ἐξετάζειν
1195 1295 1257 1335 καὶ
1286 1294 1567 1347 παραβάλλειν

233 1365 300 1414 ἐμὲ
319 1363 388 1404 τὸν
408 1367 477 1404 νῦν
499 1365 622 1414 ζῶντα
646 1362 730 1414 μεθ’
752 1364 872 1414 ὑμῶν.
934 1364 992 1404 τίς
1013 1365 1087 1415 γὰρ
1107 1363 1176 1404 οὐκ
1196 1362 1277 1402 οἶδε
1295 1366 1374 1402 τῶν
1394 1361 1565 1407 πάντων,

232 1431 292 1471 ὅτι
324 1434 405 1472 τοῖς
437 1433 511 1481 μὲν
546 1431 641 1480 ζῶσι
676 1433 798 1470 πᾶσιν
832 1430 978 1471 ὕπεστί
1007 1446 1066 1472 τις
1099 1426 1121 1479 ἦ
1155 1430 1303 1469 πλείων
1334 1425 1358 1478 ἢ
1392 1427 1566 1468 ἐλάττων

232 1498 393 1550 φθόνος,
415 1497 505 1539 τοὺς
524 1500 741 1539 τεθνεῶτας
767 1496 799 1537 δ’
823 1496 911 1537 οὐδὲ
936 1500 1013 1536 τῶν
1034 1497 1186 1549 ἐχθρῶν
1204 1494 1330 1537 οὐδεὶς
1355 1495 1412 1535 ἔτι
1435 1498 1565 1544 μισεῖ,·

231 1565 353 1607 οὕτως
378 1564 445 1605 οὖν
471 1564 647 1618 ἐχόντων
674 1563 821 1604 τούτων
840 1568 887 1620 τῇ
907 1563 1042 1615 φύσει,
1065 1562 1160 1614 πρὸς
1185 1561 1274 1603 τοὺς
1298 1559 1375 1613 πρὸ
1398 1562 1567 1611 ἐμαυτοῦ

232 1635 301 1672 νῦν
322 1632 400 1684 ἐγὼ
422 1632 608 1683 κρίνωμαι
637 1631 698 1671 καὶ
721 1633 942 1682 θεωρῶμαι;
979 1632 1178 1680 μηδαμῶς·
1216 1629 1304 1669 οὔτε
1323 1629 1399 1679 γὰρ
1417 1629 1567 1668 δίκαιον

233 1698 313 1739 οὔτ’
340 1700 443 1745 ἴσον,
466 1699 655 1751 Αἰσχίνη,
685 1698 791 1738 ἀλλὰ
817 1696 914 1748 πρὸς
939 1699 986 1737 σὲ
1013 1696 1074 1736 καὶ
1099 1695 1226 1736 ἄλλον
1253 1696 1289 1735 εἴ
1311 1711 1399 1734 τινα
1421 1695 1567 1746 βούλει

235 1770 312 1806 τῶν
337 1764 459 1806 ταύτά
491 1782 556 1805 σοι
581 1763 869 1821 προῃρημένων
897 1765 958 1804 καὶ
990 1763 1157 1813 ζώντων.
1230 1763 1386 1802 κάκεῖνο
1411 1763 1565 1802 σκόπει.

236 1834 402 1885 πότερον
452 1832 618 1873 κάλλιον
668 1833 730 1872 καὶ
776 1831 936 1882 ἄμεινον
988 1836 1036 1888 τῇ
1088 1831 1205 1871 πόλει
1256 1830 1320 1869 διὰ
1373 1831 1443 1870 τὰς
1490 1832 1568 1869 τῶν

280 1954 299 1973 2
343 1941 492 1984 ἀργύριον
523 1942 601 1974 add.
637 1946 713 1981 post
747 1940 907 1980 ἐπιτιμίαν
937 1940 987 1970 A:
1046 1944 1124 1970 ante
1158 1940 1201 1972 εἷς
1231 1938 1322 1978 vulg.
1341 1950 1348 1970 τ
1395 1949 1458 1970 om.
1493 1938 1516 1970 S
1530 1938 1567 1969 L¹

237 1998 255 2025 4
282 1986 587 2028 ἐκεκληρονομήκεις
604 1984 635 2016 Α
654 1984 818 2016 Schaefer
834 1996 840 2015 :
865 1983 1145 2025 κεκληρονόμηκας
1163 1984 1261 2015 codd.
1430 1992 1450 2022 5
1473 1985 1568 2015 πλεῖν

237 2030 357 2070 scripsi
372 2041 378 2061 ;
411 2029 570 2062 πλειόνων
588 2029 683 2060 codd.
808 2028 907 2059 πέντε
923 2027 1094 2059 ταλάντων
1112 2028 1138 2058 L
1156 2026 1249 2066 vulg.
1267 2038 1274 2057 :
1298 2026 1569 2059 πέντεταλάντων

239 2074 262 2105 S
277 2085 283 2104 :
309 2073 578 2106 πεντεταλάντων
596 2072 725 2103 Reiske
791 2071 860 2102 Aut
877 2071 966 2111 quod
983 2071 1102 2110 scripsi
1121 2071 1301 2110 legendum
1319 2080 1395 2101 esse
1413 2070 1565 2109 arbitror,

237 2122 296 2148 aut
320 2117 478 2149 πλειόνων
504 2116 650 2158 (ὄντων)
675 2117 694 2155 ἢ
727 2115 1006 2153 πεντεταλάντων,
1034 2115 1123 2154 quod
1156 2113 1242 2146 coni.
1268 2114 1360 2144 Weil
1450 2114 1569 2154 δωρεὰν

238 2172 303 2192 om.
323 2161 367 2191 Al
383 2173 389 2192 ε
414 2160 494 2192 secl.
514 2161 650 2200 Lipsius
786 2170 797 2189 1
810 2170 820 2189 1
849 2160 989 2191 νεανικὸς
1007 2159 1116 2189 Cobet
1205 2158 1348 2198 λαμπρός
1365 2156 1442 2188 secl.
1461 2156 1568 2187 Cobet

243 2214 280 2235 12
304 2205 385 2237 κατὰ
399 2205 523 2236 τούτων
535 2218 567 2236 τι
583 2204 620 2235 Sl
633 2204 725 2235 Solus
739 2215 745 2234 1
773 2204 873 2234 εἰπεῖν
887 2203 970 2234 κατὰ
982 2203 1105 2235 τούτων
1117 2215 1149 2234 τι
1166 2202 1210 2233 F:
1235 2203 1318 2233 κατὰ
1330 2200 1453 2233 τούτων
1467 2201 1568 2232 εἷπεῖν

238 2262 270 2280 τι
289 2249 312 2280 S
330 2258 416 2280 corr.
440 2248 465 2278 L
477 2249 507 2278 A
524 2260 530 2279 ε
567 2249 666 2280 εἰπεῖν
683 2261 713 2279 τι
731 2248 814 2279 κατὰ
830 2246 952 2278 τούτων
969 2247 1058 2285 vulg.
1254 2254 1292 2284 15
1321 2244 1344 2276 ὦ
1361 2249 1440 2275 ante
1458 2245 1568 2285 ἄνδρες

239 2293 315 2323 add.
335 2293 424 2332 vulg.
440 2307 445 2324 ε
474 2302 536 2322 om.
558 2291 581 2322 S
594 2292 618 2321 L
633 2291 659 2321 B
672 2291 702 2321 O
883 2292 922 2320 16
945 2290 1155 2332 προλαβόντα
1173 2289 1196 2321 S
1209 2289 1239 2320 O
1255 2299 1262 2319 ἒ
1289 2287 1524 2330 προσλαβόντα
1542 2287 1568 2318 L

239 2336 327 2375 vulg.
499 2337 537 2366 18
562 2338 617 2368 νῦν
635 2334 736 2375 ζῶντα
755 2334 778 2365 S
793 2334 817 2364 L
831 2334 860 2365 O
874 2333 903 2364 Y
920 2345 926 2364 :
953 2334 1098 2374 συζῶντα
1114 2333 1217 2373 ullg„
1235 2332 1339 2363 schol.
1360 2342 1390 2371 p.
1411 2341 1485 2371 322.
1504 2341 1546 2361 20
1561 2343 1567 2361 ε

241 2380 407 2420 συνζῶντα
425 2379 589 2411 Priscian.
607 2379 688 2409 xviii
706 2379 770 2416 285
962 2389 1001 2408 22
1027 2379 1176 2419 κρίνωμαι
1195 2378 1244 2408 καὶ
1263 2379 1421 2417 θεωρῶμαι
1441 2375 1464 2406 S
1479 2375 1503 2405 F
1516 2374 1542 2404 B
1561 2387 1568 2405 :

241 2425 384 2466 κρίνομαι
402 2425 452 2455 καὶ
471 2426 641 2465 θεωροῦμαι
660 2423 685 2452 L
697 2422 727 2452 Λ
743 2422 831 2461 vulg.

1589 844 1626 867 10

1590 1178 1626 1209 15

1589 1511 1629 1533 20

1591 1844 1628 1876 25
