1731 2844
774 520 841 559 III

567 640 973 690 ΟΛΤΝΘῙΑΚΟΣ
1022 645 1057 687 Γ

699 776 915 806 ὙΠΟΘΕΣῙΣ.

192 849 393 900 ’Έπεμψαν
415 849 593 899 βοήθειαν
616 852 691 889 τοῖς
716 848 923 889 Ὀλυνθίοις
952 851 986 887 οἱ
1014 848 1215 899 Ἀθηναῖοι,
1239 850 1301 887 καί
1325 867 1359 888 τι
1389 867 1472 889 κατ-

146 904 277 953 ορθοῦν
306 904 433 950 ἔδοξαν
462 903 504 941 δι’
534 906 653 953 αὐτῆς,
689 904 747 941 καὶ
775 902 874 942 ταῦτ’
903 905 1024 944 αὐτοῖς
1054 905 1326 956 ἀπηγγέλλετο.
1386 906 1404 942 ὁ
1434 905 1472 943 δὲ

145 958 258 1007 δῆμος
295 959 503 1009 περιχαρής,
546 959 583 995 οἵ
616 975 655 996 τε
693 959 842 1007 ῥήτορες
879 961 1160 1007 παρακαλοῦσιν
1199 959 1257 996 ἐπὶ
1298 959 1473 1008 τιμωρίαν

145 1013 344 1050 Φιλίππου.
403 1012 538 1050 δέδοικε
561 1012 682 1050 τοίνυν
702 1014 721 1049 ὁ
742 1012 987 1061 Δημοσθένης
1006 1012 1058 1062 μὴ
1079 1012 1337 1062 θαρρήσαντες,
1361 1015 1408 1053 ὡς
1426 1015 1472 1051 τὰ

107 1082 123 1112 5
144 1067 263 1104 πάντα
290 1067 512 1115 νενικηκότες
540 1066 598 1104 καὶ
626 1067 749 1115 ἱκανὴν
772 1066 951 1115 βοήθειαν
976 1068 1216 1115 πεποιημένοι
1241 1069 1316 1107 τοῖς
1342 1065 1471 1105 Ὀλυν-

145 1120 245 1165 θίοις,
266 1123 337 1158 τῶν
356 1123 496 1158 λοιπῶν
520 1121 792 1172 ὀλιγωρήσωσι.
851 1120 908 1157 διὰ
933 1122 1041 1159 τοῦτο
1066 1120 1261 1169 παρελθὼν
1286 1121 1471 1159 ἐπικόπτει

142 1174 210 1223 τὴν
229 1175 446 1220 ἀλαζονείαν
466 1176 583 1212 αἰτῶν
608 1174 666 1212 καὶ
693 1175 783 1223 πρὸς
809 1175 1008 1223 εὐλάβειαν
1028 1175 1206 1224 σωφρονα
1231 1191 1299 1223 την
1321 1192 1366 1226 γι
1369 1193 1470 1225 ωμην

142 1228 354 1278 μεθίστησι,
373 1230 493 1280 λέγων
513 1230 554 1266 οὐ
574 1228 656 1277 περὶ
674 1230 738 1277 τῆς
757 1229 946 1266 Φιλίππου
965 1245 1138 1278 τιμωριας
1157 1231 1220 1267 νῦν
1238 1231 1360 1269 aia-023
1380 1229 1469 1268 εἶναι

142 1284 206 1321 τὸν
226 1283 350 1334 λόγον,
370 1284 469 1320 ἀλλὰ
489 1300 572 1332 περι
591 1284 655 1331 τῆς
667 1285 738 1321 τῶν
758 1284 966 1333 συμμάχων
985 1283 1180 1332 σωτηρίας
1229 1282 1302 1320 οἶδε
1322 1284 1393 1335 γὰρ
1413 1283 1467 1322 ὅτι
1498 1280 1584 1336 [28]

86 1350 123 1373 10
144 1337 203 1374 καὶ
222 1335 410 1386 Ἀθηναῖοι
430 1337 489 1374 καὶ
510 1338 620 1374 ἄλλοι
640 1338 712 1374 πού
730 1353 823 1377 τινες
841 1339 906 1375 τοῦ
928 1338 996 1387 μὲν
1014 1354 1066 1386 μη
1085 1338 1131 1375 τὸ.
1150 1339 1264 1374 οἰκεῖα
1287 1338 1469 1387 προεσθαι

142 1393 329 1429 ποιοῦνται
363 1391 551 1441 φροντίδα,
588 1391 671 1440 περὶ
704 1391 741 1428 δὲ
774 1392 816 1429 τὸ
848 1391 1133 1441 τιμωρησασθαι
1170 1392 1254 1431 τοὺς
1288 1393 1469 1432 ἐναντίους

141 1444 251 1494 ἡττον
279 1446 563 1492 σπουδάζουσιν.
622 1448 659 1483 ἐν
688 1445 725 1482 δὲ
751 1446 866 1496 τούτῳ
895 1448 945 1496 τῷ
974 1446 1074 1497 λόγῳ
1104 1445 1163 1483 καὶ
1191 1447 1256 1494 τῆς
1288 1463 1370 1496 περι
1398 1450 1469 1485 τῶν
1498 1462 1518 1486 2

143 1499 321 1548 θεωρικῶν
347 1501 545 1550 χρημάτων
571 1501 794 1567 συμβουλῆς
820 1485 1071 1549 φανερώτερον
1096 1500 1259 1547 ἅπτεται,
1288 1500 1347 1537 καὶ
1373 1502 1472 1546 ἄξιοι

142 1554 296 1602 λυθῆναι
318 1571 401 1594 τοῖς
421 1555 552 1604 νόμους
571 1571 654 1594 τους
674 1553 898 1594 ἐπιτιθεντας
921 1555 1055 1603 ζημίαν
1074 1556 1149 1594 τοῖς
1168 1555 1357 1606 γράψασιν
1377 1556 1467 1593 αυτὰ

86 1621 121 1653 15
140 1608 312 1659 γενέσθαι
339 1610 594 1659 στρατιωτικά,
616 1607 658 1646 ἵν’
681 1608 826 1648 ἀδεὲς
803 1625 827 1659 ῃ
849 1608 891 1646 τὸ
912 1609 1185 1658 συμβουλευειν
1204 1609 1249 1646 τὰ
1267 1609 1465 1657 βέλτιστα.

140 1665 310 1712 παραινεῖ
336 1662 373 1700 δὲ
391 1663 461 1706 ,καὶ
491 1663 585 1703 ὅλως
603 1663 694 1713 πρὸς
721 1664 785 1701 τὸν
811 1665 882 1701 τῶν
907 1664 1098 1715 προγόνων
1125 1664 1239 1712 ζῆλον
1265 1665 1466 1712 ἀναστῆναι

142 1717 200 1754 καὶ
215 1717 481 1766 στρατεύεσθαι
498 1718 669 1767 σώμασιν
684 1718 837 1765 οἰκείοις,
855 1717 913 1754 καὶ
928 1718 1136 1767 ἐπιτιμήσει
1151 1720 1280 1768 πολλῇ
1295 1718 1467 1768 κέχρηται

142 1772 231 1808 κατὰ
259 1774 323 1809 τοῦ
352 1771 468 1821 δήμου
495 1770 527 1809 θ’
552 1773 598 1811 ὡς
628 1772 872 1821 ἐκλελυμένον
899 1771 957 1809 καὶ
983 1774 1054 1809 τῶν
1080 1771 1308 1824 δημαγωγῶν
1331 1773 1377 1812 ὡς
1403 1774 1467 1810 οὐκ

141 1825 254 1874 ὀρθῶς
273 1827 551 1876 προϊσταμένων
570 1828 634 1874 τῆς
652 1827 805 1866 πόλεως.

83 1965 122 1986 20
207 1952 310 2005 Οὐχὶ
336 1953 455 1992 ταύτὰ
481 1953 722 2004 παρίσταταί
750 1969 817 2003 μοι
848 1953 1100 2005 γιγνώσκειν,
1129 1950 1158 1992 ὦ
1183 1952 1319 2005 ἄνδρες
1343 1952 1461 2003 Ἀθη-

141 2021 254 2064 ναῖοι,
289 2019 383 2059 ὅταν
416 2018 450 2058 τ’
484 2020 538 2060 εἰς
571 2021 619 2059 τὰ
652 2018 846 2071 πράγματ’
875 2019 1104 2072 ἀποβλέψω
1139 2020 1201 2059 καὶ
1237 2020 1332 2060 ὅταν
1367 2020 1463 2072 πρὸς

140 2085 229 2126 τοὺς
266 2085 412 2137 λόγους
450 2086 515 2126 οὓς
554 2086 694 2125 ἀκούω·
742 2086 833 2128 τοὺς
870 2088 942 2136 μὲν
981 2088 1056 2138 γὰρ
1092 2088 1238 2139 λόγους
1274 2087 1361 2138 περὶ
1397 2090 1464 2126 τοῦ

140 2151 442 2203 τιμωρήσασθαι
471 2153 676 2192 Φίλιππον
706 2153 781 2204 ὁρῶ
815 2152 1085 2205 γιγνομένους,
1112 2155 1160 2192 τὰ
1193 2155 1235 2194 δὲ
1268 2152 1463 2206 πράγματ’

141 2218 195 2259 εἷς
227 2222 340 2258 τοῦτο
374 2217 609 2271 προήκοντα,
642 2218 737 2258 ὥσθ’
771 2220 876 2260 ὅπως
908 2220 961 2270 μὴ
994 2219 1200 2270 πεισόμεθ’
1226 2219 1335 2260 αὐτοὶ
1366 2220 1460 2271 πρό-

83 2302 119 2332 25
139 2299 252 2335 τερον
278 2289 402 2326 κακῶς
428 2285 659 2337 σκέψασθαι
679 2285 780 2326 δέον.
840 2285 955 2326 οὐδὲν
974 2286 1041 2326 οὖν
1061 2286 1163 2326 ἄλλο
1187 2303 1251 2337 μοι
1277 2289 1464 2326 δοκοῦσιν

370 2403 410 2431 24
435 2393 610 2433 πεισόμεθα
628 2394 651 2423 S
669 2404 753 2425 corr.
773 2393 803 2424 Y
817 2394 846 2425 O
863 2406 869 2424 τ
894 2397 1076 2433 πεισώμεθα
1094 2394 1127 2424 S'
1148 2394 1234 2432 vulg.
