1763 2828
87 137 202 191 [208]

159 315 205 351 26
238 308 309 350 κᾶν
327 308 352 366 ᾗ
377 312 497 350 ταῦτα
522 310 713 362 πρόδηλα,
735 309 862 352 οὐδεὶς
881 310 990 351 ὅστις
1009 308 1052 349 οὐ
1072 309 1319 361 βουλήσεται
1337 310 1570 351 παύσασθαι

83 510 204 568 [209]

159 794 203 829 27

158 1384 203 1419 28

162 1858 206 1894 29

660 137 1148 176 ΔΗΜΟΣΘΕΝΟΎΣ
1482 134 1567 188 [Χνι

240 242 362 284 οὔσας
388 241 460 282 ,καὶ
498 242 800 294 κατοικουμένας
836 242 974 285 πόλεις
1010 243 1284 294 ἀναιρεθείσας
1321 244 1566 295 περιίδωμεν.

238 377 447 427 Θηβαίους
481 376 648 430 ἔχοντας
680 376 752 427 τὴν
785 377 1014 428 ἀλλοτρίαν·
1064 377 1098 417 εἰ
1133 379 1175 418 δὲ
1211 375 1277 428 μή,
1311 380 1464 428 πρῶτον
1496 380 1568 428 μὲν

235 443 439 486 ἐναντίους
464 441 605 494 ἕξομεν
624 443 721 496 πρὸς
746 445 876 485 ἐκεῖνα
901 443 1062 485 τούτους
1088 443 1259 490 εἰκότως,
1281 444 1376 484 ὅταν
1394 443 1569 495 ἡγῶνται

236 509 308 561 τὴν
334 511 496 551 ἐκείνων
526 511 744 552 κατοίκισιν
769 512 901 553 αὑτοῖς
931 512 1098 563 ὄλεθρον
1123 509 1273 562 φέρειν,
1301 510 1371 551 εἶτ’
1397 509 1570 562 ἀνήνυτα
1588 522 1605 554 5

237 576 433 630 πράγμαθ’
471 576 611 628 ἕξομεν
648 577 772 618 αὐτοί·
822 578 862 618 τί
896 579 972 630 γὰρ
1008 578 1059 621 ὡς
1095 578 1252 628 ἀληθῶς
1286 577 1400 618 ἔσται
1432 576 1566 630 πέρας,

235 644 331 684 ὅταν
373 644 433 684 ἀεὶ
474 645 544 686 τὰς
584 645 657 694 μὲν
698 644 819 686 οὔσας
860 645 999 687 πόλεις
1040 645 1162 695 ἐῶμεν
1201 645 1387 696 ἀναιρεῖν,
1428 645 1498 687 τὰς
1536 643 1568 685 δ’

235 709 481 767 ἀνῃρημένας
507 708 674 760 ἀξιῶμεν
699 711 876 761 οἰκίζειν;

301 776 478 829 Λέγουσι
507 777 639 818 τοίνυν
669 778 705 818 οἱ
738 777 916 828 μάλιστα
951 780 1155 821 δοκοῦντες
1186 779 1315 819 δίκαια
1347 777 1483 831 λέγειν
1517 777 1568 820 ὡς

235 846 296 884 δεῖ
322 845 393 885 τὰς
422 842 574 894 στήλας
606 846 787 885 καθελεῖν
816 844 956 887 αὐτοὺς
985 846 1054 888 τὰς
1083 845 1180 897 πρὸς
1206 845 1426 896 Θηβαίους,
1460 845 1568 896 εἴπερ

232 909 415 962 ἡμέτεροι
439 910 621 961 βεβαίως
645 910 807 952 ἔσονται
831 911 1045 965 σύμμαχοι.
1106 913 1142 953 οἱ
1161 911 1203 953 δέ
1222 917 1326 964 φασι
1344 914 1417 963 μὲν
1436 912 1568 954 αὑτοῖς

234 973 317 1027 οὗ[κ
348 974 461 1029 εἶναι]
490 975 654 1028 στήλας,
681 978 788 1018 ἀλλὰ
817 977 863 1018 τὸ
893 977 1099 1031 συμφέρον
1128 978 1228 1020 εἶναι
1257 978 1302 1018 τὸ
1331 981 1468 1019 ποιοῦν
1497 977 1568 1028 τὴν

234 1044 388 1096 φιλίαν,
415 1043 505 1086 τοὺς
533 1046 574 1086 δὲ
603 1047 850 1096 βοηθοῦντας
882 1047 1046 1091 ἑαυτοῖς,
1079 1045 1238 1087 τούτους
1267 1045 1438 1096 νομίζειν
1468 1043 1568 1085 εἶναι

234 1109 481 1164 συμμάχους.
553 1111 632 1164 ἐγὼ
662 1111 708 1158 δ’,
736 1113 771 1153 εἰ
798 1114 847 1152 τὰ
875 1111 1038 1162 μάλιστ’
1065 1111 1144 1153 εἰσὶ
1173 1115 1354 1158 τοιοῦτοι,
1387 1111 1459 1152 ὡδί
1486 1128 1567 1153 πως

233 1178 326 1231 ἔχω.
399 1179 501 1231 φημὶ
532 1181 614 1220 δεῖν
639 1178 719 1229 ἅμα
748 1179 910 1221 τούτους
934 1177 1068 1230 ἀξιοῦν
1095 1181 1294 1231 καθαιρεῖν
1318 1180 1388 1220 τὰς
1413 1176 1566 1228 στήλας

235 1245 297 1285 καὶ
322 1245 655 1296 Λακεδαιμονίους
679 1245 790 1298 ἄγειν
816 1244 985 1298 εἰρήνην,
1013 1247 1082 1287 ἐὰν
1107 1247 1149 1287 δὲ
1173 1245 1224 1297 μὴ
1251 1244 1415 1286 ’θέλωσι
1439 1248 1568 1285 ποιεῖν

233 1312 414 1364 ὁπότεροι
433 1315 566 1359 ταῦτα,
588 1311 668 1353 τότ’
685 1312 756 1363 ἤδη
776 1314 875 1363 μετὰ
893 1316 972 1353 τῶν
988 1313 1209 1354 ἐθελόντων
1225 1312 1326 1363 ἡμᾶς
1344 1312 1566 1364 γίγνεσθαι.

235 1379 312 1419 εἴτε
345 1380 420 1431 γὰρ
451 1377 606 1432 εἰρήνης
638 1378 877 1432 γιγνομένης
905 1379 1035 1422 αὐτοῖς
1068 1381 1104 1421 οἱ
1134 1382 1465 1432 Μεγαλοπολῖται
1498 1380 1567 1429 τῆς

236 1446 433 1496 Θηβαίων
470 1447 698 1500 συμμαχίας
735 1445 902 1498 ἕξονται,
939 1447 1104 1498 φανεροὶ
1139 1449 1264 1487 πᾶσιν
1297 1446 1458 1487 ἔσονται
1495 1444 1566 1495 τὴν

234 1511 471 1562 πλεονεξίαν
503 1511 575 1562 τὴν
608 1513 819 1563 Θηβαίων,
854 1513 900 1554 οὐ
935 1512 980 1553 τὸ
1016 1514 1166 1554 δίκαιον
1202 1512 1437 1565 αἱρούμενοι·
1489 1513 1567 1552 εἴτε

235 1578 467 1632 συμμάχους
491 1578 592 1630 ἡμᾶς
617 1579 772 1621 ἀδόλως
791 1582 869 1621 τῶν
890 1582 1233 1632 Μεγαλοπολιτῶν
1251 1577 1496 1630 ποιουμένων
1513 1578 1566 1629 μὴ

235 1643 491 1695 ’θελήσουσιν
527 1645 638 1697 ἄγειν
675 1644 833 1698 εἰρήνην
868 1648 904 1687 οἱ
938 1647 1253 1698 Λακεδαιμόνιοι,
1293 1648 1406 1696 δῆλοι
1443 1644 1567 1696 δήπου

236 1715 360 1753 πᾶσιν
380 1712 553 1759 ἔσονται,
574 1712 649 1766 οὐχ
668 1713 732 1753 ἵνα
751 1714 929 1754 Θεσπιαὶ
950 1716 1231 1754 κατοικισθῶσι
1251 1713 1477 1764 ποιούμενοι
1495 1711 1567 1762 τὴν

237 1777 426 1829 σπουδήν,
454 1778 546 1819 ἀλλ’
572 1780 636 1820 ἵνα
658 1782 727 1820 τοῦ
750 1779 927 1830 πολέμου
949 1780 1253 1832 περιεστηκότος
1273 1780 1472 1831 Θηβαίοις
1496 1778 1568 1829 τὴν

237 1846 554 1896 Πελοπόννησον
578 1845 647 1898 ὑφ’
674 1847 804 1888 αὑτοῖς
833 1845 1092 1897 ποιήσωνται.
1166 1846 1347 1898 θαυμάζω
1379 1846 1411 1887 δ’
1437 1845 1564 1892 ἐνίων,

237 1914 271 1953 εἶ
302 1912 347 1953 τὸ
382 1914 454 1963 μὲν
487 1913 683 1964 Θηβαίων
715 1913 948 1966 συμμάχους
985 1912 1085 1954 εῖναι
1120 1913 1210 1956 τοὺς
1245 1913 1567 1963 Λακεδαιμονίων

236 1979 402 2033 ἐχθροὺς
443 1982 680 2032 φοβοῦνται,
722 1981 756 2021 εἰ
798 1982 840 2021 δὲ
881 1979 1228 2033 καταστρέψονται
1263 1979 1567 2030 Λακεδαιμόνιοι

235 2046 409 2093 τούτους,
442 2048 563 2097 μηδὲν
599 2046 785 2099 ἡγοῦνται
820 2048 1014 2099 φοβερόν,
1051 2048 1113 2088 καὶ
1148 2046 1256 2088 ταῦτ’
1288 2046 1390 2101 ἔργῳ
1426 2049 1566 2097 πεῖραν

234 2112 327 2164 ἡμῖν
359 2114 574 2156 δεδωκότος
605 2117 673 2154 τοῦ
703 2114 848 2168 χρόνου
880 2114 941 2154 ὅτι
975 2117 1153 2165 Θηβαῖοι
1181 2116 1253 2165 μὲν
1281 2113 1434 2154 τούτοις
1464 2128 1562 2162 συμ-

279 2233 298 2262 5
323 2223 503 2256 κατοίκισιν
519 2222 637 2254 Wolf:
662 2223 850 2262 κατοίκησιν
867 2223 892 2254 S
906 2222 949 2253 A¹
966 2223 1007 2254 al.
1023 2235 1030 2254 t
1057 2226 1229 2257 κατοικιεῖν
1245 2223 1277 2255 Α
1294 2233 1377 2255 corr.
1473 2232 1511 2253 12
1527 2225 1564 2255 οὐ

236 2266 370 2298 Dobree
385 2279 390 2299 :
416 2269 471 2300 οὐκ
489 2268 567 2300 εἶναι
584 2267 682 2298 codd.
861 2277 898 2306 15
923 2280 959 2299 τε
978 2272 1054 2306 post
1070 2267 1204 2301 τούτους
1220 2268 1296 2299 add.
1313 2267 1400 2307 vulg.
1420 2278 1426 2296 ε
1452 2277 1516 2297 om.
1538 2266 1564 2298 S

238 2311 277 2340 18
302 2311 350 2342 ἔτι
367 2316 446 2342 ante
463 2313 521 2348 τῆς
538 2311 613 2342 add.
635 2310 660 2342 S
678 2309 767 2350 vulg.
784 2321 791 2342 :
817 2320 881 2341 om.
904 2310 942 2351 Β,
963 2310 1132 2342 Benseler
1303 2321 1345 2349 23
1368 2309 1466 2350 μόνον
1482 2314 1563 2340 ante

234 2357 463 2387 κατοικισθῶσι
479 2354 555 2386 add.
577 2354 602 2386 S
615 2353 665 2386 A:
691 2362 756 2385 om.
774 2353 865 2393 vulg.
1007 2364 1048 2393 24
1073 2354 1232 2393 Θηβαίους
1249 2354 1368 2393 Cobet,
1388 2353 1502 2384 nescio
1519 2363 1562 2384 an

234 2400 326 2428 recte

1590 860 1630 883 10

1591 1194 1627 1226 Ι5

1588 1528 1628 1551 20

1587 1861 1626 1894 25
