1763 2828
102 134 201 189 [ηε]

158 386 202 421 23

161 783 205 817 24

107 908 204 963 [117]

161 1252 204 1290 25

163 1843 208 1877 26

662 132 1150 171 ΔΗΜΟΣΘΕΝΟΎΣ
1497 125 1555 180 [1x

232 255 270 278 τι
294 238 497 289 βούλεται,
521 238 583 278 καὶ
610 237 693 277 καθ’
715 237 768 277 ἕν’
789 236 934 276 οὑτωσὶ
954 235 1204 287 περικόπτειν
1231 235 1293 275 καὶ
1317 236 1560 275 λωποδυτεῖν

233 309 310 345 τῶν
347 303 569 354 Ἑλλήνων,
612 304 673 344 καὶ
714 304 1053 344 καταδουλοῦσθαι
1094 303 1163 343 τὰς
1205 301 1342 343 πόλεις
1384 301 1557 342 ἐπιόντα.

235 373 360 412 καίτοι
385 371 606 423 προστάται
637 373 709 422 μὲν
739 372 848 421 ὑμεῖς
881 368 1141 420 ἑβδομήκοντ’
1167 368 1232 419 ἔτη
1269 368 1330 408 καὶ
1362 368 1449 419 τρία
1480 371 1559 408 τῶν

233 437 441 488 Ἑλλήνων
481 437 682 490 ἐγένεσθε,
721 437 941 490 προστάται
980 439 1020 477 δὲ
1059 435 1255 487 τριάκονθ’
1293 434 1380 477 ἐνὸς
1421 433 1560 475 δέοντα

234 505 547 556 Λακεδαιμόνιοι·
591 506 767 557 ἴσχυσαν
801 503 843 545 δέ
874 521 912 544 τι
946 503 1007 543 καὶ
1042 505 1221 553 Θηβαῖοι
1251 501 1436 542 τουτουσὶ
1470 500 1559 543 τοὺς
1580 512 1598 546 5

233 572 480 612 τελευταίους
510 572 677 624 χρόνους
709 573 807 623 μετὰ
836 571 908 620 τὴν
942 572 984 611 ἐν
1009 570 1219 621 Λεύκτροις
1252 568 1396 621 μάχην.
1468 566 1559 608 ἀλλ’

234 639 338 689 ὅμως
375 638 456 678 οὔθ’
488 639 579 688 ὑμῖν
614 638 704 679 οὔτε
738 638 937 689 Θηβαίοις
971 638 1061 678 οὔτε
1093 636 1417 685 Λακεδαιμονίοις
1449 633 1558 675 οὐδε-

234 705 399 751 πώποτ’,
437 702 466 744 ὧ
502 704 640 756 ἄνδρες
677 704 893 754 Ἀθηναῖοι,
932 702 1189 756 συνεχωρήθη
1228 701 1332 743 τοῦθ’
1369 700 1446 742 ὑπὸ
1483 704 1561 741 τῶν

234 771 458 821 Ἑλλήνων,
494 774 623 811 ποιεῖν
654 771 676 810 ὅ
707 787 746 811 τι
777 770 1010 822 βούλοισθε,
1037 770 1125 810 οὐδὲ
1159 772 1312 810 πολλοῦ
1345 771 1417 809 δεῖ·
1453 769 1561 808 ἀλλὰ

235 841 349 878 τοῦτο
367 839 440 888 μὲν
458 838 561 888 ὑμῖν,
588 840 746 888 μᾶλλον
764 839 806 878 δὲ
826 840 907 880 τοῖς
931 836 1012 877 τότ’
1035 836 1149 877 οὖσιν
1168 836 1406 886 Ἀθηναίοις,
1426 833 1560 884 ἐπειδή
1583 853 1622 875 10

235 921 340 944 τισιν
366 904 411 944 οὐ
434 904 601 956 μετρίως
627 905 787 945 ἐδόκουν
812 902 1127 955 προσφέρεσθαι,
1149 902 1293 944 πάντες
1317 901 1439 957 ᾤοντο
1464 903 1558 947 δεῖν,

237 972 298 1011 καὶ
325 972 362 1012 οἱ
385 973 508 1022 μηδὲν
533 972 719 1023 ἐγκαλεῖν
743 971 906 1024 ἔχοντες
931 969 1075 1015 αὐτοῖς,
1095 971 1194 1019 μετὰ
1217 972 1295 1009 τῶν
1319 966 1562 1018 ἠδικημένων

236 1040 438 1089 πολεμεῖν·
477 1038 539 1078 καὶ
557 1036 681 1078 πάλιν
700 1037 1023 1088 Λακεδαιμονίοις
1047 1034 1192 1088 ἄρξασι
1212 1035 1275 1075 καὶ
1294 1036 1563 1086 παρελθοῦσιν

236 1106 291 1146 εἷς
316 1104 387 1154 τὴν
407 1103 527 1154 αὐτὴν
548 1104 783 1145 δυναστείαν
802 1104 905 1155 ὑμῖν,
926 1102 1060 1153 ἐπειδὴ
1081 1101 1313 1151 πλεονάζειν
1332 1100 1563 1154 ἐπεχείρουν

238 1172 299 1212 καὶ
336 1170 437 1223 πέρα
471 1174 539 1211 τοῦ
568 1172 726 1223 μετρίου
758 1172 807 1211 τὰ
841 1168 1095 1220 καθεστηκότ’
1129 1169 1295 1215 ἐκίνουν,
1329 1167 1474 1209 πάντες
1508 1168 1563 1209 εἰς
1584 1184 1622 1218 15

236 1238 412 1289 πόλεμον
433 1237 698 1288 κατέστησαν,
726 1237 788 1278 καὶ
812 1239 848 1278 οἱ
873 1239 994 1288 μηδὲν
1019 1238 1278 1289 ἐγκαλοῦντες
1296 1235 1440 1276 αὐτοῖς.
1501 1233 1564 1274 καὶ

235 1305 275 1344 τί
305 1307 365 1345 δεῖ
386 1304 475 1346 τοὺς
501 1304 648 1346 ἄλλους
680 1304 835 1356 λέγειν,·
874 1303 966 1344 ἀλλ’
990 1303 1102 1354 ἡμεῖς
1136 1302 1246 1343 αὐτοὶ
1281 1303 1344 1343 καὶ
1368 1303 1560 1342 Λακεδαι-

234 1371 376 1422 μόνιοι,
409 1371 522 1412 οὐδὲν
555 1371 603 1412 ἂν
637 1373 761 1412 εἰπεῖν
793 1370 954 1424 ἔχοντες
988 1369 1034 1420 ἐξ
1064 1370 1187 1422 ἀρχῆς
1219 1370 1242 1409 ὅ
1272 1385 1309 1409 τι
1340 1367 1562 1418 ἠδικούμεθ’

244 1438 253 1452 ξ

234 1437 298 1478 υπ’
342 1436 545 1488 ἀλλήλων,
588 1438 692 1489 ὅμως
733 1439 830 1490 ὑπὲρ
872 1439 926 1477 ὧν
967 1437 1057 1478 τοὺς
1098 1436 1247 1478 ἄλλους
1289 1433 1564 1485 ἀδικουμένους

236 1506 430 1556 ἑωρῶμεν,
469 1507 658 1555 πολεμεῖν
695 1504 850 1559 ᾠόμεθα
886 1507 977 1544 δεῖν.
1055 1503 1180 1544 καίτοι
1219 1502 1334 1543 πάνθ’
1371 1500 1434 1542 ὅσ’
1474 1502 1492 1541 ἐ
1549 1528 1561 1533 -
1585 1518 1623 1540 20

236 1569 428 1623 μάρτηται
448 1571 510 1611 καὶ
527 1571 849 1621 Λακεδαιμονίοις
868 1572 910 1611 ἐν
929 1574 1011 1612 τοῖς
1029 1569 1223 1622 τριάκοντ’
1245 1570 1406 1611 ἐκείνοις
1432 1569 1563 1609 ἔτεσιν

239 1638 301 1678 καὶ
325 1641 406 1679 τοῖς
430 1637 634 1689 ἡμετέροις
659 1638 870 1689 προγόνοις
895 1638 938 1677 ἐν
963 1641 1045 1679 τοῖς
1071 1635 1356 1687 ἑβδομήκοντα,
1385 1634 1562 1675 ἐλάττον’

237 1705 361 1751 ἐστίν,
388 1703 418 1744 ὦ
450 1704 588 1756 ἄνδρες
613 1704 828 1754 Ἀθηναῖοι,
861 1705 914 1745 ὧν
941 1705 1141 1744 Φίλιππος
1174 1705 1215 1743 ἐν
1249 1703 1355 1754 τρισὶ
1390 1703 1451 1742 καὶ
1485 1700 1562 1741 δέκ’

238 1771 311 1825 οὐχ
345 1771 454 1813 ὅλοις
486 1771 630 1817 ἔτεσιν,
667 1772 725 1812 οἶς
756 1771 997 1821 ἐπιπολάζει,
1033 1771 1191 1821 ἠδίκηκε
1223 1769 1314 1811 τοὺς
1340 1767 1560 1818 “Ελληνας,

237 1840 394 1889 μᾶλλον
419 1838 451 1878 δ’
477 1838 566 1878 οὐδὲ
598 1837 715 1890 μέρος
742 1838 888 1879 τούτων
923 1840 1064 1879 ἐκεῖνα.
1127 1837 1186 1875 καὶ
1214 1834 1310 1874 τοῦτ’
1334 1838 1372 1873 ἐκ
1401 1835 1565 1885 βραχέος
1585 1851 1623 1882 25

239 1904 356 1955 λόγου
385 1903 509 1955 ῥᾴδιον
538 1904 662 1950 δεῖξαι.
728 1904 930 1946 ’Όλυνθον
972 1908 1043 1957 μὲν
1085 1906 1131 1956 δὴ
1170 1906 1232 1947 καὶ
1269 1905 1464 1955 Μεθώνην
1503 1903 1565 1944 καὶ

240 1971 519 2014 Ἀπολλωνίαν
546 1973 607 2012 καὶ
633 1973 699 2013 δύο
726 1973 788 2013 καὶ
818 1972 1026 2025 τριάκοντα
1055 1973 1192 2016 πόλεις
1223 1973 1286 2014 ἐπὶ
1312 1971 1473 2027 Θρᾴκης
1498 1972 1562 2017 ἐῶ,

240 2039 285 2082 ’ὰς
323 2039 482 2082 ἁπάσας
520 2041 642 2082 οὕτως
684 2040 795 2091 ὠμῶς
838 2039 1029 2096 ἀνῄρηκεν
1068 2041 1173 2082 ὥστε
1214 2039 1303 2091 μηδ’
1343 2040 1376 2080 εἷ
1414 2036 1564 2079 πώποτ’

287 2158 300 2178 1
337 2148 381 2181 ἕν’
408 2149 536 2180 SLY:
569 2149 625 2182 ἕνα
649 2150 788 2182 ἕκαστον
812 2150 899 2188 vulg.
1037 2160 1058 2189 9
1089 2149 1263 2187 βούλοισθε
1289 2148 1374 2179 SL:
1406 2147 1566 2184 βούλεσθε

241 2197 317 2222 cett.
431 2203 463 2223 11
492 2196 647 2233 πολεμεῖν
663 2198 739 2232 post
758 2196 824 2225 δεῖν
840 2193 914 2223 add.
937 2193 1048 2232 vulg.:
1074 2204 1137 2223 om.
1159 2193 1231 2223 insr.
1256 2202 1293 2230 13
1397 2201 1439 2221 20
1463 2190 1568 2231 ᾤμεθα

242 2235 339 2266 Blass
516 2246 557 2275 24
583 2237 690 2268 ἔτεσιν
711 2237 790 2267 secl.
814 2236 910 2267 Blass
1087 2246 1127 2275 25
1152 2236 1244 2268 οὐδὲν
1262 2235 1298 2265 Ε.
1317 2234 1438 2265 ΜϋΠει·
1456 2245 1462 2264 z
1487 2234 1562 2264 sort.

240 2279 305 2310 οὐδ’
335 2279 379 2318 ἕν,
411 2280 449 2310 cf.
485 2280 588 2311 Isocr.
616 2280 638 2310 ii
670 2290 703 2310 11
838 2280 930 2321 μέρος
959 2280 989 2310 O
1016 2289 1128 2310 corn:
1159 2279 1306 2318 πέμπτον
1333 2277 1427 2319 μέρος
1457 2276 1565 2307 S¹L¹:

239 2323 429 2355 πολλοστὸν
456 2322 549 2365 μέρος
574 2325 604 2354 Α
628 2323 740 2362 vulg.:
773 2324 962 2355 πολλοστὸν
990 2323 1138 2363 πέμπτον
1163 2322 1258 2363 μέρος
1283 2321 1406 2351 BYal·
1515 2321 1566 2352 καὶ

239 2388 317 2438 5ὶὶ
346 2368 442 2406 δεῖξαι
471 2377 535 2398 om.
566 2365 641 2397 SL¹
818 2368 860 2397 28
893 2365 1017 2406 μηδένα
1043 2371 1121 2397 ante
1149 2364 1222 2406 μηδ’
1247 2365 1322 2395 add.
1351 2364 1465 2403 vulg:
1499 2374 1564 2394 om.
