1763 2828
88 130 207 184 [309]

140 249 207 284 247

139 839 210 882 248

96 1440 206 1496 [310]

140 1589 208 1624 249

663 130 1146 168 ΔΗΜΟΣΘΕΝΟΎΣ
1442 127 1562 182 [xvm

240 234 467 288 ἐλλειφθέν.
541 236 573 276 εἰ
603 236 732 275 τοίνυν
757 251 814 277 τις
843 234 961 286 ἔροιθ’
988 235 1165 275 ὁντινοῦν
1190 236 1295 275 τίσιν
1320 237 1368 275 τὰ
1393 240 1564 277 πλεῖστα

239 303 441 344 Φίλιππος
472 302 525 342 ὧν
557 300 773 354 κατέπραξε
807 300 1041 356 διῳκήσατο,
1074 300 1216 343 πάντες
1249 301 1298 342 ἂν
1331 303 1479 343 εἴποιεν
1511 307 1563 358 τῷ

240 368 493 424 στρατοπέδῳ
529 369 591 409 καὶ
624 373 676 422 τῷ
712 369 860 409 διδόναι
896 368 956 408 καὶ
990 370 1235 421 διαφθείρειν
1267 368 1358 411 τοὺς
1392 369 1454 410 ἐπὶ
1487 374 1565 410 τῶν

238 434 491 489 πραγμάτων.
564 436 702 476 οὐκοῦν
734 439 810 476 τῶν
847 438 918 486 μὲν
955 434 1156 486 δυνάμεων
1193 436 1283 476 οὔτε
1320 436 1448 488 κύριος
1484 436 1565 478 οὔθ’

237 503 394 555 ἡγεμὼν
419 501 466 553 ἦν
487 502 576 555 ἐγώ,
598 502 692 542 ὥστ’
712 502 790 542 οὐδ’
811 504 830 542 ὁ
855 503 977 555 λόγος
1001 506 1079 542 τῶν
1101 504 1198 542 κατὰ
1221 505 1343 543 ταῦτα
1366 503 1563 558 πραχθέν·
1586 523 1604 555 5

238 586 316 610 των
348 569 445 621 πρὸς
478 568 559 620 ἐμέ.
631 569 693 609 καὶ
729 569 806 620 μὴν
840 573 891 624 τῷ
925 571 1191 621 διαφθαρῆναι
1222 569 1425 622 χρήμασιν
1457 567 1480 621 ἢ
1512 570 1565 622 μὴ

240 635 455 688 κεκράτηκα
480 637 698 677 Φίλιππον·
736 636 872 688 ὥσπερ
902 638 977 689 γὰρ
1003 637 1023 675 ὁ
1050 636 1270 687 ὠνούμενος
1296 637 1473 687 νενίκηκε
1497 637 1567 678 τὸν

237 703 432 754 λαβόντα,
459 704 528 743 ἐὰν
558 703 727 753 πρίηται,
759 703 880 745 οὕτως
910 704 930 742 ὁ
959 702 1011 754 μὴ
1040 704 1183 754 λαβὼν
1213 700 1288 754 [καὶ
1318 702 1566 756 διαφθαρεὶς]

240 770 416 819 νενίκηκε
436 769 504 809 τὸν
523 768 757 820 ὠνούμενον.
817 769 912 809 ὥστ’
931 768 1122 820 ἀήττητος
1139 770 1161 820 ἡ
1184 771 1299 811 πόλις
1318 769 1363 810 τὸ
1384 770 1466 810 κατ’
1482 770 1564 821 ἐμέ.

301 834 353 876 ιχΑ
381 838 454 887 μὲν
482 836 615 877 τοίνυν
648 837 726 888 ἐγὼ
759 836 1022 889 παρεσχόμην
1052 837 1107 877 εἷς
1139 836 1184 876 τὸ
1217 838 1375 879 δικαίως
1408 841 1567 878 τοιαῦτα

239 903 408 956 γράφειν
437 906 576 943 τοῦτον
604 904 693 955 περὶ
724 904 828 954 ἐμοῦ,
856 902 952 955 πρὸς
983 906 1150 944 πολλοῖς
1180 902 1325 955 ἑτέροις
1354 907 1475 943 ταῦτα
1505 904 1567 944 καὶ

239 969 500 1022 παραπλήσια
524 970 678 1012 τούτοις
703 971 827 1010 ἐστίν·
865 970 889 1010 ἃ
914 969 946 1009 δ’
974 971 1010 1010 οἳ
1040 968 1185 1011 πάντες
1214 970 1335 1020 ὑμεῖς,
1362 969 1467 1010 ταῦτ’
1493 970 1566 1021 ἤδη

237 1035 354 1088 λέξω.
407 1039 505 1088 μετὰ
523 1038 598 1089 γὰρ
617 1036 689 1086 τὴν
706 1036 840 1090 μάχην
860 1035 972 1079 εὐθὺς
991 1037 1012 1075 ὁ
1031 1038 1163 1087 δῆμος,
1183 1037 1294 1078 εἰδὼς
1315 1036 1376 1076 καὶ
1397 1037 1569 1089 ἑορακὼς

238 1103 354 1145 πάνθ’
379 1103 442 1143 ὅσ’
462 1103 654 1156 ἔπραττον
680 1104 771 1156 ἐγώ,
794 1105 835 1144 ἐν
855 1104 987 1145 αὐτοῖς
1012 1107 1095 1145 τοῖς
1120 1106 1261 1145 δεινοῖς
1288 1104 1350 1144 καὶ
1375 1107 1568 1156 φοβεροῖς

238 1171 488 1222 ἐμβεβηκώς,
519 1170 618 1222 ἡνίκ’
649 1170 727 1211 οὐδ’
759 1171 1042 1223 ἀγνωμονῆσαί
1074 1187 1111 1210 τι
1144 1170 1372 1222 θαυμαστὸν
1403 1170 1450 1222 ἧν
1479 1171 1569 1213 τοὺς

238 1237 414 1280 πολλοὺς
444 1237 541 1290 πρὸς
574 1237 655 1289 ἐμέ,
683 1241 837 1290 πρῶτον
865 1240 938 1288 μὲν
968 1238 1055 1290 περὶ
1089 1238 1285 1290 σωτηρίας
1314 1239 1384 1288 τῆς
1413 1238 1568 1280 πόλεως

237 1306 306 1347 τὰς
338 1306 433 1356 ἐμᾶς
461 1305 620 1357 γνώμας
650 1305 901 1358 ἐχειροτόνει,
936 1304 996 1345 καὶ
1028 1303 1143 1345 πάνθ’
1178 1306 1256 1345 ὅσα
1285 1307 1354 1356 τῆς
1388 1307 1569 1357 φυλακῆς

239 1371 352 1412 εἵνεκ’
386 1371 611 1424 ἐπράττετο,
646 1372 669 1422 ἡ
704 1370 875 1421 διάταξις
909 1374 987 1412 τῶν
1023 1370 1226 1425 φυλάκων,
1258 1373 1297 1412 αἱ
1330 1371 1488 1424 τάφροι,
1521 1373 1569 1411 τὰ

239 1439 293 1480 εἷς
317 1440 364 1478 τὰ
389 1440 501 1492 τείχη
526 1437 721 1492 χρήματα,
748 1440 810 1478 διὰ
837 1441 914 1479 τῶν
940 1440 1044 1489 ἐμῶν
1069 1437 1347 1491 ψηφισμάτων
1373 1439 1566 1490 ἐγίγνετο·

238 1504 360 1545 ἔπειθ’
388 1505 615 1557 αἱρούμενος
649 1505 821 1555 σιτώνην
855 1507 897 1545 ἐκ
931 1504 1089 1545 πάντων
1122 1504 1181 1555 ἔμ’
1210 1506 1514 1558 ἐχειροτόνησεν
1548 1505 1568 1544 ὁ

237 1573 369 1622 δῆμος.
442 1572 503 1611 καὶ
531 1573 630 1622 μετὰ
659 1575 779 1612 ταῦτα
811 1571 1044 1613 συστάντων
1071 1572 1128 1612 οἷς
1158 1570 1204 1621 ἧν
1231 1572 1417 1622 ἐπιμελὲς
1443 1574 1568 1613 κακῶς

238 1640 307 1689 ἐμὲ
337 1642 475 1684 ποιεῖν,
504 1638 565 1679 καὶ
595 1637 766 1691 γραφάς,
797 1638 972 1684 εὐθύνας,
1001 1639 1271 1690 εἰσαγγελίας,
1303 1637 1431 1678 πάντα
1459 1637 1566 1678 ταῦτ’

239 1705 468 1758 ἐπαγόντων
497 1722 575 1756 μοι,
607 1706 652 1745 οὐ
685 1704 733 1745 δι’
767 1708 913 1746 ἑαυτῶν
939 1706 985 1744 τό
1018 1722 1063 1757 γε
1097 1709 1265 1756 πρῶτον,
1298 1705 1404 1745 ἀλλὰ
1438 1704 1485 1745 δι’
1514 1705 1569 1745 ὧν

236 1771 401 1823 μάλισθ’
436 1771 723 1823 ὑπελάμβανον
762 1771 1037 1824 ἀγνοήσεσθαι
1079 1770 1181 1823 (ἴστε
1223 1773 1298 1824 γὰρ
1339 1770 1463 1822 δήπου
1506 1771 1568 1811 καὶ

236 1837 432 1889 μέμνησθ’
458 1839 518 1879 ὅτι
546 1838 635 1880 τοὺς
666 1839 842 1891 πρώτους
875 1840 1041 1892 χρόνους
1072 1839 1169 1878 κατὰ
1200 1837 1271 1888 τὴν
1300 1837 1448 1889 ἡμέραν
1478 1837 1566 1878 ἑκά-

239 1922 340 1956 στην
375 1903 583 1958 ἐκρινόμην
620 1906 710 1958 ἐγώ,
751 1906 813 1946 καὶ
857 1905 936 1946 οὔτ’
979 1906 1146 1946 ἀπόνοια
1188 1904 1439 1946 Σωσικλέους
1479 1905 1569 1945 οὔτε

239 1973 486 2025 συκοφαντία
511 1972 780 2025 Φιλοκράτους
807 1972 893 2013 οὕτε
922 1973 1100 2012 Διώνδου
1127 1971 1188 2012 καὶ
1215 1970 1426 2012 Μελάντου
1449 1972 1570 2024 μανία

266 2038 364 2053 ν”Ι

239 2056 307 2079 ουτ
343 2038 435 2080 αλλ’
462 2039 574 2080 οὐδὲν
607 2040 820 2091 ἀπείρατον
851 2038 898 2089 ἦν
928 2039 1080 2080 τούτοις
1111 2037 1192 2078 κατ’
1219 2036 1339 2089 ἐμοῦ),
1366 2039 1409 2079 ἐν
1438 2038 1570 2079 τοίνυν

282 2152 304 2181 6
326 2154 371 2191 τῷ
389 2149 413 2181 S
427 2150 464 2181 L¹
483 2150 543 2181 soli
560 2162 566 2181 :
590 2154 635 2191 τῷ
651 2163 691 2191 γε
709 2149 819 2188 vulg.:
843 2149 882 2181 τό
898 2163 937 2190 ’γε
958 2149 1091 2180 Dobree
1181 2151 1388 2190 διαφθαρῆναι
1404 2148 1570 2189 χρήμασιν

240 2195 259 2233 ἢ
277 2195 321 2234 μὴ
339 2194 363 2225 S
377 2194 414 2224 Ι)
428 2194 460 2224 Α
473 2193 523 2225 Y:
548 2195 592 2234 μὴ
610 2194 817 2235 διαφθαρῆναι
835 2192 978 2234 χρήμασι
998 2193 1023 2223 L
1037 2202 1122 2223 corr.
1140 2191 1164 2221 F
1176 2191 1219 2222 Ol
1235 2202 1242 2221 τ
1267 2193 1472 2232 διαφθαρῆναι
1489 2192 1568 2232 χρή-

239 2237 366 2311 &ital-5¹9
371 2284 434 2320 μηδ
439 2238 660 2322 ὲἸΒιῖζθΖΙμ-ὶῖῗζ
667 2236 860 2310 {teng-8251
877 2235 1187 2309 spffggvzoesschrxxymg·
1276 2235 1383 2309 812καοὶῖ
1390 2235 1570 2308 δεζαῐῐΐθῖλρεΒὶῗ

241 2327 313 2356 ἴστε
331 2329 408 2363 post
424 2326 511 2364 ὑμεῖς
527 2325 603 2354 add.
624 2323 713 2362 vulg.
731 2335 737 2353 :
761 2332 825 2353 om.
847 2322 870 2352 S
885 2322 921 2352 L¹
940 2322 1002 2353 soli
1180 2322 1219 2352 16
1243 2321 1476 2361 βουλευόμενος
1494 2325 1570 2360 post

242 2367 365 2400 πόλεως
381 2368 456 2398 add.
478 2367 516 2397 L1
531 2367 554 2398 S
573 2377 657 2398 corr.
790 2375 832 2405 24
857 2366 1072 2407 ἀγνοήσεσθαι
1091 2366 1114 2396 S
1128 2365 1166 2395 L¹
1182 2376 1187 2394 :
1215 2364 1471 2406 ἀγνοηθήσεσθαι
1488 2368 1564 2395 cett.

243 2420 283 2450 25
309 2412 429 2451 σχεδὸν
446 2415 526 2440 ante
543 2411 625 2441 κατὰ
642 2410 715 2441 add.
736 2409 767 2439 A
894 2410 976 2441 κατὰ
992 2410 1052 2447 τὴν
1069 2408 1188 2450 ἡμέραν
1205 2408 1228 2439 S
1240 2408 1281 2447 A,
1303 2407 1342 2438 cs.
1365 2411 1381 2445 §
1398 2408 1461 2438 68:
1487 2408 1570 2440 κατὰ

242 2454 362 2496 ἡμέραν
380 2453 426 2484 L:
452 2453 520 2485 καθ’
538 2453 657 2494 ἡμέραν
674 2453 762 2491 vulg.
900 2462 939 2491 27
966 2452 1137 2484 Μελάντου
1154 2451 1177 2482 S
1191 2451 1287 2481 L¹A2
1315 2451 1465 2483 Μελάνου
1482 2451 1567 2490 vulg.

1589 854 1628 877 10

1591 1187 1628 1220 Ι5

1591 1520 1630 1542 20
