1763 2828
143 150 234 205 [95]

190 472 233 507 23

187 1135 231 1170 24

137 1323 230 1379 [96]

187 1537 229 1575 25

187 1927 232 1962 26

688 151 1176 189 ΔΗΜΟΣΘΕΝΟΎΣ
1501 145 1592 199 [vm

266 252 395 295 πάντα
417 255 465 294 τὰ
489 256 648 301 τοιαυτί,
676 255 769 301 οὔτ’,
797 254 1006 306 ἐπειδήπερ
1031 256 1152 296 οὕτως
1181 254 1337 308 ἔχομεν,
1365 256 1413 294 τὰ
1436 254 1593 307 ἡμέτερ’

264 321 390 362 αὐτῶν
416 321 600 373 πράττειν
626 321 828 372 ἐθέλομεν,
857 320 949 361 ἀλλ’
976 323 1018 361 ἐν
1041 323 1113 372 μὲν
1136 325 1218 363 τοῖς
1245 322 1382 373 λόγοις
1405 322 1495 364 τοὺς
1525 324 1592 372 τῆς

264 389 419 429 πόλεως
454 387 647 440 λέγοντας
683 388 758 439 ἄξι’
794 390 1041 438 ἐπαινοῦμεν,
1077 389 1119 429 ἐν
1154 390 1196 429 δὲ
1232 391 1312 430 τοῖς
1349 388 1478 440 ἔργοις
1511 392 1592 432 τοῖς

265 454 577 506 ἐναντιουμένοις
607 455 757 497 τούτοις
792 455 1150 507 συναγωνιζόμεθα.
1222 455 1330 506 ὑμεῖς
1359 457 1431 506 μὲν
1460 457 1592 496 τοίνυν

265 521 420 562 εἰώθαθ’
451 521 639 562 ἑκάστοτε
672 521 740 561 τὸν
769 521 946 573 παριόντ’
975 522 1135 573 ἐρωτᾶν,
1171 522 1212 562 τί
1242 522 1310 562 οὖν
1338 521 1414 574 χρὴ
1444 526 1590 569 ποιεῖν;

264 588 342 641 ἐγὼ
368 587 402 628 δ’
426 589 524 638 ὑμᾶς
550 590 748 640 ἐρωτῆσαι
772 589 983 639 βούλομαι,
1011 589 1051 629 τί
1073 589 1141 629 οὖν
1166 588 1242 642 χρὴ
1267 588 1421 641 λέγειν,·
1460 590 1493 630 εἰ
1517 590 1592 641 γὰρ

263 653 352 705 μήτ’
383 655 592 701 εἰσοίσετε,
622 654 711 705 μήτ’
739 655 848 695 αὐτοὶ
881 655 1190 707 στρατεύσεσθε,
1220 654 1316 706 μήτε
1346 659 1424 696 τῶν
1454 659 1592 696 κοινῶν

264 720 476 774 ἀφέξεσθε,
511 720 609 772 μήτε
642 723 710 764 τὰς
743 721 946 772 συντάξεις
978 722 1140 769 δώσετε,
1178 721 1268 773 μήθ’
1302 721 1363 762 ὅσ’
1395 722 1444 763 ἂν
1476 722 1591 764 αὐτὸς

264 789 365 842 αὑτῷ
404 789 614 839 πορίσηται
652 787 802 835 ἐάσετε,
840 788 939 840 μήτε
974 790 1021 828 τὰ
1057 788 1209 840 ὑμέτερ’
1245 788 1371 829 αὐτῶν
1408 788 1592 840 πράττειν

264 853 490 904 ἐθελήσετε,
513 854 580 895 οὐκ
601 854 679 908 ἔχω
705 857 745 896 τί
766 855 885 907 λέγω.
947 858 983 896 οἱ
1004 857 1078 907 γὰρ
1098 855 1169 906 ἤδη
1189 856 1387 905 τοσαύτην
1407 853 1592 905 ἐξουσίαν

262 925 343 963 τοῖς
376 922 578 961 αἰτιᾶσθαι
609 922 671 962 καὶ
704 921 941 973 διαβάλλειν
973 921 1235 972 βουλομένοις
1269 922 1452 969 διδόντες,
1489 923 1591 963 ὥστε

263 988 324 1028 καὶ
352 988 439 1039 περὶ
475 989 529 1029 ὧν
561 994 664 1041 φασι
699 988 862 1040 μέλλειν
895 988 1014 1029 αὐτὸν
1047 992 1186 1034 ποιεῖν,
1223 988 1284 1028 καὶ
1321 989 1408 1039 περὶ
1444 989 1592 1029 τούτων

261 1055 662 1107 προκατηγορούντων
687 1056 1022 1107 ἀκροᾶσθαι,-τί
1044 1055 1091 1096 ἄν
1115 1072 1173 1097 τις
1198 1054 1328 1107 λέγοι;

321 1120 376 1161 “O
406 1138 442 1162 τι
475 1123 604 1163 τοίνυν
637 1122 797 1163 δύναται
829 1126 949 1163 ταῦτα
982 1125 1119 1168 ποιεῖν,
1155 1123 1281 1164 ἐνίους
1315 1124 1453 1173 μαθεῖν
1485 1122 1592 1172 ὑμῶν

262 1191 331 1229 δεῖ.
405 1187 509 1239 λέξω
546 1191 587 1229 δὲ
623 1191 721 1240 μετὰ
758 1190 992 1242 παρρησίας·
1046 1190 1107 1230 καὶ
1145 1190 1220 1241 γὰρ
1257 1188 1338 1230 οὐδ’
1374 1188 1422 1229 ἂν
1459 1188 1592 1231 ἄλλως

262 1255 464 1306 δυναίμην.
535 1255 678 1299 πάντες
716 1257 806 1296 ὅσοι
843 1256 992 1296 πώποτ’
1031 1256 1324 1297 ἐκπεπλεύκασι
1359 1254 1449 1308 παρ’
1484 1256 1590 1306 ὑμῶν

263 1322 482 1374 στρατηγοί
506 1319 543 1373 (ὴ
575 1322 645 1374 ’γὼ
674 1322 847 1377 πάσχειν
877 1324 1005 1363 ὁτιοῦν
1034 1320 1217 1373 τιμῶμαι)
1250 1322 1310 1362 καὶ
1344 1323 1449 1374 παρὰ
1481 1322 1590 1362 Χίων

264 1389 326 1429 καὶ
365 1388 456 1440 παρ’
492 1388 735 1441 Ἐρυθραίων
775 1391 837 1430 καὶ
876 1389 965 1442 παρ’
1001 1391 1055 1430 ὧν
1094 1389 1143 1430 ἂν
1182 1390 1344 1430 ἕκαστοι
1385 1389 1587 1436 δύνωνται,

262 1455 409 1496 τούτων
442 1459 520 1496 τῶν
551 1456 622 1506 τὴν
652 1456 794 1497 Ἀσίαν
822 1457 1034 1497 οἰκούντων
1066 1455 1186 1508 λέγω,
1218 1455 1398 1509 χρήματα
1428 1455 1588 1507 λαμβά·

260 1538 411 1563 νουσιν.
481 1522 736 1574 λαμβάνουσι
771 1522 804 1562 δ’
840 1525 876 1564 οῖ
911 1525 983 1574 μὲν
1019 1524 1178 1576 ἔχοντες
1215 1525 1306 1573 μίαν
1339 1520 1361 1573 ἢ
1396 1523 1464 1563 δύο
1498 1526 1592 1565 ναῦς

262 1588 467 1635 ἐλάττονα,
504 1591 540 1630 οἱ
573 1591 614 1630 δὲ
645 1590 763 1640 μείζω
797 1590 960 1640 δύναμιν
993 1591 1172 1631 πλείονα.
1245 1590 1307 1630 καὶ
1344 1591 1522 1630 διδόασιν
1555 1591 1591 1630 οἱ

261 1655 434 1698 διδόντες
459 1656 545 1696 οὔτε
571 1658 619 1696 τὰ
648 1658 765 1708 μικρὰ
789 1657 877 1697 οὔτε
902 1658 950 1697 τὰ
976 1658 1109 1697 πολλὰ
1134 1656 1217 1698 ἀντ’
1243 1657 1401 1699 οὐδενός
1426 1656 1486 1709 (οὐ
1515 1657 1590 1708 γὰρ

261 1722 361 1763 οὕτω
396 1720 628 1773 μαίνονται),
663 1722 754 1763 ἀλλ’
789 1723 1001 1774 ὠνούμενοι
1035 1724 1088 1775 μὴ
1122 1724 1344 1765 ἀδικεῖσθαι
1375 1723 1464 1765 τοὺς
1500 1722 1590 1775 παρ’

262 1789 388 1830 αὑτῶν
416 1788 657 1832 ἐκπλέοντας
689 1790 895 1842 ἐμπόρους,
927 1790 978 1841 μὴ
1009 1794 1222 1837 συλᾶσθαι,
1255 1790 1591 1843 παραπέμπεσθαι

260 1856 308 1895 τὰ
334 1859 455 1896 πλοῖα
477 1858 526 1896 τὰ
550 1857 689 1903 αὑτῶν,
710 1858 758 1897 τὰ
776 1860 946 1897 τοιαῦτα·
984 1858 1087 1909 φασὶ
1112 1857 1145 1898 δ’
1166 1858 1318 1899 εὐνοίας
1344 1858 1506 1904 διδόναι,
1529 1856 1591 1896 καὶ

261 1925 375 1962 τοῦτο
399 1922 556 1974 τοῦνομ’
581 1922 665 1977 ἔχει
693 1924 741 1963 τὰ
768 1922 956 1975 λήμματα
980 1928 1115 1964 ταῦτα.
1187 1925 1249 1965 καὶ
1277 1924 1324 1975 δὴ
1357 1924 1419 1964 καὶ
1444 1927 1513 1965 νῦν
1537 1926 1590 1978 τῷ

309 2042 320 2061 1
348 2031 473 2063 τοιαυτί
491 2031 514 2062 S
528 2031 565 2061 L¹
581 2042 587 2061 :
612 2034 747 2064 τοιαῦτα
759 2031 848 2072 vulg.
945 2043 960 2071 7
981 2032 1221 2074 στρατεύσεσθε
1236 2031 1324 2072 vulg.
1341 2044 1346 2064 :
1373 2031 1589 2073 στρατεύεσθε

262 2076 285 2105 S
299 2074 325 2104 L
338 2074 368 2104 O
501 2075 521 2104 8
546 2076 705 2108 Διοπείθει
722 2079 802 2106 ante
820 2076 941 2108 δώσετε
959 2077 1034 2107 add.
1057 2077 1143 2116 vulg.
1161 2088 1168 2106 :
1193 2087 1257 2107 om.
1280 2076 1304 2106 S
1318 2074 1355 2107 L¹
1375 2076 1435 2106 soli
1537 2078 1587 2107 αὔ-

260 2119 315 2149 τὸς
337 2128 401 2147 om.
429 2117 522 2150 SL1:
550 2119 627 2150 add.
650 2119 754 2157 vulg.,
776 2120 815 2149 cs.
843 2122 857 2156 ξ
881 2130 920 2149 22
1069 2131 1091 2159 9
1123 2119 1241 2157 ἐάσητε
1264 2120 1301 2150 S¹
1454 2129 1493 2150 10
1525 2121 1589 2151 ἐθε·

260 2162 386 2199 λήσητε
414 2162 437 2191 S
452 2161 477 2191 L
619 2163 648 2194 οἱ
670 2163 733 2203 ’γὰρ
751 2186 757 2192 .
778 2186 785 2192 .
810 2187 816 2193 .
835 2162 978 2195 διδόντες
1005 2164 1027 2193 S
1041 2164 1099 2193 L'z
1134 2164 1162 2195 εἰ
1186 2164 1248 2203 ’γὰρ
1265 2185 1272 2193 .
1293 2186 1301 2194 .
1322 2187 1327 2192 .
1347 2163 1450 2194 δίδοτε
1474 2162 1562 2202 vulg.
1582 2173 1589 2192 ε

260 2205 289 2236 εἴ
305 2205 331 2236 δ’
350 2204 395 2243 ἄρ’
416 2228 422 2234 .
443 2229 448 2234 .
469 2228 476 2236 .
497 2205 602 2237 δίδοτε
619 2205 795 2236 Thalheim
948 2216 985 2236 12
1011 2215 1090 2247 φασι
1108 2206 1138 2236 Α
1151 2206 1181 2236 Y
1194 2206 1255 2237 O‘:
1282 2207 1320 2238 ἄν
1337 2214 1415 2247 φασι
1435 2206 1458 2236 S
1475 2205 1562 2245 vulg.
1581 2217 1587 2236 :

259 2248 297 2278 ἂν
324 2251 408 2287 φῶσι
435 2248 476 2280 G.
507 2248 551 2279 H.
583 2248 765 2280 Schaeser:
799 2249 838 2287 δή
863 2256 942 2289 φασι
969 2249 1084 2280 Baiter
1109 2249 1183 2280 coll.
1210 2253 1225 2287 ξ
1250 2259 1291 2287 43
1428 2259 1466 2288 13
1497 2250 1587 2290 ἄκρο-

259 2293 352 2322 ἃσθαι
370 2291 479 2329 vulg.:
506 2293 662 2333 ἀκροᾶσθε
682 2293 705 2323 S
718 2291 744 2322 L
757 2292 787 2323 O
941 2303 977 2331 14
1002 2296 1106 2325 ποιεῖν
1121 2292 1203 2324 secl.
1223 2293 1367 2332 Dobree,
1389 2292 1463 2323 sort.
1484 2297 1588 2331 recte,

258 2333 296 2363 Cs-
320 2335 336 2370 §
354 2344 394 2372 57
526 2344 563 2373 15
588 2335 670 2376 λέξω
688 2335 740 2376 δὲ]
759 2335 841 2376 λέξω
858 2337 896 2374 δὴ
916 2335 1012 2366 ΒΙέες
1029 2348 1036 2367 ε
1064 2336 1098 2368 δὲ
1115 2346 1179 2367 om.
1202 2336 1276 2367 S¹L
1405 2336 1444 2366 16
1468 2336 1589 2367 πώποτ’

258 2377 346 2416 vulg.
366 2388 372 2406 :
396 2378 468 2409 ποτ’
489 2380 512 2408 S
527 2379 551 2408 L
567 2379 668 2409 Vind.
691 2389 703 2409 1
837 2390 876 2417 24
901 2380 944 2418 μὴ
963 2380 986 2410 S
1000 2380 1037 2410 L¹
1055 2391 1062 2411 :
1085 2379 1167 2419 μηδὲ
1183 2379 1271 2419 vulg.
1401 2388 1442 2417 25
1468 2379 1588 2411 εὐνοίας

259 2420 284 2451 S
296 2419 334 2450 L¹
351 2429 359 2451 :
383 2421 488 2463 εὐνοίᾳ
505 2421 591 2460 vulg.

1614 875 1653 896 10

1614 1207 1651 1240 15

1613 1541 1652 1563 20

1613 1873 1650 1904 ²5
