<?xml version="1.0" encoding="UTF-8"?>
<!DOCTYPE html PUBLIC "-//W3C//DTD XHTML 1.0 Transitional//EN"
    "http://www.w3.org/TR/xhtml1/DTD/xhtml1-transitional.dtd">
<html xmlns="http://www.w3.org/1999/xhtml" xml:lang="en" lang="en">
 <head>
  <title>
</title>
<meta http-equiv="Content-Type" content="text/html;charset=utf-8" />
  <meta name='ocr-system' content='tesseract 3.04.00' />
  <meta name='ocr-capabilities' content='ocr_page ocr_carea ocr_par ocr_line ocrx_word'/>
</head>
<body>
  <div class='ocr_page' id='page_1' title='image "./orationesrecogno01demouoft_0244.png"; bbox 0 0 1763 2828; ppageno 0'>
   <div class='ocr_carea' id='block_1_1' title="bbox 133 136 242 189">
    <p class='ocr_par' dir='ltr' id='par_1_1' title="bbox 133 136 242 189">
     <span class='ocr_line' id='line_1_1' title="bbox 133 136 242 189; baseline 0 0"><span class='ocrx_word' id='word_1_1' title='bbox 133 136 242 189; x_wconf 82' lang='lat'>[237]</span> 
     </span>
    </p>
   </div>
   <div class='ocr_carea' id='block_1_2' title="bbox 201 252 243 290">
    <p class='ocr_par' dir='ltr' id='par_1_2' title="bbox 201 252 243 290">
     <span class='ocr_line' id='line_1_2' title="bbox 201 252 243 290; baseline 0.024 -1"><span class='ocrx_word' id='word_1_2' title='bbox 201 252 243 290; x_wconf 85' lang='lat'>35</span> 
     </span>
    </p>
   </div>
   <div class='ocr_carea' id='block_1_3' title="bbox 199 1392 241 1428">
    <p class='ocr_par' dir='ltr' id='par_1_3' title="bbox 199 1392 241 1428">
     <span class='ocr_line' id='line_1_3' title="bbox 199 1392 241 1428; baseline 0 0"><span class='ocrx_word' id='word_1_3' title='bbox 199 1392 241 1428; x_wconf 81' lang='lat'>37</span> 
     </span>
    </p>
   </div>
   <div class='ocr_carea' id='block_1_4' title="bbox 128 1702 238 1758">
    <p class='ocr_par' dir='ltr' id='par_1_4' title="bbox 128 1702 238 1758">
     <span class='ocr_line' id='line_1_4' title="bbox 128 1702 238 1758; baseline 0.009 -1"><span class='ocrx_word' id='word_1_4' title='bbox 128 1702 238 1758; x_wconf 81' lang='lat'>[238]</span> 
     </span>
    </p>
   </div>
   <div class='ocr_carea' id='block_1_5' title="bbox 698 132 1602 180">
    <p class='ocr_par' dir='ltr' id='par_1_5' title="bbox 698 132 1602 180">
     <span class='ocr_line' id='line_1_5' title="bbox 698 132 1602 180; baseline 0 -6"><span class='ocrx_word' id='word_1_5' title='bbox 698 135 1185 174; x_wconf 73' lang='grc' dir='ltr'>ΔΗΜΟΣΘΕΝΟΎΣ</span> <span class='ocrx_word' id='word_1_6' title='bbox 1483 132 1602 180; x_wconf 76' lang='lat' dir='ltr'>[xvm</span> 
     </span>
    </p>
   </div>
   <div class='ocr_carea' id='block_1_6' title="bbox 269 238 1607 1635">
    <p class='ocr_par' dir='ltr' id='par_1_6' title="bbox 269 238 1607 1635">
     <span class='ocr_line' id='line_1_6' title="bbox 276 238 1602 292; baseline 0.002 -13"><span class='ocrx_word' id='word_1_7' title='bbox 276 240 378 281; x_wconf 87' lang='grc' dir='ltr'>τίνες</span> <span class='ocrx_word' id='word_1_8' title='bbox 405 239 472 280; x_wconf 72' lang='grc' dir='ltr'>οὖν</span> <span class='ocrx_word' id='word_1_9' title='bbox 498 238 601 290; x_wconf 80' lang='grc' dir='ltr'>ἦσαν</span> <span class='ocrx_word' id='word_1_10' title='bbox 627 241 663 280; x_wconf 83' lang='grc' dir='ltr'>οἱ</span> <span class='ocrx_word' id='word_1_11' title='bbox 690 241 794 291; x_wconf 80' lang='grc' dir='ltr'>παρὰ</span> <span class='ocrx_word' id='word_1_12' title='bbox 819 240 955 280; x_wconf 87' lang='grc' dir='ltr'>τούτου</span> <span class='ocrx_word' id='word_1_13' title='bbox 981 239 1096 291; x_wconf 84' lang='grc' dir='ltr'>λόγοι</span> <span class='ocrx_word' id='word_1_14' title='bbox 1122 240 1211 280; x_wconf 90' lang='grc' dir='ltr'>τότε</span> <span class='ocrx_word' id='word_1_15' title='bbox 1240 239 1437 292; x_wconf 80' lang='grc' dir='ltr'>ῥηθέντες,</span> <span class='ocrx_word' id='word_1_16' title='bbox 1466 241 1528 281; x_wconf 89' lang='grc' dir='ltr'>καὶ</span> <span class='ocrx_word' id='word_1_17' title='bbox 1553 240 1602 281; x_wconf 86' lang='grc' dir='ltr'>δι’</span> 
     </span>
     <span class='ocr_line' id='line_1_7' title="bbox 277 305 1600 362; baseline 0.002 -16"><span class='ocrx_word' id='word_1_18' title='bbox 277 306 343 348; x_wconf 80' lang='grc' dir='ltr'>οὓς</span> <span class='ocrx_word' id='word_1_19' title='bbox 368 305 508 347; x_wconf 78' lang='grc' dir='ltr'>ἅπαντ’</span> <span class='ocrx_word' id='word_1_20' title='bbox 535 307 737 353; x_wconf 84' lang='grc' dir='ltr'>ἀπώλετο;</span> <span class='ocrx_word' id='word_1_21' title='bbox 777 306 827 348; x_wconf 84' lang='grc' dir='ltr'>ὡς</span> <span class='ocrx_word' id='word_1_22' title='bbox 852 305 897 346; x_wconf 81' lang='grc' dir='ltr'>οὐ</span> <span class='ocrx_word' id='word_1_23' title='bbox 922 309 980 346; x_wconf 80' lang='grc' dir='ltr'>δεῖ</span> <span class='ocrx_word' id='word_1_24' title='bbox 1004 308 1265 358; x_wconf 80' lang='grc' dir='ltr'>θορυβεῖσθαι</span> <span class='ocrx_word' id='word_1_25' title='bbox 1295 310 1348 362; x_wconf 82' lang='grc' dir='ltr'>τῷ</span> <span class='ocrx_word' id='word_1_26' title='bbox 1376 313 1600 359; x_wconf 87' lang='grc' dir='ltr'>παρεληλυ-</span> 
     </span>
     <span class='ocr_line' id='line_1_8' title="bbox 278 373 1600 426; baseline 0.001 -12"><span class='ocrx_word' id='word_1_27' title='bbox 278 373 387 414; x_wconf 89' lang='grc' dir='ltr'>θέναι</span> <span class='ocrx_word' id='word_1_28' title='bbox 412 374 618 414; x_wconf 87' lang='grc' dir='ltr'>Φίλιππον</span> <span class='ocrx_word' id='word_1_29' title='bbox 653 375 748 414; x_wconf 85' lang='grc' dir='ltr'>εἵσω</span> <span class='ocrx_word' id='word_1_30' title='bbox 775 377 935 414; x_wconf 88' lang='grc' dir='ltr'>Πυλῶν·</span> <span class='ocrx_word' id='word_1_31' title='bbox 975 374 1090 414; x_wconf 82' lang='grc' dir='ltr'>ἔσται</span> <span class='ocrx_word' id='word_1_32' title='bbox 1121 375 1197 426; x_wconf 77' lang='grc' dir='ltr'>γὰρ</span> <span class='ocrx_word' id='word_1_33' title='bbox 1226 373 1368 415; x_wconf 85' lang='grc' dir='ltr'>ἅπανθ’</span> <span class='ocrx_word' id='word_1_34' title='bbox 1394 375 1472 414; x_wconf 87' lang='grc' dir='ltr'>ὅσα</span> <span class='ocrx_word' id='word_1_35' title='bbox 1503 375 1600 426; x_wconf 84' lang='grc' dir='ltr'>βού-</span> 
     </span>
     <span class='ocr_line' id='line_1_9' title="bbox 276 438 1603 494; baseline 0.001 -13"><span class='ocrx_word' id='word_1_36' title='bbox 276 440 391 481; x_wconf 87' lang='grc' dir='ltr'>λεσθ’</span> <span class='ocrx_word' id='word_1_37' title='bbox 411 441 532 491; x_wconf 81' lang='grc' dir='ltr'>ὑμεῖς,</span> <span class='ocrx_word' id='word_1_38' title='bbox 553 439 601 481; x_wconf 83' lang='grc' dir='ltr'>ἂν</span> <span class='ocrx_word' id='word_1_39' title='bbox 627 440 737 493; x_wconf 80' lang='grc' dir='ltr'>ἔχηθ’</span> <span class='ocrx_word' id='word_1_40' title='bbox 762 441 948 494; x_wconf 87' lang='grc' dir='ltr'>ἡσυχίαν,</span> <span class='ocrx_word' id='word_1_41' title='bbox 970 440 1032 480; x_wconf 88' lang='grc' dir='ltr'>καὶ</span> <span class='ocrx_word' id='word_1_42' title='bbox 1059 441 1281 481; x_wconf 84' lang='grc' dir='ltr'>ἀκούσεσθε</span> <span class='ocrx_word' id='word_1_43' title='bbox 1306 443 1412 481; x_wconf 87' lang='grc' dir='ltr'>δυοῖν</span> <span class='ocrx_word' id='word_1_44' title='bbox 1436 438 1459 491; x_wconf 84' lang='grc' dir='ltr'>ἢ</span> <span class='ocrx_word' id='word_1_45' title='bbox 1484 445 1603 493; x_wconf 86' lang='grc' dir='ltr'>τριῶν</span> 
     </span>
     <span class='ocr_line' id='line_1_10' title="bbox 276 507 1604 561; baseline 0.002 -13"><span class='ocrx_word' id='word_1_46' title='bbox 276 508 443 559; x_wconf 84' lang='grc' dir='ltr'>ἡμερῶν,</span> <span class='ocrx_word' id='word_1_47' title='bbox 472 507 529 549; x_wconf 72' lang='grc' dir='ltr'>οἷς</span> <span class='ocrx_word' id='word_1_48' title='bbox 553 510 624 558; x_wconf 81' lang='grc' dir='ltr'>μὲν</span> <span class='ocrx_word' id='word_1_49' title='bbox 649 508 791 561; x_wconf 84' lang='grc' dir='ltr'>ἐχθρὸς</span> <span class='ocrx_word' id='word_1_50' title='bbox 816 508 913 558; x_wconf 85' lang='grc' dir='ltr'>ἥκει,</span> <span class='ocrx_word' id='word_1_51' title='bbox 941 509 1063 560; x_wconf 86' lang='grc' dir='ltr'>φίλον</span> <span class='ocrx_word' id='word_1_52' title='bbox 1094 507 1211 548; x_wconf 82' lang='grc' dir='ltr'>αὐτὸν</span> <span class='ocrx_word' id='word_1_53' title='bbox 1240 508 1518 560; x_wconf 81' lang='grc' dir='ltr'>γεγενημένον,</span> <span class='ocrx_word' id='word_1_54' title='bbox 1545 508 1604 551; x_wconf 81' lang='grc' dir='ltr'>οἷς</span> 
     </span>
     <span class='ocr_line' id='line_1_11' title="bbox 277 574 1604 628; baseline 0.001 -13"><span class='ocrx_word' id='word_1_55' title='bbox 277 577 318 615; x_wconf 80' lang='grc' dir='ltr'>δὲ</span> <span class='ocrx_word' id='word_1_56' title='bbox 362 576 494 627; x_wconf 83' lang='grc' dir='ltr'>φίλος,</span> <span class='ocrx_word' id='word_1_57' title='bbox 538 575 767 615; x_wconf 84' lang='grc' dir='ltr'>τούναντίον</span> <span class='ocrx_word' id='word_1_58' title='bbox 809 575 966 628; x_wconf 87' lang='grc' dir='ltr'>ἐχθρόν.</span> <span class='ocrx_word' id='word_1_59' title='bbox 1041 574 1085 614; x_wconf 89' lang='grc' dir='ltr'>οὐ</span> <span class='ocrx_word' id='word_1_60' title='bbox 1125 576 1200 627; x_wconf 73' lang='grc' dir='ltr'>γὰρ</span> <span class='ocrx_word' id='word_1_61' title='bbox 1243 577 1291 615; x_wconf 77' lang='grc' dir='ltr'>τὰ</span> <span class='ocrx_word' id='word_1_62' title='bbox 1337 574 1493 627; x_wconf 85' lang='grc' dir='ltr'>ῥήματα</span> <span class='ocrx_word' id='word_1_63' title='bbox 1534 577 1604 617; x_wconf 80' lang='grc' dir='ltr'>τὰς</span> 
     </span>
     <span class='ocr_line' id='line_1_12' title="bbox 277 641 1604 693; baseline 0.001 -12"><span class='ocrx_word' id='word_1_64' title='bbox 277 643 515 692; x_wconf 72' lang='grc' dir='ltr'>οἰκειότητας</span> <span class='ocrx_word' id='word_1_65' title='bbox 551 642 628 693; x_wconf 82' lang='grc' dir='ltr'>ἔφη</span> <span class='ocrx_word' id='word_1_66' title='bbox 667 645 875 692; x_wconf 78' lang='grc' dir='ltr'>βεβαιοῦν,</span> <span class='ocrx_word' id='word_1_67' title='bbox 913 641 1022 692; x_wconf 80' lang='grc' dir='ltr'>μάλα</span> <span class='ocrx_word' id='word_1_68' title='bbox 1059 646 1213 692; x_wconf 83' lang='grc' dir='ltr'>σεμνῶς</span> <span class='ocrx_word' id='word_1_69' title='bbox 1246 641 1461 693; x_wconf 74' lang='grc' dir='ltr'>ὀνομάζων,</span> <span class='ocrx_word' id='word_1_70' title='bbox 1498 644 1604 682; x_wconf 81' lang='grc' dir='ltr'>ἀλλὰ</span> 
     </span>
     <span class='ocr_line' id='line_1_13' title="bbox 277 708 1604 764; baseline 0.002 -16"><span class='ocrx_word' id='word_1_71' title='bbox 277 709 322 749; x_wconf 85' lang='grc' dir='ltr'>τὸ</span> <span class='ocrx_word' id='word_1_72' title='bbox 354 708 474 748; x_wconf 78' lang='grc' dir='ltr'>ταύτὰ</span> <span class='ocrx_word' id='word_1_73' title='bbox 508 708 740 761; x_wconf 84' lang='grc' dir='ltr'>συμφέρειν·</span> <span class='ocrx_word' id='word_1_74' title='bbox 782 708 1001 761; x_wconf 84' lang='grc' dir='ltr'>συμφέρειν</span> <span class='ocrx_word' id='word_1_75' title='bbox 1034 711 1076 750; x_wconf 82' lang='grc' dir='ltr'>δὲ</span> <span class='ocrx_word' id='word_1_76' title='bbox 1106 710 1295 764; x_wconf 78' lang='grc' dir='ltr'>Φιλίππῳ</span> <span class='ocrx_word' id='word_1_77' title='bbox 1327 710 1388 750; x_wconf 88' lang='grc' dir='ltr'>καὶ</span> <span class='ocrx_word' id='word_1_78' title='bbox 1418 712 1604 750; x_wconf 81' lang='grc' dir='ltr'>Φωκεῦσι</span> 
     </span>
     <span class='ocr_line' id='line_1_14' title="bbox 279 775 1604 829; baseline 0.002 -13"><span class='ocrx_word' id='word_1_79' title='bbox 279 776 340 816; x_wconf 85' lang='grc' dir='ltr'>καὶ</span> <span class='ocrx_word' id='word_1_80' title='bbox 365 777 455 826; x_wconf 82' lang='grc' dir='ltr'>ὑμῖν</span> <span class='ocrx_word' id='word_1_81' title='bbox 480 776 623 826; x_wconf 86' lang='grc' dir='ltr'>ὁμοίως</span> <span class='ocrx_word' id='word_1_82' title='bbox 654 775 781 816; x_wconf 78' lang='grc' dir='ltr'>ἅπασι</span> <span class='ocrx_word' id='word_1_83' title='bbox 809 778 877 826; x_wconf 87' lang='grc' dir='ltr'>τῆς</span> <span class='ocrx_word' id='word_1_84' title='bbox 908 777 1156 828; x_wconf 84' lang='grc' dir='ltr'>ἀναλγησίας</span> <span class='ocrx_word' id='word_1_85' title='bbox 1187 776 1250 817; x_wconf 86' lang='grc' dir='ltr'>καὶ</span> <span class='ocrx_word' id='word_1_86' title='bbox 1279 779 1347 827; x_wconf 86' lang='grc' dir='ltr'>τῆς</span> <span class='ocrx_word' id='word_1_87' title='bbox 1380 777 1604 829; x_wconf 81' lang='grc' dir='ltr'>βαρύτητος</span> 
     </span>
     <span class='ocr_line' id='line_1_15' title="bbox 278 843 1604 895; baseline 0.002 -12"><span class='ocrx_word' id='word_1_88' title='bbox 278 844 560 895; x_wconf 88' lang='grc' dir='ltr'>ἀπαλλαγῆναι</span> <span class='ocrx_word' id='word_1_89' title='bbox 589 845 659 894; x_wconf 83' lang='grc' dir='ltr'>τῆς</span> <span class='ocrx_word' id='word_1_90' title='bbox 691 847 769 883; x_wconf 84' lang='grc' dir='ltr'>τῶν</span> <span class='ocrx_word' id='word_1_91' title='bbox 795 844 1003 894; x_wconf 89' lang='grc' dir='ltr'>Θηβαίων.</span> <span class='ocrx_word' id='word_1_92' title='bbox 1077 847 1201 884; x_wconf 80' lang='grc' dir='ltr'>ταῦτα</span> <span class='ocrx_word' id='word_1_93' title='bbox 1229 843 1262 883; x_wconf 86' lang='grc' dir='ltr'>δ’</span> <span class='ocrx_word' id='word_1_94' title='bbox 1288 843 1471 895; x_wconf 88' lang='grc' dir='ltr'>ἀσμένως</span> <span class='ocrx_word' id='word_1_95' title='bbox 1500 847 1604 886; x_wconf 82' lang='grc' dir='ltr'>τινὲς</span> 
     </span>
     <span class='ocr_line' id='line_1_16' title="bbox 276 909 1604 963; baseline 0.003 -14"><span class='ocrx_word' id='word_1_96' title='bbox 276 909 416 961; x_wconf 83' lang='grc' dir='ltr'>ἤκουον</span> <span class='ocrx_word' id='word_1_97' title='bbox 450 909 568 950; x_wconf 81' lang='grc' dir='ltr'>αὐτοῦ</span> <span class='ocrx_word' id='word_1_98' title='bbox 604 912 667 950; x_wconf 79' lang='grc' dir='ltr'>διὰ</span> <span class='ocrx_word' id='word_1_99' title='bbox 698 910 770 960; x_wconf 76' lang='grc' dir='ltr'>τὴν</span> <span class='ocrx_word' id='word_1_100' title='bbox 805 910 886 950; x_wconf 85' lang='grc' dir='ltr'>τόθ’</span> <span class='ocrx_word' id='word_1_101' title='bbox 920 911 1099 951; x_wconf 83' lang='grc' dir='ltr'>ὑποῦσαν</span> <span class='ocrx_word' id='word_1_102' title='bbox 1134 909 1352 963; x_wconf 87' lang='grc' dir='ltr'>ἀπέχθειαν</span> <span class='ocrx_word' id='word_1_103' title='bbox 1384 911 1483 962; x_wconf 84' lang='grc' dir='ltr'>πρὸς</span> <span class='ocrx_word' id='word_1_104' title='bbox 1514 911 1604 953; x_wconf 83' lang='grc' dir='ltr'>τοὺς</span> 
     </span>
     <span class='ocr_line' id='line_1_17' title="bbox 276 976 1601 1030; baseline 0 -12"><span class='ocrx_word' id='word_1_105' title='bbox 276 978 499 1028; x_wconf 88' lang='grc' dir='ltr'>Θηβαίους.</span> <span class='ocrx_word' id='word_1_106' title='bbox 558 978 599 1018; x_wconf 91' lang='grc' dir='ltr'>τί</span> <span class='ocrx_word' id='word_1_107' title='bbox 614 977 682 1018; x_wconf 76' lang='grc' dir='ltr'>οὗν</span> <span class='ocrx_word' id='word_1_108' title='bbox 700 976 852 1028; x_wconf 84' lang='grc' dir='ltr'>συνέβη</span> <span class='ocrx_word' id='word_1_109' title='bbox 872 978 971 1028; x_wconf 78' lang='grc' dir='ltr'>μετὰ</span> <span class='ocrx_word' id='word_1_110' title='bbox 990 976 1096 1017; x_wconf 82' lang='grc' dir='ltr'>ταῦτ’</span> <span class='ocrx_word' id='word_1_111' title='bbox 1117 977 1241 1024; x_wconf 82' lang='grc' dir='ltr'>εὐθύς,</span> <span class='ocrx_word' id='word_1_112' title='bbox 1263 976 1331 1017; x_wconf 87' lang='grc' dir='ltr'>οὐκ</span> <span class='ocrx_word' id='word_1_113' title='bbox 1351 979 1406 1019; x_wconf 83' lang='grc' dir='ltr'>εἷς</span> <span class='ocrx_word' id='word_1_114' title='bbox 1429 977 1601 1030; x_wconf 86' lang='grc' dir='ltr'>μακράν;</span> 
     </span>
     <span class='ocr_line' id='line_1_18' title="bbox 274 1043 1605 1097; baseline 0.002 -13"><span class='ocrx_word' id='word_1_115' title='bbox 274 1044 366 1086; x_wconf 83' lang='grc' dir='ltr'>τοὺς</span> <span class='ocrx_word' id='word_1_116' title='bbox 390 1046 464 1095; x_wconf 81' lang='grc' dir='ltr'>μὲν</span> <span class='ocrx_word' id='word_1_117' title='bbox 490 1044 655 1087; x_wconf 83' lang='grc' dir='ltr'>Φωκέας</span> <span class='ocrx_word' id='word_1_118' title='bbox 684 1043 909 1085; x_wconf 84' lang='grc' dir='ltr'>ἀπολέσθαι</span> <span class='ocrx_word' id='word_1_119' title='bbox 941 1044 1003 1084; x_wconf 85' lang='grc' dir='ltr'>καὶ</span> <span class='ocrx_word' id='word_1_120' title='bbox 1033 1046 1339 1097; x_wconf 87' lang='grc' dir='ltr'>κατασκαφῆναι</span> <span class='ocrx_word' id='word_1_121' title='bbox 1367 1046 1437 1087; x_wconf 83' lang='grc' dir='ltr'>τὰς</span> <span class='ocrx_word' id='word_1_122' title='bbox 1466 1045 1605 1087; x_wconf 89' lang='grc' dir='ltr'>πόλεις</span> 
     </span>
     <span class='ocr_line' id='line_1_19' title="bbox 274 1110 1606 1166; baseline 0.002 -15"><span class='ocrx_word' id='word_1_123' title='bbox 274 1110 414 1158; x_wconf 82' lang='grc' dir='ltr'>αὐτῶν,</span> <span class='ocrx_word' id='word_1_124' title='bbox 448 1112 546 1163; x_wconf 76' lang='grc' dir='ltr'>ὑμᾶς</span> <span class='ocrx_word' id='word_1_125' title='bbox 584 1111 615 1152; x_wconf 84' lang='grc' dir='ltr'>δ’</span> <span class='ocrx_word' id='word_1_126' title='bbox 645 1112 818 1165; x_wconf 84' lang='grc' dir='ltr'>ἡσυχίαν</span> <span class='ocrx_word' id='word_1_127' title='bbox 854 1112 1077 1164; x_wconf 85' lang='grc' dir='ltr'>ἀγαγόντας</span> <span class='ocrx_word' id='word_1_128' title='bbox 1114 1112 1176 1152; x_wconf 87' lang='grc' dir='ltr'>καὶ</span> <span class='ocrx_word' id='word_1_129' title='bbox 1211 1111 1334 1166; x_wconf 80' lang='grc' dir='ltr'>τούτῳ</span> <span class='ocrx_word' id='word_1_130' title='bbox 1371 1111 1606 1155; x_wconf 87' lang='grc' dir='ltr'>πεισθέντας</span> 
     </span>
     <span class='ocr_line' id='line_1_20' title="bbox 273 1178 1607 1232; baseline 0.001 -13"><span class='ocrx_word' id='word_1_131' title='bbox 273 1178 412 1230; x_wconf 82' lang='grc' dir='ltr'>μικρὸν</span> <span class='ocrx_word' id='word_1_132' title='bbox 427 1179 597 1231; x_wconf 78' lang='grc' dir='ltr'>ὕστερον</span> <span class='ocrx_word' id='word_1_133' title='bbox 612 1181 882 1231; x_wconf 88' lang='grc' dir='ltr'>σκευαγωγεῖν</span> <span class='ocrx_word' id='word_1_134' title='bbox 903 1179 944 1218; x_wconf 84' lang='grc' dir='ltr'>ἐκ</span> <span class='ocrx_word' id='word_1_135' title='bbox 963 1182 1039 1219; x_wconf 86' lang='grc' dir='ltr'>τῶν</span> <span class='ocrx_word' id='word_1_136' title='bbox 1060 1179 1203 1231; x_wconf 80' lang='grc' dir='ltr'>ἀγρῶν,</span> <span class='ocrx_word' id='word_1_137' title='bbox 1222 1182 1360 1219; x_wconf 78' lang='grc' dir='ltr'>τοῦτον</span> <span class='ocrx_word' id='word_1_138' title='bbox 1379 1181 1421 1220; x_wconf 79' lang='grc' dir='ltr'>δὲ</span> <span class='ocrx_word' id='word_1_139' title='bbox 1440 1179 1607 1232; x_wconf 87' lang='grc' dir='ltr'>χρυσίον</span> 
     </span>
     <span class='ocr_line' id='line_1_21' title="bbox 273 1245 1606 1300; baseline 0.002 -14"><span class='ocrx_word' id='word_1_140' title='bbox 273 1249 431 1296; x_wconf 86' lang='grc' dir='ltr'>λαβεῖν,</span> <span class='ocrx_word' id='word_1_141' title='bbox 464 1247 527 1287; x_wconf 83' lang='grc' dir='ltr'>καὶ</span> <span class='ocrx_word' id='word_1_142' title='bbox 559 1246 617 1287; x_wconf 79' lang='grc' dir='ltr'>ἔτι</span> <span class='ocrx_word' id='word_1_143' title='bbox 645 1245 744 1298; x_wconf 84' lang='grc' dir='ltr'>πρὸς</span> <span class='ocrx_word' id='word_1_144' title='bbox 771 1246 925 1287; x_wconf 84' lang='grc' dir='ltr'>τούτοις</span> <span class='ocrx_word' id='word_1_145' title='bbox 956 1245 1027 1296; x_wconf 81' lang='grc' dir='ltr'>τὴν</span> <span class='ocrx_word' id='word_1_146' title='bbox 1056 1247 1130 1296; x_wconf 85' lang='grc' dir='ltr'>μὲν</span> <span class='ocrx_word' id='word_1_147' title='bbox 1158 1245 1375 1300; x_wconf 89' lang='grc' dir='ltr'>ἀπέχθειαν</span> <span class='ocrx_word' id='word_1_148' title='bbox 1403 1245 1476 1296; x_wconf 78' lang='grc' dir='ltr'>τὴν</span> <span class='ocrx_word' id='word_1_149' title='bbox 1507 1245 1606 1298; x_wconf 83' lang='grc' dir='ltr'>πρὸς</span> 
     </span>
     <span class='ocr_line' id='line_1_22' title="bbox 276 1312 1606 1370; baseline 0.001 -18"><span class='ocrx_word' id='word_1_150' title='bbox 276 1314 482 1364; x_wconf 83' lang='grc' dir='ltr'>Θηβαίους</span> <span class='ocrx_word' id='word_1_151' title='bbox 514 1313 576 1354; x_wconf 83' lang='grc' dir='ltr'>καὶ</span> <span class='ocrx_word' id='word_1_152' title='bbox 602 1312 832 1355; x_wconf 82' lang='grc' dir='ltr'>Θετταλοὺς</span> <span class='ocrx_word' id='word_1_153' title='bbox 861 1319 910 1370; x_wconf 83' lang='grc' dir='ltr'>τῇ</span> <span class='ocrx_word' id='word_1_154' title='bbox 939 1313 1055 1354; x_wconf 86' lang='grc' dir='ltr'>πόλει</span> <span class='ocrx_word' id='word_1_155' title='bbox 1085 1312 1288 1365; x_wconf 85' lang='grc' dir='ltr'>γενέσθαι,</span> <span class='ocrx_word' id='word_1_156' title='bbox 1317 1313 1390 1363; x_wconf 75' lang='grc' dir='ltr'>τὴν</span> <span class='ocrx_word' id='word_1_157' title='bbox 1419 1315 1462 1354; x_wconf 82' lang='grc' dir='ltr'>δὲ</span> <span class='ocrx_word' id='word_1_158' title='bbox 1489 1312 1606 1366; x_wconf 86' lang='grc' dir='ltr'>χάριν</span> 
     </span>
     <span class='ocr_line' id='line_1_23' title="bbox 272 1379 1606 1435; baseline 0 -15"><span class='ocrx_word' id='word_1_159' title='bbox 272 1380 344 1430; x_wconf 78' lang='grc' dir='ltr'>τὴν</span> <span class='ocrx_word' id='word_1_160' title='bbox 376 1381 473 1433; x_wconf 81' lang='grc' dir='ltr'>ὑπὲρ</span> <span class='ocrx_word' id='word_1_161' title='bbox 504 1384 582 1422; x_wconf 84' lang='grc' dir='ltr'>τῶν</span> <span class='ocrx_word' id='word_1_162' title='bbox 614 1379 902 1433; x_wconf 88' lang='grc' dir='ltr'>πεπραγμένων</span> <span class='ocrx_word' id='word_1_163' title='bbox 934 1381 1137 1435; x_wconf 78' lang='grc' dir='ltr'>Φιλίππῳ.</span> <span class='ocrx_word' id='word_1_164' title='bbox 1209 1382 1267 1421; x_wconf 86' lang='grc' dir='ltr'>ὅτι</span> <span class='ocrx_word' id='word_1_165' title='bbox 1300 1380 1333 1421; x_wconf 85' lang='grc' dir='ltr'>δ’</span> <span class='ocrx_word' id='word_1_166' title='bbox 1366 1381 1465 1421; x_wconf 84' lang='grc' dir='ltr'>οὕτω</span> <span class='ocrx_word' id='word_1_167' title='bbox 1497 1379 1606 1420; x_wconf 83' lang='grc' dir='ltr'>ταῦτ’</span> 
     </span>
     <span class='ocr_line' id='line_1_24' title="bbox 272 1446 1606 1501; baseline -0.001 -14"><span class='ocrx_word' id='word_1_168' title='bbox 272 1447 369 1501; x_wconf 86' lang='grc' dir='ltr'>ἕχει,</span> <span class='ocrx_word' id='word_1_169' title='bbox 400 1447 496 1500; x_wconf 85' lang='grc' dir='ltr'>λέγε</span> <span class='ocrx_word' id='word_1_170' title='bbox 528 1465 593 1499; x_wconf 90' lang='grc' dir='ltr'>μοι</span> <span class='ocrx_word' id='word_1_171' title='bbox 626 1449 672 1488; x_wconf 89' lang='grc' dir='ltr'>τό</span> <span class='ocrx_word' id='word_1_172' title='bbox 701 1465 745 1489; x_wconf 91' lang='grc' dir='ltr'>τε</span> <span class='ocrx_word' id='word_1_173' title='bbox 777 1451 846 1488; x_wconf 84' lang='grc' dir='ltr'>τοῦ</span> <span class='ocrx_word' id='word_1_174' title='bbox 878 1447 1180 1489; x_wconf 87' lang='grc' dir='ltr'>Καλλισθένους</span> <span class='ocrx_word' id='word_1_175' title='bbox 1207 1446 1405 1500; x_wconf 80' lang='grc' dir='ltr'>ψήφισμα</span> <span class='ocrx_word' id='word_1_176' title='bbox 1439 1447 1501 1487; x_wconf 84' lang='grc' dir='ltr'>καὶ</span> <span class='ocrx_word' id='word_1_177' title='bbox 1533 1447 1606 1497; x_wconf 79' lang='grc' dir='ltr'>τὴν</span> 
     </span>
     <span class='ocr_line' id='line_1_25' title="bbox 271 1513 1603 1568; baseline 0 -14"><span class='ocrx_word' id='word_1_178' title='bbox 271 1514 491 1565; x_wconf 77' lang='grc' dir='ltr'>ἐπιστολὴν</span> <span class='ocrx_word' id='word_1_179' title='bbox 516 1514 588 1565; x_wconf 81' lang='grc' dir='ltr'>τὴν</span> <span class='ocrx_word' id='word_1_180' title='bbox 607 1518 675 1555; x_wconf 82' lang='grc' dir='ltr'>τοῦ</span> <span class='ocrx_word' id='word_1_181' title='bbox 693 1516 910 1562; x_wconf 84' lang='grc' dir='ltr'>Φιλίππου,</span> <span class='ocrx_word' id='word_1_182' title='bbox 934 1514 981 1566; x_wconf 82' lang='grc' dir='ltr'>ἐξ</span> <span class='ocrx_word' id='word_1_183' title='bbox 1001 1515 1055 1556; x_wconf 81' lang='grc' dir='ltr'>ὧν</span> <span class='ocrx_word' id='word_1_184' title='bbox 1075 1514 1312 1568; x_wconf 86' lang='grc' dir='ltr'>ἀμφοτέρων</span> <span class='ocrx_word' id='word_1_185' title='bbox 1331 1513 1441 1555; x_wconf 82' lang='grc' dir='ltr'>ταῦθ’</span> <span class='ocrx_word' id='word_1_186' title='bbox 1462 1513 1603 1555; x_wconf 79' lang='grc' dir='ltr'>ἅπανθ’</span> 
     </span>
     <span class='ocr_line' id='line_1_26' title="bbox 269 1581 873 1635; baseline 0.002 -14"><span class='ocrx_word' id='word_1_187' title='bbox 269 1581 360 1632; x_wconf 82' lang='grc' dir='ltr'>ὑμῖν</span> <span class='ocrx_word' id='word_1_188' title='bbox 385 1581 499 1622; x_wconf 77' lang='grc' dir='ltr'>ἔσται</span> <span class='ocrx_word' id='word_1_189' title='bbox 526 1581 692 1635; x_wconf 88' lang='grc' dir='ltr'>φανερά.</span> <span class='ocrx_word' id='word_1_190' title='bbox 763 1581 873 1634; x_wconf 89' lang='grc' dir='ltr'>λέγε.</span> 
     </span>
    </p>
   </div>
   <div class='ocr_carea' id='block_1_7' title="bbox 837 1712 1035 1741">
    <p class='ocr_par' dir='ltr' id='par_1_7' title="bbox 837 1712 1035 1741">
     <span class='ocr_line' id='line_1_27' title="bbox 837 1712 1035 1741; baseline -0.01 -1"><span class='ocrx_word' id='word_1_191' title='bbox 837 1712 1035 1741; x_wconf 81' lang='grc' dir='ltr'>ΨΗΦΙΣΜΑ.</span> 
     </span>
    </p>
   </div>
   <div class='ocr_carea' id='block_1_8' title="bbox 268 1782 1604 1892">
    <p class='ocr_par' dir='ltr' id='par_1_8' title="bbox 268 1782 1604 1892">
     <span class='ocr_line' id='line_1_28' title="bbox 324 1782 1604 1837; baseline 0.002 -15"><span class='ocrx_word' id='word_1_192' title='bbox 324 1782 421 1837; x_wconf 65' lang='grc' dir='ltr'>[Ἐπὶ</span> <span class='ocrx_word' id='word_1_193' title='bbox 441 1786 690 1835; x_wconf 88' lang='grc' dir='ltr'>Μνησιφίλου</span> <span class='ocrx_word' id='word_1_194' title='bbox 711 1786 898 1836; x_wconf 83' lang='grc' dir='ltr'>ἄρχοντος,</span> <span class='ocrx_word' id='word_1_195' title='bbox 920 1786 1134 1837; x_wconf 82' lang='grc' dir='ltr'>σύγκλητος</span> <span class='ocrx_word' id='word_1_196' title='bbox 1155 1786 1335 1835; x_wconf 86' lang='grc' dir='ltr'>ἐκκλησία</span> <span class='ocrx_word' id='word_1_197' title='bbox 1355 1786 1426 1824; x_wconf 76' lang='grc' dir='ltr'>ὑπὸ</span> <span class='ocrx_word' id='word_1_198' title='bbox 1447 1801 1604 1836; x_wconf 90' lang='grc' dir='ltr'>στρατη-</span> 
     </span>
     <span class='ocr_line' id='line_1_29' title="bbox 268 1837 1603 1892; baseline 0 -14"><span class='ocrx_word' id='word_1_199' title='bbox 268 1843 343 1892; x_wconf 82' lang='grc' dir='ltr'>γῶν</span> <span class='ocrx_word' id='word_1_200' title='bbox 367 1840 426 1878; x_wconf 80' lang='grc' dir='ltr'>καὶ</span> <span class='ocrx_word' id='word_1_201' title='bbox 452 1841 673 1890; x_wconf 87' lang='grc' dir='ltr'>πρυτάνεων,</span> <span class='ocrx_word' id='word_1_202' title='bbox 695 1837 780 1891; x_wconf 54' lang='grc' dir='ltr'>[καὶ]</span> <span class='ocrx_word' id='word_1_203' title='bbox 799 1841 945 1889; x_wconf 84' lang='grc' dir='ltr'>βουλῆς</span> <span class='ocrx_word' id='word_1_204' title='bbox 970 1840 1110 1892; x_wconf 80' lang='grc' dir='ltr'>γνώμη,</span> <span class='ocrx_word' id='word_1_205' title='bbox 1131 1843 1449 1890; x_wconf 81' lang='grc' dir='ltr'>μαιμακτηριῶνος</span> <span class='ocrx_word' id='word_1_206' title='bbox 1469 1840 1603 1891; x_wconf 78' lang='grc' dir='ltr'>δεκάτῃ</span> 
     </span>
    </p>
   </div>
   <div class='ocr_carea' id='block_1_9' title="bbox 269 1893 1663 1945">
    <p class='ocr_par' dir='ltr' id='par_1_9' title="bbox 269 1893 1663 1945">
     <span class='ocr_line' id='line_1_30' title="bbox 269 1893 1663 1945; baseline 0.001 -13"><span class='ocrx_word' id='word_1_207' title='bbox 269 1894 450 1939; x_wconf 81' lang='grc' dir='ltr'>ἀπιόντος,</span> <span class='ocrx_word' id='word_1_208' title='bbox 478 1894 743 1943; x_wconf 84' lang='grc' dir='ltr'>Καλλισθένης</span> <span class='ocrx_word' id='word_1_209' title='bbox 770 1894 977 1933; x_wconf 82' lang='grc' dir='ltr'>Ἐτεονίκου</span> <span class='ocrx_word' id='word_1_210' title='bbox 1001 1895 1193 1944; x_wconf 67' lang='grc' dir='ltr'>Φαληρεὺς</span> <span class='ocrx_word' id='word_1_211' title='bbox 1221 1894 1299 1932; x_wconf 78' lang='grc' dir='ltr'>εἶπε</span> <span class='ocrx_word' id='word_1_212' title='bbox 1326 1895 1466 1945; x_wconf 82' lang='grc' dir='ltr'>μηδένα</span> <span class='ocrx_word' id='word_1_213' title='bbox 1492 1893 1604 1944; x_wconf 87' lang='grc' dir='ltr'>Ἀθη·</span> <span class='ocrx_word' id='word_1_214' title='bbox 1652 1910 1663 1917; x_wconf 91' lang='grc'><strong><em>·</em></strong></span> 
     </span>
    </p>
   </div>
   <div class='ocr_carea' id='block_1_10' title="bbox 268 1948 1605 2111">
    <p class='ocr_par' dir='ltr' id='par_1_10' title="bbox 268 1948 1605 2111">
     <span class='ocr_line' id='line_1_31' title="bbox 269 1948 1604 2001; baseline 0 -14"><span class='ocrx_word' id='word_1_215' title='bbox 269 1950 377 1988; x_wconf 86' lang='grc' dir='ltr'>ναίων</span> <span class='ocrx_word' id='word_1_216' title='bbox 402 1948 565 2000; x_wconf 76' lang='grc' dir='ltr'>μηδεμιᾷ</span> <span class='ocrx_word' id='word_1_217' title='bbox 588 1950 807 1999; x_wconf 84' lang='grc' dir='ltr'>παρευρέσει</span> <span class='ocrx_word' id='word_1_218' title='bbox 832 1952 870 1987; x_wconf 87' lang='grc' dir='ltr'>ἐν</span> <span class='ocrx_word' id='word_1_219' title='bbox 894 1952 941 1999; x_wconf 85' lang='grc' dir='ltr'>τῇ</span> <span class='ocrx_word' id='word_1_220' title='bbox 966 1949 1067 2000; x_wconf 77' lang='grc' dir='ltr'>χώρᾳ</span> <span class='ocrx_word' id='word_1_221' title='bbox 1096 1952 1256 1987; x_wconf 81' lang='grc' dir='ltr'>κοιταῖον</span> <span class='ocrx_word' id='word_1_222' title='bbox 1281 1949 1487 2001; x_wconf 83' lang='grc' dir='ltr'>γίγνεσθαι,</span> <span class='ocrx_word' id='word_1_223' title='bbox 1517 1948 1604 1987; x_wconf 79' lang='grc' dir='ltr'>ἀλλ’</span> 
     </span>
     <span class='ocr_line' id='line_1_32' title="bbox 269 2004 1604 2053; baseline 0.001 -12"><span class='ocrx_word' id='word_1_224' title='bbox 269 2007 308 2042; x_wconf 86' lang='grc' dir='ltr'>ἐν</span> <span class='ocrx_word' id='word_1_225' title='bbox 337 2005 442 2042; x_wconf 74' lang='grc' dir='ltr'>ἄστει</span> <span class='ocrx_word' id='word_1_226' title='bbox 472 2004 531 2042; x_wconf 87' lang='grc' dir='ltr'>καὶ</span> <span class='ocrx_word' id='word_1_227' title='bbox 561 2006 736 2053; x_wconf 85' lang='grc' dir='ltr'>Πειραιεῖ,</span> <span class='ocrx_word' id='word_1_228' title='bbox 767 2004 850 2042; x_wconf 85' lang='grc' dir='ltr'>ὅσοι</span> <span class='ocrx_word' id='word_1_229' title='bbox 883 2004 936 2053; x_wconf 83' lang='grc' dir='ltr'>μὴ</span> <span class='ocrx_word' id='word_1_230' title='bbox 966 2007 1003 2042; x_wconf 88' lang='grc' dir='ltr'>ἐν</span> <span class='ocrx_word' id='word_1_231' title='bbox 1031 2006 1108 2044; x_wconf 81' lang='grc' dir='ltr'>τοῖς</span> <span class='ocrx_word' id='word_1_232' title='bbox 1137 2004 1326 2053; x_wconf 84' lang='grc' dir='ltr'>φρουρίοις</span> <span class='ocrx_word' id='word_1_233' title='bbox 1355 2004 1449 2042; x_wconf 79' lang='grc' dir='ltr'>εἰσὶν</span> <span class='ocrx_word' id='word_1_234' title='bbox 1478 2007 1604 2042; x_wconf 85' lang='grc' dir='ltr'>ἀποτε-</span> 
     </span>
     <span class='ocr_line' id='line_1_33' title="bbox 268 2057 1605 2111; baseline 0 -15"><span class='ocrx_word' id='word_1_235' title='bbox 268 2060 456 2111; x_wconf 88' lang='grc' dir='ltr'>ταγμένοι·</span> <span class='ocrx_word' id='word_1_236' title='bbox 487 2059 624 2097; x_wconf 83' lang='grc' dir='ltr'>τούτων</span> <span class='ocrx_word' id='word_1_237' title='bbox 640 2057 668 2096; x_wconf 79' lang='grc' dir='ltr'>δ’</span> <span class='ocrx_word' id='word_1_238' title='bbox 689 2059 866 2098; x_wconf 81' lang='grc' dir='ltr'>ἑκάστους</span> <span class='ocrx_word' id='word_1_239' title='bbox 885 2057 930 2107; x_wconf 74' lang='grc' dir='ltr'>ἣν</span> <span class='ocrx_word' id='word_1_240' title='bbox 945 2059 1166 2108; x_wconf 85' lang='grc' dir='ltr'>παρέλαβον</span> <span class='ocrx_word' id='word_1_241' title='bbox 1186 2059 1289 2105; x_wconf 82' lang='grc' dir='ltr'>τάξιν</span> <span class='ocrx_word' id='word_1_242' title='bbox 1310 2058 1492 2108; x_wconf 79' lang='grc' dir='ltr'>διατηρεῖν</span> <span class='ocrx_word' id='word_1_243' title='bbox 1510 2059 1605 2108; x_wconf 86' lang='grc' dir='ltr'>μήτε</span> 
     </span>
    </p>
   </div>
   <div class='ocr_carea' id='block_1_11' title="bbox 271 2112 1604 2434">
    <p class='ocr_par' dir='ltr' id='par_1_11' title="bbox 271 2112 1604 2164">
     <span class='ocr_line' id='line_1_34' title="bbox 271 2112 1604 2164; baseline 0 -14"><span class='ocrx_word' id='word_1_244' title='bbox 271 2114 571 2163; x_wconf 82' lang='grc' dir='ltr'>ἀφημερεύοντας</span> <span class='ocrx_word' id='word_1_245' title='bbox 590 2114 684 2163; x_wconf 91' lang='grc' dir='ltr'>μήτε</span> <span class='ocrx_word' id='word_1_246' title='bbox 704 2115 999 2153; x_wconf 75' lang='grc' dir='ltr'>ἀποκοιτοῦντας.</span> <span class='ocrx_word' id='word_1_247' title='bbox 1057 2112 1096 2153; x_wconf 77' lang='grc' dir='ltr'>ὃς</span> <span class='ocrx_word' id='word_1_248' title='bbox 1120 2113 1149 2151; x_wconf 90' lang='grc' dir='ltr'>δ’</span> <span class='ocrx_word' id='word_1_249' title='bbox 1174 2112 1218 2152; x_wconf 71' lang='grc' dir='ltr'>ἂν</span> <span class='ocrx_word' id='word_1_250' title='bbox 1239 2113 1425 2163; x_wconf 86' lang='grc' dir='ltr'>ἀπειθήσῃ</span> <span class='ocrx_word' id='word_1_251' title='bbox 1445 2113 1535 2164; x_wconf 80' lang='grc' dir='ltr'>τῷδε</span> <span class='ocrx_word' id='word_1_252' title='bbox 1554 2116 1604 2163; x_wconf 78' lang='grc' dir='ltr'>τῷ</span> 
     </span>
    </p>

    <p class='ocr_par' dir='ltr' id='par_1_12' title="bbox 271 2217 1604 2434">
     <span class='ocr_line' id='line_1_35' title="bbox 318 2217 1604 2259; baseline 0 -10"><span class='ocrx_word' id='word_1_253' title='bbox 318 2229 331 2249; x_wconf 90' lang='lat'>1</span> <span class='ocrx_word' id='word_1_254' title='bbox 359 2220 409 2251; x_wconf 83' lang='grc' dir='ltr'>καὶ</span> <span class='ocrx_word' id='word_1_255' title='bbox 426 2219 505 2250; x_wconf 83' lang='lat' dir='ltr'>secl.</span> <span class='ocrx_word' id='word_1_256' title='bbox 525 2219 660 2258; x_wconf 82' lang='lat' dir='ltr'>Lipsius</span> <span class='ocrx_word' id='word_1_257' title='bbox 781 2228 800 2256; x_wconf 92' lang='lat'>4</span> <span class='ocrx_word' id='word_1_258' title='bbox 826 2217 933 2259; x_wconf 76' lang='grc' dir='ltr'>ἔχηθ’]</span> <span class='ocrx_word' id='word_1_259' title='bbox 953 2219 1054 2259; x_wconf 80' lang='grc' dir='ltr'>ἄγητε</span> <span class='ocrx_word' id='word_1_260' title='bbox 1071 2217 1103 2248; x_wconf 86' lang='grc' dir='ltr'>Α</span> <span class='ocrx_word' id='word_1_261' title='bbox 1228 2219 1248 2248; x_wconf 91' lang='grc'>8</span> <span class='ocrx_word' id='word_1_262' title='bbox 1272 2217 1412 2248; x_wconf 83' lang='lat' dir='ltr'>alterum</span> <span class='ocrx_word' id='word_1_263' title='bbox 1431 2217 1604 2259; x_wconf 83' lang='grc' dir='ltr'>συμφέρειν</span> 
     </span>
     <span class='ocr_line' id='line_1_36' title="bbox 272 2260 1604 2305; baseline -0.001 -12"><span class='ocrx_word' id='word_1_264' title='bbox 272 2263 315 2294; x_wconf 81' lang='lat' dir='ltr'>S:</span> <span class='ocrx_word' id='word_1_265' title='bbox 342 2263 496 2305; x_wconf 83' lang='grc' dir='ltr'>συμφέρει</span> <span class='ocrx_word' id='word_1_266' title='bbox 515 2263 541 2293; x_wconf 93' lang='lat' dir='ltr'><strong>L</strong></span> <span class='ocrx_word' id='word_1_267' title='bbox 558 2263 647 2303; x_wconf 80' lang='lat' dir='ltr'><strong>vulg,</strong></span> <span class='ocrx_word' id='word_1_268' title='bbox 811 2271 850 2300; x_wconf 85' lang='lat'>13</span> <span class='ocrx_word' id='word_1_269' title='bbox 874 2264 1095 2303; x_wconf 86' lang='grc' dir='ltr'>ταλαιπώρους</span> <span class='ocrx_word' id='word_1_270' title='bbox 1112 2265 1191 2292; x_wconf 86' lang='lat' dir='ltr'>ante</span> <span class='ocrx_word' id='word_1_271' title='bbox 1206 2261 1333 2294; x_wconf 84' lang='grc' dir='ltr'>Φωκέας</span> <span class='ocrx_word' id='word_1_272' title='bbox 1349 2262 1424 2292; x_wconf 85' lang='lat' dir='ltr'>add.</span> <span class='ocrx_word' id='word_1_273' title='bbox 1444 2260 1470 2291; x_wconf 93' lang='lat' dir='ltr'>L</span> <span class='ocrx_word' id='word_1_274' title='bbox 1488 2260 1578 2300; x_wconf 87' lang='lat' dir='ltr'>vulg.</span> <span class='ocrx_word' id='word_1_275' title='bbox 1597 2273 1604 2292; x_wconf 90' lang='lat'>:</span> 
     </span>
     <span class='ocr_line' id='line_1_37' title="bbox 272 2305 1603 2346; baseline 0 -9"><span class='ocrx_word' id='word_1_276' title='bbox 272 2317 336 2338; x_wconf 88' lang='lat' dir='ltr'>om.</span> <span class='ocrx_word' id='word_1_277' title='bbox 358 2307 394 2344; x_wconf 79' lang='lat' dir='ltr'>S,</span> <span class='ocrx_word' id='word_1_278' title='bbox 412 2306 451 2337; x_wconf 86' lang='lat' dir='ltr'>cs.</span> <span class='ocrx_word' id='word_1_279' title='bbox 473 2308 487 2343; x_wconf 76' lang='grc' dir='ltr'>ξ</span> <span class='ocrx_word' id='word_1_280' title='bbox 507 2317 549 2345; x_wconf 84' lang='lat'>42</span> <span class='ocrx_word' id='word_1_281' title='bbox 707 2315 743 2344; x_wconf 91' lang='lat'>14</span> <span class='ocrx_word' id='word_1_282' title='bbox 769 2305 953 2346; x_wconf 78' lang='grc' dir='ltr'>ἀγαγόντας</span> <span class='ocrx_word' id='word_1_283' title='bbox 971 2305 994 2335; x_wconf 83' lang='lat' dir='ltr'>S</span> <span class='ocrx_word' id='word_1_284' title='bbox 1011 2305 1059 2336; x_wconf 91' lang='lat' dir='ltr'>L:</span> <span class='ocrx_word' id='word_1_285' title='bbox 1085 2306 1223 2346; x_wconf 78' lang='grc' dir='ltr'>ἄγοντας</span> <span class='ocrx_word' id='word_1_286' title='bbox 1241 2310 1318 2336; x_wconf 85' lang='lat' dir='ltr'><strong>cett.</strong></span> <span class='ocrx_word' id='word_1_287' title='bbox 1477 2314 1520 2334; x_wconf 83' lang='lat'>20</span> <span class='ocrx_word' id='word_1_288' title='bbox 1542 2305 1603 2343; x_wconf 80' lang='grc' dir='ltr'>τὴν</span> 
     </span>
     <span class='ocr_line' id='line_1_38' title="bbox 271 2348 1603 2390; baseline 0 -10"><span class='ocrx_word' id='word_1_289' title='bbox 271 2355 351 2380; x_wconf 82' lang='lat' dir='ltr'><strong>ante</strong></span> <span class='ocrx_word' id='word_1_290' title='bbox 375 2352 434 2382; x_wconf 82' lang='grc' dir='ltr'>τοῦ</span> <span class='ocrx_word' id='word_1_291' title='bbox 458 2360 521 2380; x_wconf 91' lang='lat' dir='ltr'>om.</span> <span class='ocrx_word' id='word_1_292' title='bbox 551 2350 574 2380; x_wconf 76' lang='lat' dir='ltr'>S</span> <span class='ocrx_word' id='word_1_293' title='bbox 590 2349 640 2380; x_wconf 88' lang='lat' dir='ltr'>L:</span> <span class='ocrx_word' id='word_1_294' title='bbox 671 2350 745 2381; x_wconf 86' lang='lat' dir='ltr'>add.</span> <span class='ocrx_word' id='word_1_295' title='bbox 770 2348 839 2379; x_wconf 83' lang='lat' dir='ltr'>AF</span> <span class='ocrx_word' id='word_1_296' title='bbox 861 2348 951 2387; x_wconf 86' lang='lat' dir='ltr'>vulg.</span> <span class='ocrx_word' id='word_1_297' title='bbox 1157 2359 1199 2388; x_wconf 85' lang='lat'>23</span> <span class='ocrx_word' id='word_1_298' title='bbox 1231 2348 1418 2390; x_wconf 75' lang='grc' dir='ltr'>σύγκλητος</span> <span class='ocrx_word' id='word_1_299' title='bbox 1444 2348 1603 2386; x_wconf 83' lang='grc' dir='ltr'>ἐκκλησία</span> 
     </span>
     <span class='ocr_line' id='line_1_39' title="bbox 273 2391 1601 2434; baseline -0.002 -10"><span class='ocrx_word' id='word_1_300' title='bbox 273 2393 422 2432; x_wconf 80' lang='lat' dir='ltr'><strong>Spengel</strong></span> <span class='ocrx_word' id='word_1_301' title='bbox 447 2393 520 2424; x_wconf 89' lang='lat' dir='ltr'>coll.</span> <span class='ocrx_word' id='word_1_302' title='bbox 550 2395 566 2430; x_wconf 69' lang='grc' dir='ltr'>ξ</span> <span class='ocrx_word' id='word_1_303' title='bbox 593 2403 655 2432; x_wconf 87' lang='lat'>73:</span> <span class='ocrx_word' id='word_1_304' title='bbox 688 2393 877 2434; x_wconf 79' lang='grc' dir='ltr'>συγκλήτου</span> <span class='ocrx_word' id='word_1_305' title='bbox 902 2393 1076 2431; x_wconf 79' lang='grc' dir='ltr'>ἐκκλησίας</span> <span class='ocrx_word' id='word_1_306' title='bbox 1101 2393 1198 2423; x_wconf 89' lang='lat' dir='ltr'><strong>codd.</strong></span> <span class='ocrx_word' id='word_1_307' title='bbox 1371 2401 1411 2430; x_wconf 85' lang='lat'>24</span> <span class='ocrx_word' id='word_1_308' title='bbox 1445 2393 1495 2424; x_wconf 81' lang='grc' dir='ltr'>καὶ</span> <span class='ocrx_word' id='word_1_309' title='bbox 1520 2391 1601 2422; x_wconf 83' lang='lat' dir='ltr'>secl.</span> 
     </span>
    </p>
   </div>
   <div class='ocr_carea' id='block_1_12' title="bbox 273 2434 1229 2477">
    <p class='ocr_par' dir='ltr' id='par_1_13' title="bbox 273 2434 1229 2477">
     <span class='ocr_line' id='line_1_40' title="bbox 273 2434 1229 2477; baseline -0.001 -10"><span class='ocrx_word' id='word_1_310' title='bbox 273 2435 397 2467; x_wconf 74' lang='lat' dir='ltr'>Dissen</span> <span class='ocrx_word' id='word_1_311' title='bbox 487 2438 599 2477; x_wconf 79' lang='grc' dir='ltr'>γνώμη</span> <span class='ocrx_word' id='word_1_312' title='bbox 616 2436 751 2476; x_wconf 74' lang='lat' dir='ltr'>Taylor,</span> <span class='ocrx_word' id='word_1_313' title='bbox 773 2435 813 2467; x_wconf 88' lang='lat' dir='ltr'>cf.</span> <span class='ocrx_word' id='word_1_314' title='bbox 836 2435 954 2466; x_wconf 75' lang='lat' dir='ltr'>inscrr.</span> <span class='ocrx_word' id='word_1_315' title='bbox 971 2445 977 2464; x_wconf 76' lang='grc' dir='ltr'><em>τ</em></span> <span class='ocrx_word' id='word_1_316' title='bbox 1003 2437 1114 2477; x_wconf 79' lang='grc' dir='ltr'>γνώμῃ</span> <span class='ocrx_word' id='word_1_317' title='bbox 1133 2434 1229 2467; x_wconf 88' lang='lat' dir='ltr'>codd.</span> 
     </span>
    </p>
   </div>
   <div class='ocr_carea' id='block_1_13' title="bbox 1629 861 1667 883">
    <p class='ocr_par' dir='ltr' id='par_1_14' title="bbox 1629 861 1667 883">
     <span class='ocr_line' id='line_1_41' title="bbox 1629 861 1667 883; baseline 0.026 -1"><span class='ocrx_word' id='word_1_318' title='bbox 1629 861 1667 883; x_wconf 92' lang='lat'>10</span> 
     </span>
    </p>
   </div>
   <div class='ocr_carea' id='block_1_14' title="bbox 1629 1193 1665 1226">
    <p class='ocr_par' dir='ltr' id='par_1_15' title="bbox 1629 1193 1665 1226">
     <span class='ocr_line' id='line_1_42' title="bbox 1629 1193 1665 1226; baseline 0 0"><span class='ocrx_word' id='word_1_319' title='bbox 1629 1193 1665 1226; x_wconf 86' lang='lat'>15</span> 
     </span>
    </p>
   </div>
   <div class='ocr_carea' id='block_1_15' title="bbox 1627 1531 1668 1552">
    <p class='ocr_par' dir='ltr' id='par_1_16' title="bbox 1627 1531 1668 1552">
     <span class='ocr_line' id='line_1_43' title="bbox 1627 1531 1668 1552; baseline 0 0"><span class='ocrx_word' id='word_1_320' title='bbox 1627 1531 1668 1552; x_wconf 90' lang='lat'>20</span> 
     </span>
    </p>
   </div>
  </div>
 </body>
</html>
