1747 2844
147 136 268 190 xvm]
459 140 601 179 ΠΕΡΙ
650 141 771 178 ΤΟΎ
818 140 1155 179 ΣΤΕΦΑΝΟὙ

1500 138 1610 194 [287]

147 262 251 291 σετε,
290 244 360 286 ἐάν
400 261 459 288 τις
500 245 560 286 ἐπ’
598 244 736 288 αὐτοὺς
777 246 829 301 ἴῃ.
899 246 997 296 μετὰ
1034 247 1154 284 ταῦτα
1190 246 1469 296 χειροτονῆσαι
1503 250 1567 291 178

148 312 293 353 κελεύω
326 311 420 352 δέκα
452 311 658 364 πρέσβεις,
696 312 757 352 καὶ
790 312 955 361 ποιῆσαι
986 310 1146 352 τούτους
1185 310 1335 362 κυρίους
1366 311 1469 360 μετὰ

146 383 224 419 τῶν
250 383 482 439 στρατηγῶν
517 380 578 419 καὶ
610 382 678 418 τοῦ
712 379 806 419 πότε
840 381 901 418 δεῖ
931 378 1108 428 βαδίζειν
1142 378 1273 418 ἐκεῖσε
1306 376 1368 416 καὶ
1401 379 1469 427 τῆς

147 442 334 505 ἐξόδουάῑΐ
367 447 526 486 ἐπειδὰν
559 445 591 484 δ’
616 444 790 485 ἔλθωσιν
823 446 860 485 οἱ
893 443 1088 496 πρέσβεις
1121 445 1176 485 εἰς
1202 442 1360 494 Θήβας,
1389 446 1470 485 πῶς

107 533 124 564 5
145 510 377 565 χρήσασθαι
409 515 461 566 τῷ
496 510 696 563 πράγματι
729 514 925 563 παραινῶ;
966 510 1088 565 τούτῳ
1115 509 1216 552 πάνυ
1247 527 1313 560 μοι
1342 527 1467 561 προσ-

145 578 259 632 έχετε
301 578 369 619 τὸν
412 582 515 619 νοῦν.
587 577 639 629 μὴ
682 580 837 618 δεῖσθαι
881 579 1079 628 Θηβαίων
1126 576 1246 628 μηδέν
1285 575 1469 629 (αἰσχρὸς

145 647 220 697 γὰρ
245 646 265 684 ὁ
292 644 447 697 καιρός),
475 643 566 685 ἀλλ’
594 644 920 697 ἐπαγγέλλεσθαι
953 642 1188 695 βοηθήσειν,
1219 643 1268 684 ἂν
1302 643 1466 684 κελεύω-

145 728 224 757 σιν,
260 711 311 753 ὣς
345 711 504 752 ἐκείνων
538 713 666 752 ὄντων
699 712 742 752 ἐν
775 714 856 752 τοῖς
890 709 1091 763 ἐσχάτοις,
1119 710 1227 761 ἡμῶν
1253 709 1284 750 δ’
1309 709 1469 761 ἄμεινον

142 774 165 827 ἢ
203 777 336 818 ’κεῖνοι
373 776 670 831 προορωμένων·
723 776 771 818 ἵν’
811 779 881 818 ἐὰν
919 779 992 828 μὲν
1029 775 1217 827 δέξωνται
1251 780 1370 817 ταῦτα
1407 777 1468 817 καὶ

84 862 123 884 10
142 847 363 884 πεισθῶσιν
389 844 494 895 ἡμῖν,
522 844 585 884 καὶ
610 845 634 884 ἃ
658 843 874 895 βουλόμεθ’
900 842 1003 894 ὦμεν
1028 843 1260 898 διῳκημένοι
1286 844 1347 884 καὶ
1370 845 1469 894 μετὰ

143 910 429 964 προσχήματος
455 909 566 960 ἀξίου
590 913 659 961 τῆς
685 911 840 953 πόλεως
864 914 985 950 ταῦτα
1014 909 1236 962 πράξωμεν,
1264 910 1311 950 ἂν
1337 909 1369 949 δ’
1393 909 1468 962 ἄρα
1499 908 1612 962 [288]

141 976 193 1027 μὴ
220 982 357 1034 συμβῇ
394 980 637 1031 κατατυχεῖν,
666 978 810 1018 ἐκεῖνοι
840 979 914 1028 μὲν
948 978 1078 1018 αὑτοῖς
1109 979 1333 1029 ἐγκαλῶσιν
1358 976 1406 1017 ἄν
1431 993 1467 1017 τι

144 1046 212 1084 νῦν
238 1042 577 1096 ἐξαμαρτάνωσιν,
605 1044 696 1094 ἡμῖν
726 1046 768 1084 δὲ
801 1046 923 1095 μηδὲν
953 1043 1122 1097 αἰσχρὸν
1153 1045 1250 1094 μηδὲ
1282 1042 1467 1084 ταπεινὸν

140 1109 163 1166 ᾗ
204 1110 509 1162 πεπραγμένον.’
578 1113 712 1150 Ταῦτα
755 1111 817 1151 καὶ
859 1109 1120 1162 παραπλήσια
1157 1110 1308 1152 τούτοις
1347 1110 1467 1151 εἰπὼν

85 1195 121 1226 15
145 1176 330 1228 κατέβην.
394 1177 766 1219 συνεπαινεσάντων
790 1180 832 1218 δὲ
852 1176 1011 1218 πάντων
1033 1178 1094 1217 καὶ
1114 1176 1269 1218 οὐδενὸς
1289 1176 1467 1218 εἰπόντος

144 1245 323 1284 ἐναντίον
355 1244 480 1291 οὐδέν,
508 1244 576 1285 οὐκ
607 1244 717 1286 εἶπον
751 1247 822 1295 μὲν
852 1248 986 1291 ταῦτα,
1018 1243 1086 1284 οὐκ
1117 1243 1276 1296 ἔγραψα
1304 1243 1358 1290 δέ,
1386 1242 1465 1283 οὐδ’

143 1311 303 1364 ἔγραψα
329 1311 413 1362 μέν,
441 1311 509 1352 οὐκ
534 1311 794 1364 ἐπρέσβευσα
819 1310 873 1357 δέ,
902 1310 980 1351 οὐδ’
1007 1310 1263 1362 ἐπρέσβευσα
1286 1310 1370 1361 μέν,
1398 1310 1466 1350 οὐκ

142 1377 286 1418 ἔπεισα
312 1380 352 1418 δὲ
373 1380 593 1429 Θηβαίους,
617 1377 708 1418 ἀλλ’
729 1378 806 1418 ἀπὸ
830 1380 899 1428 τῆς
924 1378 1049 1431 ἀρχῆς
1073 1376 1165 1429 ἄχρι
1189 1379 1257 1426 τῆς
1282 1379 1466 1427 τελευτῆς

141 1443 361 1494 διεξῆλθον,
401 1445 463 1485 καὶ
495 1445 606 1485 ἔδωκ’
633 1445 800 1496 ἐμαυτὸν
832 1446 923 1496 ὑμῖν
956 1445 1092 1486 ἁπλῶς
1126 1445 1181 1485 εἰς
1213 1443 1302 1484 τοὺς
1334 1460 1461 1495 περιε-

80 1527 119 1549 20
140 1511 335 1561 στηκότας
360 1512 406 1567 τῇ
436 1511 552 1552 πόλει
584 1511 797 1555 κινδύνους.
818 1501 841 1581 Ἰ
869 1512 951 1552 Καί
980 1527 1045 1561 μοι
1070 1509 1167 1563 φέρε
1200 1509 1244 1550 τὸ
1269 1508 1465 1563 ψήφισμα

138 1576 182 1617 τὸ
207 1578 295 1619 τότε
320 1579 547 1630 γενόμενον.
772 1572 823 1580 Μ’

207 1644 345 1685 Καίτοι
369 1646 456 1686 τίνα
482 1646 624 1696 βούλει
644 1645 704 1695 σέ,
726 1645 914 1698 Αἰσχίνη,
938 1645 1000 1685 καὶ
1020 1643 1092 1685 τίν’
1118 1643 1285 1695 ἐμαυτὸν
1313 1645 1464 1693 ἐκείνην

138 1710 208 1761 τὴν
232 1711 380 1763 ἡμέραν
412 1712 512 1753 εῖναι
542 1715 614 1758 θῶ;
653 1713 797 1763 βούλει
830 1711 997 1763 ἐμαυτὸν
1029 1711 1114 1763 μέν,
1142 1710 1187 1751 ὃν
1218 1711 1265 1751 ἂν
1296 1710 1346 1751 σὺ
1379 1716 1461 1751 λοι-

137 1778 370 1829 δορούμενος
405 1779 468 1819 καὶ
504 1779 701 1830 διασύρων
737 1778 938 1825 καλέσαις,
976 1778 1195 1823 Βάτταλον,
1224 1780 1270 1818 σὲ
1304 1779 1345 1818 δὲ
1376 1776 1463 1828 μηδ’

77 1858 114 1890 25
136 1843 215 1895 ἥρω
242 1844 309 1885 τὸν
334 1845 517 1898 τυχόντα,
546 1846 653 1886 ἀλλὰ
682 1846 830 1887 τούτων
862 1848 950 1887 τινὰ
982 1849 1058 1885 τῶν
1088 1845 1166 1885 ἀπὸ
1199 1846 1266 1894 τῆς
1300 1846 1461 1894 σκηνῆς,

137 1911 400 1962 Κρεσφόντην
432 1908 455 1962 ἦ
491 1911 670 1964 Κρέοντα
701 1909 724 1962 ἢ
759 1912 803 1953 ὃν
838 1914 880 1954 ἐν
915 1916 1107 1967 Κολλυτῷ
1144 1910 1229 1952 ποτ’
1264 1911 1464 1961 Οἰνόμαον·

176 2030 196 2058 3
222 2021 327 2053 ἐκεῖσε
345 2021 423 2052 secl.
440 2021 558 2052 Blassz
582 2027 661 2052 ante
680 2024 730 2054 δεῖ
745 2022 839 2061 ponit
857 2022 906 2053 O:
933 2027 1010 2062 post
1028 2025 1077 2054 δεῖ
1090 2021 1178 2061 vulg.
1198 2034 1204 2052 τ
1230 2026 1304 2061 post
1322 2019 1464 2060 βαδίζειν

135 2063 244 2094 SLA
420 2074 439 2103 5
471 2065 653 2106 χρήσασθαι
682 2065 812 2096 SLA:
845 2066 1024 2107 χρήσεσθαι
1054 2065 1145 2096 FO:
1177 2066 1341 2106 χρήσεσθε
1370 2064 1458 2102 vulg-

133 2110 272 2148 παραινῶ
303 2107 382 2139 secl.
418 2108 635 2139 Herwerden
785 2110 992 2150 προσέσχετε
1025 2109 1063 2139 Sl
1098 2109 1255 2148 (alterum
1288 2120 1308 2140 0·
1339 2112 1463 2147 puncto

135 2152 324 2191 notatum:
357 2151 545 2193 πρόσσχετε
570 2151 669 2182 Blass
793 2154 814 2181 6
845 2155 966 2184 δεῖσθαι
992 2152 1016 2183 S
1032 2152 1057 2182 L
1073 2152 1139 2191 FQ
1155 2152 1208 2182 O:
1242 2154 1345 2183 δεῖσθε
1370 2151 1459 2189 vulg.

136 2203 153 2231 7
194 2194 460 2235 ἐπαγγέλλεσθαι
500 2195 660 2233 SLFQ:
705 2195 954 2237 ἐπαγγέλλεσθε
994 2195 1044 2225 A:
1091 2195 1330 2236 ἐπαγγείλασθε
1368 2194 1457 2233 vulg.

134 2237 154 2266 8
171 2237 324 2270 κινδύνοις
342 2242 419 2277 post
437 2239 590 2279 ἐσχάτοις
606 2238 681 2269 add.
701 2238 791 2278 vulg.
810 2250 816 2270 :
841 2249 905 2270 om.
924 2239 948 2270 S
964 2239 990 2269 L
1005 2239 1030 2268 F
1157 2249 1176 2277 9
1202 2241 1297 2269 κεῖνοι
1316 2239 1339 2268 S
1356 2237 1392 2267 L¹
1407 2237 1438 2276 Q
1454 2248 1461 2267 t

135 2281 248 2312 ἐκεῖνοι
265 2280 295 2311 Α
310 2281 337 2311 Β
355 2292 440 2312 corr.
457 2293 464 2312 z
489 2282 601 2313 κείνων
618 2282 645 2312 L
664 2291 748 2312 corr.
766 2293 773 2312 z
799 2282 927 2314 ἐκείνων
945 2282 969 2312 F
983 2281 1021 2312 Βι
1176 2282 1214 2312 τὸ
1236 2280 1360 2320 μέλλον
1381 2286 1459 2311 ante

134 2323 358 2364 προορωμένων
395 2325 472 2357 add.
509 2326 625 2363 vulg:
665 2330 741 2365 post
771 2324 999 2366 προορωμένων
1031 2325 1055 2355 S
1090 2335 1167 2365 ‘752⁸
1206 2335 1268 2356 om.
1308 2325 1332 2355 S
1367 2325 1460 2356 solus

138 2375 171 2396 11
193 2369 439 2409 προσχήματος]
453 2369 622 2409 σχήματος
635 2367 678 2405 Α,
694 2368 879 2407 Dionysius
892 2368 967 2400 Art.
983 2369 1089 2399 Rhet.
1211 2369 1248 2398 18
1265 2369 1315 2400 διὰ
1331 2368 1459 2402 πάντων

134 2415 210 2449 post
228 2411 328 2451 ἀρχῆς
345 2411 421 2442 add.
440 2411 466 2442 L
482 2413 571 2451 vulg.
588 2423 595 2442 ε
618 2422 681 2442 om.
701 2411 737 2442 5¹
754 2411 846 2443 solus

177 2474 360 2505 DEMOSTH.‚
381 2475 456 2497 vot„
478 2475 500 2496 1.
1305 2470 1340 2501 18

1502 1122 1566 1159 179

1500 1648 1566 1681 180
