1763 2828
107 108 184 163 [41]

100 684 185 740 [42]

166 832 185 868 7

645 112 1135 151 ΔΗΜΟΣΘΕΝΟΤΣ
1489 107 1547 163 [1v

217 214 386 267 ἔπραξεν
411 217 500 259 οὐδὲ
524 217 721 268 τοσαύτην
747 216 930 267 ἐκτήσατ’
950 217 998 258 ἂν
1023 217 1199 269 δύναμιν.
1261 217 1353 258 ἀλλ’
1381 218 1495 265 εἶδεν,
1518 217 1548 259 ὦ

216 282 354 336 ἄνδρες
378 283 594 334 Ἀθηναῖοι,
621 288 735 325 τοῦτο
762 289 891 326 καλῶς
916 286 1076 346 ἐκεῖννος,
1105 287 1165 326 ὅτι
1189 289 1310 325 ταῦτα
1338 284 1411 336 μέν
1434 286 1547 327 ἐστιν

217 349 372 391 ἅπαντα
396 353 445 391 τὰ
470 352 584 405 χωρί’
610 352 714 392 ἆθλα
740 355 807 392 τοῦ
832 351 1008 402 πολέμου
1039 351 1182 403 κείμεν’
1208 353 1250 393 ἐν
1275 351 1397 407 μέσῳ,
1425 353 1548 406 φύσει

217 416 249 457 δ’
273 417 443 471 ὑπάρχει
467 422 548 460 τοῖς
573 422 743 470 παροῦσι
767 420 815 458 τὰ
839 423 916 459 τῶν
942 420 1137 465 ἀπόντων,
1167 419 1229 459 καὶ
1253 423 1336 460 τοῖς
1364 418 1548 461 ἐθέλουσι

218 488 353 525 πονεῖν
388 485 450 526 καὶ
485 485 720 526 κινδυνεύειν
754 487 800 525 τὰ
834 489 912 526 τῶν
947 485 1212 536 ἀμελούντων.
1286 486 1348 526 καὶ
1381 485 1454 539 γάρ
1486 503 1548 528 τοι
1568 505 1585 537 5

216 552 337 607 ταύτῃ
365 551 616 605 χρησάμενος
640 558 687 609 τῇ
713 552 850 608 γνώμῃ
876 552 1005 593 πάντα
1036 552 1327 604 κατέστραπται
1357 553 1419 593 καὶ
1447 554 1545 606 ἔχει,

217 619 263 658 τὰ
292 621 364 669 μὲν
395 619 446 660 ὡς
476 618 523 659 ἂν
554 619 656 660 ἑλών
690 635 748 660 τις
782 619 868 672 ἔχοι
902 618 1075 674 πολέμῳ,
1103 621 1151 659 τὰ
1184 622 1226 660 δὲ
1261 620 1452 674 σύμμαχα
1486 621 1548 661 καὶ

217 685 318 737 φίλα
351 684 628 736 ποιησάμενος·
670 686 731 725 καὶ
765 688 841 738 γὰρ
875 690 1098 740 συμμαχεῖν
1133 687 1194 727 καὶ
1231 687 1448 740 προσέχειν
1480 687 1549 728 τὸν

218 755 307 792 νοῦν
336 752 488 794 τούτοις
518 752 727 793 ἐθέλουσιν
758 751 942 799 ἅπαντες,
975 754 1041 796 οὓς
1070 753 1117 794 ἂν
1149 755 1270 806 ὁρῶσι
1303 771 1545 807 παρεσκευα-

218 817 387 869 σμένους
407 819 469 860 καὶ
489 819 674 872 πράττειν
693 820 905 862 ἐθέλοντας
930 821 954 861 δι
978 820 1068 874 χρή.
1129 821 1178 861 ἂν
1197 822 1340 868 τοίνυν,
1362 819 1391 861 ὦ
1412 821 1548 874 ἄνδρες

218 884 433 936 Ἀθηναῖοι,
467 888 529 927 καὶ
559 888 668 937 ὑμεῖς
703 887 766 927 ἐπὶ
797 890 865 938 τῆς
897 888 1080 938 τοιαύτης
1113 887 1331 939 ἐθελήσητε
1360 887 1549 940 γενέσθαι

217 952 374 1004 γνώμης
403 956 484 999 νῦν,
518 952 727 1006 ἐπειδήπερ
759 954 803 994 οὐ
834 956 1037 1007 πρότερον,
1068 956 1130 995 καὶ
1160 956 1327 996 ἕκαστος
1357 956 1476 1006 ὑμῶν,
1504 956 1548 996 οὗ

217 1022 277 1060 δεῖ
311 1020 374 1060 καὶ
413 1020 556 1061 δύναιτ’
593 1020 642 1062 ἂν
677 1026 902 1075 παρασχεῖν
939 1021 1056 1062 αὑτὸν
1094 1021 1293 1076 χρήσιμον
1331 1028 1379 1079 τῇ
1418 1023 1545 1069 πόλει,

216 1089 350 1127 πᾶσαν
376 1087 492 1140 ἀφεὶς
515 1087 587 1138 τὴν
613 1089 814 1140 εἰρωνείαν
845 1089 999 1140 ἕτοιμος
1024 1088 1210 1141 πράττειν
1234 1087 1400 1145 ὑπάρξῃ,
1427 1090 1448 1129 ὁ
1477 1091 1548 1140 μὲν

214 1152 382 1207 χρήματ’
419 1154 524 1207 ἔχων
561 1154 777 1208 εἰσφέρειν,
816 1156 836 1194 ὁ
872 1155 905 1195 δ’
940 1157 981 1196 ἐν
1016 1155 1151 1209 ἡλικίᾳ
1189 1155 1547 1207 στρατεύεσθαι,-

215 1221 424 1261 συνελόντι
461 1221 494 1261 δ’
527 1223 662 1263 ἁπλῶς
699 1221 746 1262 ἂν
783 1223 889 1273 ὑμῶν
927 1223 1055 1264 αὐτῶν
1092 1221 1310 1273 ἐθελήσητε
1343 1221 1544 1275 γενέσθαι,

216 1288 278 1328 καὶ
311 1287 513 1338 παύσησθ’
546 1288 662 1330 αὐτὸς
693 1291 766 1339 μὲν
798 1289 911 1329 οὐδὲν
945 1289 1113 1332 ἕκαστος
1145 1288 1327 1339 ποιήσειν
1360 1290 1543 1340 ἐλπίζων,

214 1353 282 1395 τὸν
313 1357 355 1395 δὲ
385 1357 560 1406 πλησίον
590 1355 705 1396 πάνθ’
735 1357 831 1408 ὑπὲρ
865 1356 983 1397 αὐτοῦ
1017 1356 1192 1408 πράξειν,
1226 1356 1287 1396 καὶ
1317 1358 1364 1396 τὰ
1393 1355 1548 1408 ὑμέτερ’

214 1420 340 1462 αὐτῶν
379 1421 586 1470 κομιεῖσθ’,
626 1422 673 1464 ἂν
713 1422 800 1465 θεὸς
840 1423 950 1480 θέλῃ,
991 1424 1053 1464 καὶ
1091 1425 1139 1463 τὰ
1178 1423 1548 1478 κατερρᾳθυμημένα

214 1487 335 1529 πάλιν
361 1488 635 1542 ἀναλήψεσθε,
667 1490 844 1531 κάκεῖνον
870 1489 1159 1543 τιμωρήσεσθε.
1220 1490 1271 1541 μὴ
1298 1492 1373 1543 γὰρ
1394 1491 1445 1532 ὡς
1471 1493 1545 1545 θεῷ

214 1555 380 1606 νομίζετ’
394 1557 527 1611 ἐκείνῳ
539 1558 588 1596 τὰ
599 1557 777 1609 παρόντα
792 1557 1011 1609 πεπηγέναι
1028 1557 1226 1610 πράγματ’
1239 1557 1425 1604 ἀθάνατα,
1440 1558 1547 1598 ἀλλὰ

215 1622 276 1662 καὶ
291 1626 404 1673 μισεῖ
417 1640 475 1666 τις
491 1624 640 1664 ἐκεῖνον
655 1624 717 1664 καὶ
733 1623 870 1671 δέδιεν,
886 1622 915 1664 ὦ
932 1624 1069 1677 ἄνδρες
1082 1624 1298 1675 Ἀθηναῖοι,
1314 1624 1376 1664 καὶ
1390 1627 1543 1677 φθονεῖ,

213 1689 277 1729 καὶ
301 1693 379 1730 τῶν
405 1689 506 1731 πάνυ
531 1694 600 1731 νῦν
625 1691 845 1732 δοκούντων
871 1692 1022 1733 οἰκείως
1053 1693 1174 1745 ἔχειν·
1213 1692 1274 1731 καὶ
1300 1691 1440 1732 ἅπανθ’
1467 1693 1546 1732 ὅσα

212 1773 285 1807 περ
319 1757 390 1797 κάν
423 1756 563 1800 ἄλλοις
595 1758 700 1798 τισὶν
734 1758 955 1810 ἀνθρώποις
990 1759 1061 1805 ἔνι,
1092 1762 1212 1799 ταῦτα
1245 1759 1316 1799 κάν
1348 1762 1429 1800 τοῖς
1460 1757 1545 1809 μετ’

211 1824 362 1864 ἐκείνου
408 1823 485 1877 χρὴ
527 1825 698 1876 νομίζειν
741 1826 897 1866 ἐνεῖναι.
972 1825 1193 1880 κατέπτηχε
1239 1824 1375 1875 μέντοι
1416 1824 1546 1866 πάντα

210 1893 330 1931 ταῦτα
356 1894 436 1937 νῦν,
463 1890 531 1931 οὐκ
556 1891 689 1945 ἔχοντ’
709 1892 973 1945 ἀποστροφὴν
999 1895 1061 1933 διὰ
1086 1892 1157 1943 τὴν
1180 1891 1371 1944 ὑμετέραν
1396 1894 1543 1944 βραδυ-

210 1960 309 2008 τῆτα
327 1958 390 1999 καὶ
408 1959 613 2012 ῥᾳθυμίαν·
652 1958 699 2009 ἢν
720 1960 941 2001 ἀποθέσθαι
957 1960 1059 2013 φημὶ
1079 1964 1161 2001 δεῖν
1178 1959 1262 2010 ἤδη.
1318 1959 1435 2011 ὁρᾶτε
1453 1958 1541 2011 γάρ,

210 2021 240 2063 ὦ
274 2023 411 2077 ἄνδρες
439 2024 657 2076 Ἀθηναῖοι,
693 2026 738 2066 τὸ
771 2030 943 2079 πρᾶγμα,
980 2028 1020 2068 οῗ
1054 2025 1293 2079 προελήλυθ’
1327 2026 1542 2078 ἀσελγείας

210 2089 427 2142 ἅνθρωπος,
451 2092 493 2134 ὃς
519 2093 599 2133 οὐδ’
620 2094 774 2145 αἵρεσιν
799 2095 890 2144 ὑμῖν
915 2094 1054 2135 δίδωσι
1080 2097 1149 2134 τοῦ
1173 2092 1358 2145 πράττειν
1381 2089 1405 2143 ἢ
1431 2091 1543 2144 ἄγειν

254 2210 267 2229 1
296 2200 333 2232 ἂν
350 2201 426 2232 add.
445 2202 476 2232 A
494 2202 608 2243 suppl.
620 2202 650 2233 Y
666 2214 673 2233 :
699 2213 762 2234 om.
778 2203 802 2234 S
820 2203 908 2242 vulg.
1002 2204 1086 2235 εἶδεν
1103 2203 1127 2234 S
1140 2203 1166 2233 B
1185 2215 1191 2234 :
1217 2203 1302 2234 οἶδεν
1317 2201 1406 2242 vulg.
1421 2213 1427 2233 2
1454 2202 1542 2244 ᾔδειν

208 2243 330 2282 Cobet,
357 2245 395 2276 cf.
422 2246 455 2275 vi
484 2247 504 2276 8
683 2257 700 2285 7
738 2247 808 2286 ἔχοι
836 2258 902 2277 om.
931 2246 1020 2285 Aug.
1045 2257 1086 2286 3:
1123 2246 1186 2277 del.
1215 2246 1311 2276 Blass
1339 2246 1541 2286 (praeeunte

211 2285 382 2328 Kriigero)
403 2288 477 2319 coll.
497 2288 638 2320 Aristid.
661 2290 670 2319 i
689 2291 751 2329 465
962 2300 999 2328 14
1029 2290 1089 2327 τὴν
1113 2300 1177 2320 om.
1201 2289 1341 2328 Dionys.
1362 2289 1439 2320 Hal.
1457 2289 1536 2319 Ant.

209 2330 306 2362 Rom.
326 2332 369 2362 vii
388 2342 470 2371 292:
497 2332 562 2363 del.
585 2332 683 2363 Blass
701 2332 776 2364 coll.
797 2333 878 2363 xxiv
895 2344 937 2373 49
1085 2334 1122 2362 16
1147 2333 1256 2365 ἁπλῶς
1274 2343 1337 2363 om.
1358 2332 1389 2363 A
1407 2332 1516 2372 suppl.
1533 2343 1540 2362 ε

207 2374 286 2405 secl.
307 2375 415 2406 Cobet
430 2386 437 2405 :
462 2374 572 2407 ἁπλῶς
591 2377 691 2407 εἰπεῖν
709 2376 736 2406 Β
748 2376 778 2406 Y
791 2376 821 2406 O
939 2386 979 2414 25
1004 2376 1108 2408 πάντα
1124 2379 1229 2408 ταῦτα
1247 2376 1270 2406 S
1288 2388 1294 2406 :
1319 2379 1421 2408 ταῦτα
1441 2375 1543 2408 πάντα

206 2417 296 2456 vulg.
314 2429 320 2448 :
345 2417 449 2450 πάντα
465 2417 496 2448 Y
631 2429 672 2457 29
696 2419 855 2460 ἅνθρωπος
873 2421 898 2450 S
916 2420 1008 2451 solus
1025 2430 1031 2450 z
1056 2420 1214 2460 ἄνθρωπος
1231 2419 1321 2458 vulg.

1571 836 1610 858 10

1571 1169 1608 1202 15

1569 1505 1608 1526 20

1566 1840 1604 1872 25
