1731 2844
145 123 199 180 ιν]
499 128 658 166 KATA
708 127 1025 165 ΦΙΛΙΠΠΟΥ
1074 127 1108 166 Α

142 234 214 283 μὲν
238 233 452 283 περιιόντες
476 231 574 282 μετὰ
593 230 911 281 Λακεδαιμονίων
931 231 1034 282 φασὶ
1053 232 1256 271 Φίλιππον
1277 230 1462 282 πράττειν

142 298 212 348 τὴν
237 300 432 349 Θηβαίων
467 297 683 339 κατάλυσιν
717 298 778 339 καὶ
811 299 880 340 τὰς
912 298 1113 360 πολιτείας
1147 300 1332 343 διασπᾶν,
1360 300 1395 338 οἱ
1428 298 1461 337 δ’

143 365 193 406 ὡς
232 363 425 416 πρέσβεις
463 364 673 417 πέπομφεν
710 365 759 406 ὡς
799 363 989 415 βασιλέα,
1030 366 1067 406 οἱ
1104 364 1136 404 δ’
1174 366 1216 405 ἐν
1253 364 1461 416 Ἰλλυριοῖς

143 431 278 473 πόλεις
307 432 506 485 τειχίζειν,
532 433 568 472 οἱ
598 433 640 472 δὲ
668 432 814 483 λόγους
839 430 1082 479 πλάττοντες
1112 432 1279 474 ἕκαστος
1308 448 1459 483 περιερ-

103 515 121 547 5
141 498 305 550 χόμεθα.
378 499 454 549 ἐγὼ
487 497 519 537 δ’
551 498 659 548 οἶμαι
693 497 778 547 μέν,
813 496 842 538 ὦ
874 497 1012 549 ἄνδρες
1044 497 1259 548 Ἀθηναῖοι,
1293 497 1339 547 νὴ
1371 497 1460 540 τοὺς

141 564 250 606 θεοὺς
290 565 439 605 ἐκεῖνον
476 564 633 615 μεθύειν
671 568 723 619 τῷ
762 563 920 616 μεγέθει
957 568 1035 605 τῶν
1074 563 1360 616 πεπραγμένων
1400 564 1462 604 καὶ

141 632 275 671 πολλὰ
308 630 452 671 τοιαῦτ’
485 632 754 682 ὀνειροπολεῖν
793 632 834 671 ἐν
870 637 918 687 τῇ
953 631 1102 686 γνώμῃ,
1130 629 1201 681 τήν
1233 630 1265 670 τ’
1301 630 1461 682 ἐρημίαν

140 701 216 737 τῶν
243 691 502 738 κωλυσόντων
529 698 680 749 ὁρῶντα
705 698 766 738 καὶ
795 700 876 739 τοῖς
905 696 1197 749 πεπραγμένοις
1227 696 1458 754 ἐπῃρμένον,

140 763 185 804 οὗ
208 762 342 814 μέντοι
365 766 420 815 μὰ
446 763 514 804 Δί’
534 764 644 825 οὕτωι
660 781 704 816 γε
729 767 1005 827 προαιρεῖσθαι
1031 763 1217 816 πράττειν
1242 764 1345 804 ὥστε
1369 763 1460 806 τοὺς

84 850 121 871 10
140 829 424 880 ἀνοητοτάτους
448 835 526 871 τῶν
546 830 635 882 παρ’
654 831 748 881 ἡμῖν
767 830 911 872 εἰδέναι
931 831 971 870 τί
991 830 1133 882 μέλλει
1152 835 1278 871 ποιεῖν
1299 831 1458 872 ἐκεῖνος·

139 897 392 947 ἀνοητότατοι
416 897 492 949 γάρ
518 898 619 938 εἰσιν
644 899 681 938 οἱ
710 901 1029 949 λογοποιοῦντες.
1101 897 1192 937 ἀλλ’
1217 897 1264 938 ἂν
1290 895 1459 948 ἀφέντες

138 962 244 1003 ταῦτ’
270 963 384 1004 ἐκεῖν’
415 965 590 1014 εἰδῶμεν,
623 965 683 1004 ὅτι
717 963 858 1018 ἐχθρὸς
891 963 1096 1016 ἄνθρωπος
1130 964 1192 1004 καὶ
1225 965 1273 1004 τὰ
1304 962 1458 1015 ἡμέτερ’

139 1029 238 1079 ἡμᾶς
267 1030 484 1083 ἀποστερεῖ
515 1031 577 1071 καὶ
609 1031 756 1084 χρόνον
790 1030 917 1071 πολὺν
949 1032 1100 1083 ὕβρικε,
1129 1031 1190 1070 καὶ
1214 1030 1357 1071 ἅπανθ’
1382 1031 1460 1069 ὅσα

138 1096 288 1136 πώποτ’
306 1096 535 1148 ἠλπίσαμέν
560 1114 647 1138 τινα
672 1096 834 1149 πράξειν
858 1098 955 1149 ὑπὲρ
980 1097 1087 1148 ἡμῶν
1109 1097 1192 1137 καθ’
1212 1097 1321 1148 ἡμῶν
1346 1098 1455 1148 εὕρη-

82 1181 117 1212 15
137 1178 214 1209 ται,
237 1163 298 1202 καὶ
322 1165 370 1202 τὰ
394 1165 516 1204 λοιπὰ
543 1166 585 1204 ἐν
610 1158 745 1205 αὐτοῖς
759 1164 851 1214 ἡμῖν
877 1164 977 1210 ἐστί,
1000 1163 1070 1204 κᾶν
1095 1163 1146 1214 μὴ
1167 1168 1235 1204 νῦν
1259 1162 1458 1215 ἐθέλωμεν

138 1230 220 1269 ἐκεῖ
252 1233 440 1281 πολεμεῖν
476 1229 591 1285 αὐτῷ,
631 1229 759 1271 ἐνθάδ’
791 1232 888 1272 ἴσως
924 1231 1310 1283 ἀναγκασθησόμεθα
1345 1233 1458 1270 τοῦτο

138 1299 277 1342 ποιεῖν,
303 1296 352 1337 ἂν
384 1296 490 1336 ταῦτ’
520 1298 697 1348 εἰδῶμεν,
727 1298 788 1338 καὶ
821 1299 869 1336 τὰ
903 1296 1029 1338 δέοντ’
1060 1297 1218 1348 ἐσόμεθ’
1243 1297 1457 1349 ἐγνωκότες

139 1362 199 1402 καὶ
224 1363 357 1414 λόγων
381 1364 558 1414 ματαίων
583 1363 896 1415 ἀπηλλαγμένοι*
935 1364 980 1404 οὐ
1005 1365 1081 1415 γὰρ
1107 1362 1204 1412 ἅττα
1232 1362 1318 1403 ποτ’
1345 1363 1459 1404 ἔσται

137 1431 197 1469 δεῖ
219 1433 397 1475 σκοπεῖν,
419 1429 511 1470 ἀλλ’
537 1431 597 1470 ὅτι
617 1434 764 1482 φαῦλα,
786 1429 834 1470 ἂν
858 1430 909 1481 μὴ
937 1429 1162 1483 προσέχητε
1186 1430 1255 1471 τὸν
1279 1433 1371 1471 νοῦν
1397 1429 1459 1470 καὶ

80 1513 118 1534 20
136 1496 183 1534 τὰ
208 1494 460 1547 προσήκοντα
484 1500 609 1537 ποιεῖν
634 1496 810 1547 ἐθέλητε,
838 1497 879 1537 εὖ
906 1496 1061 1538 εἰδέναι.

202 1560 308 1614 Ἐγὼ
341 1565 413 1613 μὲν
442 1563 509 1604 οὖν
538 1562 618 1604 οὔτ’
643 1562 790 1604 ἄλλοτε
823 1564 982 1605 πώποτε
1014 1562 1111 1615 πρὸς
1144 1562 1260 1616 χάριν
1294 1563 1456 1614 εἱλόμην

135 1627 269 1680 λέγειν
301 1630 324 1668 ὅ
355 1646 391 1670 τι
421 1630 469 1670 ἂν
502 1630 554 1681 μὴ
585 1630 648 1670 καὶ
681 1631 884 1671 συνοίσειν
916 1629 1180 1681 πεπεισμένος
1213 1627 1255 1675 ὦ,
1283 1633 1350 1670 νῦν
1376 1629 1409 1669 θ’
1434 1630 1458 1670 ἃ

136 1695 344 1746 γιγνώσκω
383 1695 498 1737 πάνθ’
536 1698 683 1743 ἁπλῶς,
722 1697 834 1738 οὐδὲν
869 1696 1220 1747 ὑποστειλάμενος,
1258 1713 1455 1748 πεπαρρη-

137 1762 317 1812 σίασμαι.
389 1754 629 1815 ἐβουλόμην
650 1763 682 1803 δ’
709 1763 770 1809 ἄν,
796 1764 933 1815 ὥσπερ
966 1764 1028 1804 ὅτι
1059 1764 1148 1814 ὑμῖν
1182 1762 1378 1815 συμφέρει
1410 1764 1457 1802 τὰ

79 1844 115 1876 25
135 1826 317 1877 βέλτιστ’
347 1829 502 1871 ἀκούειν
535 1831 634 1876 οῖδα,
671 1832 793 1873 οὕτως
828 1829 972 1871 εἰδέναι
1005 1834 1194 1871 συνοῖσον
1228 1829 1292 1870 καὶ
1323 1833 1376 1884 τῷ
1409 1831 1457 1869 τὰ

134 1892 316 1943 βέλτιστ’
343 1897 506 1937 εἰπόντι·
544 1901 682 1951 πολλῷ
716 1899 792 1949 γὰρ
824 1897 872 1938 ἂν
906 1897 1017 1948 ἥδιον
1050 1897 1172 1950 εἶχον.
1245 1900 1312 1937 νῦν
1337 1895 1370 1935 δ’
1395 1895 1457 1936 ἐπ’

134 1959 295 2011 ἀδήλοις
320 1963 409 2004 οῧσι
441 1967 523 2005 τοῖς
556 1963 633 2004 ἀπὸ
667 1964 815 2005 τούτων
848 1965 999 2019 ἐμαυτῷ
1031 1963 1325 2016 γενησομένοις,
1353 1962 1457 2013 ὅμως

134 2026 198 2066 ἐπὶ
222 2031 274 2082 τῷ
301 2031 504 2071 συνοίσειν
529 2031 632 2081 ὑμῖν,
659 2029 706 2071 ἂν
732 2030 915 2083 πράξητε,
942 2034 1062 2071 ταῦτα
1086 2032 1298 2071 πεπεῖσθαι
1322 2028 1456 2081 λέγειν

133 2094 321 2145 αἱροῦμαι.
397 2095 510 2152 νικῴη
536 2096 569 2137 δ’
588 2098 610 2136 ὅ
633 2113 670 2137 τι
695 2100 818 2138 πᾶσιν
842 2097 983 2148 μέλλει
1007 2098 1224 2138 συνοίσειν.

175 2213 195 2242 9
217 2216 256 2244 -γε
275 2205 349 2236 add.
369 2211 446 2245 post
463 2206 544 2238 οὕτω
559 2206 679 2243 Cobet,
692 2206 731 2237 cf.
746 2206 818 2236 xlix
835 2207 897 2246 38:
923 2210 1001 2246 post
1016 2205 1127 2246 μέντοι
1142 2205 1166 2236 S
1178 2203 1283 2243 vulg.:
1303 2214 1367 2235 om.
1381 2203 1411 2234 A
1424 2203 1454 2234 Y

136 2254 172 2275 12
196 2246 354 2288 ἅνθρωπος
373 2249 530 2280 Bekker:
556 2253 715 2290 ανθρωπος
733 2250 757 2281 S
774 2261 780 2279 :
805 2251 965 2291 ἄνθρωπος
982 2250 1072 2288 vulg·
1225 2259 1266 2278 22
1290 2250 1362 2286 ὑμῖν
1379 2252 1454 2286 [³05t

134 2290 294 2322 συνοίσειν
311 2292 389 2323 add.
406 2291 495 2330 vulg.
511 2303 517 2323 :
543 2297 622 2323 ante
641 2293 801 2325 συνοίσειν
820 2292 861 2324 0¹
878 2304 884 2323 :
908 2303 973 2324 om.
996 2293 1020 2323 S
1037 2292 1129 2324 solus
1255 2301 1297 2329 24
1323 2291 1371 2322 ὅτι
1390 2301 1451 2320 om.

133 2331 164 2362 A
176 2332 206 2362 Y
296 2335 448 2376 συμφέρει
466 2335 490 2367 S
508 2335 606 2375 vulg,
627 2335 668 2367 cf.
691 2336 846 2368 Prooem.
864 2346 924 2376 23:
950 2335 1112 2377 συμφέρον
1128 2334 1158 2365 Y
1297 2335 1338 2363 26
1363 2334 1454 2373 εἶχον

132 2374 167 2447 ἓ,
186 2375 224 2449 csl.
247 2376 400 2409 Prooem.
420 2389 479 2418 23:
505 2379 593 2411 εἷπον
610 2383 686 2410 cett.
794 2390 837 2418 29
861 2382 931 2419 ὑμῖν
949 2383 1025 2419 post
1043 2381 1140 2410 πᾶσιν
1157 2378 1231 2410 add.
1251 2378 1339 2415 vulg.
1356 2387 1361 2407 :
1387 2386 1450 2406 om.

170 2427 208 2448 so
224 2429 262 2449 us

183 2460 220 2491 In
240 2462 264 2493 S
282 2463 504 2504 subscriptum

616 2514 722 2541 κΑτΑ
746 2515 946 2543 φιΛιι-ιηοτ
971 2516 995 2543 Α

669 2558 693 2584 Η
715 2558 740 2584 Η
760 2558 784 2585 H
805 2558 830 2586 H
850 2552 885 2585 m
903 2560 929 2586 Δ

1493 127 1577 184 [54]

1490 515 1535 549 49

1492 912 1535 947 50

1489 1574 1528 1611 51

1488 1817 1568 1872 [55]
