1763 2828
93 140 203 195 [180]

661 140 1151 179 ΔΗΜΟΣΘΕΝΟΎΣ
1481 135 1567 192 μη

164 261 206 286 10
235 244 394 286 νεύουσι
419 244 580 288 πλείους
604 244 796 298 ὑπάρχειν
823 244 981 295 νομίζω.
1044 243 1112 285 τὸν
1135 246 1208 296 μὲν
1232 243 1279 296 δὴ
1305 245 1481 297 πόλεμον
1505 247 1568 287 διὰ

162 664 200 690 11

105 783 201 838 [πει]

162 1066 202 1092 12

165 1532 206 1567 13

234 315 356 353 ταῦτα
387 316 561 364 παραινῶ
593 311 681 363 μηδ’
713 310 759 363 ἐξ
790 311 877 353 ἑνὸς
911 311 1059 363 τρόπου
1092 310 1305 364 προτέρους
1338 311 1566 360 ἀνελέσθαι,

235 379 299 420 ἐπὶ
329 381 370 420 δὲ
399 378 467 420 τὸν
496 380 630 432 ἀγῶνα
655 380 777 431 ὀρθῶς
809 384 912 430 φημι
944 378 1345 430 παρεσκευασμένους
1373 378 1567 433 ὑπάρχειν

234 448 390 501 χρῆναι.
462 448 590 497 εἰμὲν
616 445 684 486 οὖν
709 446 841 498 ἕτερος
875 448 948 497 μὲν
981 444 1028 496 ἦν
1058 462 1117 487 τις
1148 446 1292 498 τρόπος
1323 445 1523 497 δυνάμεως
1547 445 1571 504 ᾗ

234 513 324 556 τοὺς
352 512 583 566 βαρβάρους
612 513 695 554 οἶόν
719 512 752 552 τ’
777 511 825 563 ἧν
857 513 1096 564 ἀμύνασθαι,
1123 512 1256 564 ἕτερος
1280 511 1323 553 δέ
1346 529 1405 555 τις
1428 511 1454 570 ᾗ
1477 513 1569 556 τοὺς

226 579 448 631 ”Ελληνας,
475 580 634 622 εἰκότως
659 579 708 620 ἂν
732 581 829 622 ἴσως
851 580 1018 632 φανεροὶ
1045 579 1142 632 πρὸς
1169 581 1320 620 ἐκεῖνον
1345 579 1568 632 ἐγιγνόμεθ’

234 647 566 699 ἀντιταττόμενοι*
611 648 696 688 ἐπεὶ
733 649 775 688 δὲ
811 646 943 697 πάσης
982 647 1071 687 ἐστὶ
1110 649 1362 699 παρασκευῆς
1397 647 1418 686 ὁ
1453 646 1569 690 αὐτὸς

233 715 376 767 τρόπος
413 715 475 754 καὶ
511 717 572 755 δεῖ
604 713 710 754 ταῦτ’
747 713 846 754 εἶναι
885 713 1084 766 κεφάλαια
1122 715 1190 764 τῆς
1227 712 1439 764 δυνάμεως,
1477 713 1569 756 τοὺς

234 781 397 834 ἐχθροὺς
423 780 650 832 ἀμύνασθαι
678 781 883 827 δύνασθαι,
911 783 993 823 τοῖς
1022 781 1112 821 offen
1140 779 1362 834 συμμάχοις
1387 783 1566 832 βοηθεῖν,

232 850 279 888 τὰ
302 847 516 901 ὑπάρχοντ’
541 848 669 901 ἀγαθὰ
695 846 847 903 σῴζειν,
869 849 910 888 τί
930 847 1022 889 τοὺς
1048 846 1376 906 ὁμολογουμένως
1402 847 1570 901 ἐχθροὺς

233 915 394 968 ἔχοντες
437 913 592 967 ἑτέρους
641 915 848 965 ζητοῦμεν;
906 915 1013 955 ἀλλὰ
1056 914 1454 966 παρασκευασώμεθα
1496 916 1570 965 μὲν

233 981 329 1034 πρὸς
372 981 524 1028 αὐτούς,
569 981 819 1033 ἀμυνούμεθα
861 983 904 1023 δὲ
947 982 1140 1028 κάκεῖνον,
1189 980 1237 1022 ἂν
1278 981 1379 1031 ἡμᾶς
1423 981 1570 1021 ἀδικεῖν

233 1051 426 1107 ἐπιχειρῇ.
488 1050 550 1090 καὶ
576 1052 646 1090 νῦν
668 1051 741 1100 μὲν
767 1052 926 1090 καλεῖτε
951 1047 1048 1100 πρὸς
1071 1049 1172 1100 ὑμᾶς
1201 1047 1340 1091 αὐτοὺς
1359 1047 1449 1090 τοὺς
1466 1046 1568 1088 ’Έλ-

233 1122 370 1167 ληνας·
419 1116 468 1157 ἂν
506 1115 539 1156 δ’
577 1117 601 1157 δι
638 1115 868 1157 κελεύουσιν
910 1115 1017 1156 οὗτοι
1054 1115 1107 1167 μὴ
1149 1117 1298 1166 ποιῆτε,
1337 1115 1411 1169 οὐχ
1446 1113 1570 1166 ἡδέως

234 1184 349 1224 ἐνίων
373 1185 464 1235 ὑμῖν
491 1184 677 1237 ἐχόντων,
697 1186 780 1225 πῶς
805 1183 880 1237 χρὴ
900 1185 1128 1235 προσδοκᾶν
1154 1181 1228 1223 τιν’
1247 1182 1567 1230 ὑπακούσεσθαι;

235 1251 295 1291 ὅτι
320 1250 366 1301 νὴ
395 1250 463 1292 Δί’
489 1250 728 1291 ἀκούσονται
752 1249 841 1302 παρ’
866 1250 976 1301 ἡμῶν
1002 1249 1053 1292 ὣς
1085 1249 1339 1301 ἐπιβουλεύει
1373 1249 1571 1301 βασιλεὺς

236 1317 379 1360 αὐτοῖς.
440 1317 579 1359 αὐτοὺς
613 1317 645 1358 δ’
680 1318 724 1359 οὐ
761 1319 946 1369 προορᾶν,
987 1314 1016 1356 ὦ
1053 1317 1150 1369 πρὸς
1185 1320 1253 1357 τοῦ
1290 1318 1400 1363 Διός,
1437 1318 1571 1358 οἴεσθε

235 1388 367 1432 τοῦτο;
405 1385 484 1437 ἐγὼ
508 1387 580 1436 μὲν
605 1386 680 1438 γὰρ
704 1384 824 1436 οἶμαι.
885 1383 978 1424 ἀλλ’
999 1384 1106 1425 οὔπω
1125 1385 1268 1435 μείζων
1287 1383 1371 1425 ἔσθ’
1392 1384 1412 1423 ὁ
1438 1384 1570 1436 φόβος

235 1454 313 1492 τῶν
339 1451 436 1503 πρὸς
460 1453 558 1503 ὑμᾶς
584 1452 645 1492 καὶ
670 1451 767 1504 πρὸς
794 1450 996 1502 ἀλλήλους
1029 1452 1148 1494 ἐνίοις
1183 1454 1396 1503 διαφορῶν.
1457 1449 1570 1490 οὐδὲν

237 1518 304 1559 οὖν
339 1518 432 1558 ἀλλ’
463 1515 487 1568 ἢ
521 1517 837 1573 ῥαψῳδήσουσιν
873 1519 909 1558 οἱ
949 1517 1143 1571 πρέσβεις
1179 1517 1408 1569 περιιόντες.
1481 1517 1570 1557 τότε

235 1584 283 1631 δ’,
310 1584 359 1626 ἂν
383 1584 442 1638 ἄρ’
466 1585 491 1626 ἃ
515 1589 583 1626 νῦν
607 1584 755 1636 οἰόμεθ’
780 1585 891 1636 ἡμεῖς
920 1584 1148 1637 πράττηται,
1176 1584 1301 1626 οὐδεὶς
1333 1582 1457 1634 δήπου
1491 1586 1570 1623 τῶν

236 1651 395 1693 πάντων
419 1651 628 1703 Ἑλλήνων
656 1655 890 1702 τηλικοῦτον
923 1652 988 1705 ἐφ’
1015 1652 1117 1707 αὐτῷ
1145 1655 1296 1704 φρονεῖ,
1324 1651 1436 1692 ὅστις
1469 1650 1570 1703 ὁρῶν

235 1719 327 1770 ὑμῖν
358 1720 512 1773 χιλίους
543 1720 616 1770 μὲν
650 1718 804 1766 ἱππέας,
840 1720 1006 1761 ὁπλίτας
1041 1718 1074 1759 δ’
1107 1719 1227 1760 ὅσους
1259 1717 1307 1759 ἂν
1341 1717 1460 1774 ἐθέλῃ
1495 1734 1567 1763 τις,

236 1789 329 1828 ναῦς
365 1788 406 1827 δὲ
442 1788 683 1838 τριακοσίας,
721 1786 795 1840 οὐχ
830 1783 915 1837 ἥξει
951 1786 1012 1826 καὶ
1053 1784 1249 1836 δεήσεται,
1287 1786 1385 1836 μετὰ
1420 1783 1569 1824 τούτων

237 1852 517 1906 ἀσφαλέστατ’
550 1853 598 1894 ἂν
629 1853 848 1905 ἡγούμενος
886 1855 1076 1904 σωθῆναι.
1148 1853 1288 1893 οὐκοῦν
1324 1853 1366 1892 ἐκ
1396 1853 1470 1903 μὲν
1501 1853 1598 1891 τοῦ’

238 1922 375 1961 καλεῖν
409 1920 481 1971 ἤδη
515 1919 560 1960 τὸ
596 1923 750 1961 δεῖσθαι
787 1920 857 1961 κᾶν
895 1920 947 1971 μὴ
984 1918 1119 1973 τύχητ’
1154 1920 1417 1972 ἀφαμαρτεῖν,
1453 1919 1495 1959 ἐκ
1527 1920 1570 1958 δὲ

280 2040 300 2069 3
331 2029 365 2062 δὲ
389 2029 461 2072 τὸν]
488 2031 546 2062 τὸν
570 2031 597 2062 δ’
617 2029 723 2069 Flagg
889 2029 909 2059 8
940 2032 998 2068 τῆς
1023 2028 1182 2068 δυνάμεως
1207 2028 1286 2060 secl.
1306 2027 1452 2066 Dobree,
1471 2026 1569 2059 Blass

236 2073 313 2105 coll.
335 2073 452 2106 Liban.
472 2073 481 2103 i
498 2083 564 2113 399
729 2083 768 2103 10
792 2073 896 2114 ἀγαθὰ
911 2073 991 2104 secl.
1012 2072 1110 2103 Blass
1127 2071 1201 2103 coll.
1220 2072 1303 2102 xviii
1320 2081 1384 2110 302
1495 2073 1568 2111 ὁμο-

237 2117 440 2158 λογουμένως
458 2117 590 2156 scripsi,
609 2117 648 2149 cf.
670 2127 717 2147 xx
734 2127 795 2156 39:
822 2115 1100 2157 ὁμολογουμένους
1117 2115 1141 2146 S
1153 2115 1202 2147 Y:
1229 2117 1469 2156 ὁμολογοῦντας
1486 2119 1564 2146 cett.

240 2171 274 2191 11
303 2160 430 2203 ἑτέρους
448 2161 472 2192 S
489 2161 599 2201 vulg.:
626 2162 746 2193 ἄλλους
761 2159 793 2190 Α
813 2159 953 2199 Dionys.
976 2159 1051 2190 Hal.
1071 2159 1139 2190 Ars
1158 2159 1258 2190 Rhet.
1280 2159 1314 2189 ix
1335 2169 1374 2189 10
1480 2158 1568 2190 ἀλλὰ

239 2204 263 2236 S
283 2204 424 2244 Dionys.
447 2204 547 2236 HaL:
574 2205 650 2237 ἀλλ’
669 2205 704 2235 οὐ
722 2204 812 2243 vulg.
924 2204 1240 2246 παρασκευασώμεθα
1257 2201 1281 2233 S
1298 2214 1305 2232 :
1329 2200 1567 2244 παρασκευαζό-

237 2252 318 2287 μεθα
333 2249 423 2288 vulg.
438 2260 444 2280 :
471 2247 782 2290 παρασκευαζώμεθα
800 2247 940 2286 Dionys.
961 2246 1038 2277 Hal.
1230 2256 1267 2276 12
1292 2246 1406 2278 αὐτοὺς
1423 2245 1447 2276 S
1463 2256 1470 2274 :
1494 2244 1566 2276 τού-

238 2305 313 2324 τους
330 2292 419 2330 vulg.
569 2290 768 2331 ἀμυνούμεθα
791 2290 814 2321 S
832 2302 838 2321 :
867 2290 1048 2330 ἀμυνόμεθα
1068 2289 1157 2329 vulg.
1175 2300 1181 2319 :
1211 2289 1398 2329 ἀμυνώμεθα
1420 2288 1566 2327 Dionys.

241 2333 317 2366 Hal.
477 2336 515 2366 16
538 2336 627 2375 ἡμῶν
641 2335 672 2365 Α
689 2334 798 2372 vulg.:
825 2336 908 2374 ὑμῶν
926 2334 949 2365 S
1097 2343 1135 2363 21
1164 2334 1202 2365 ἂν
1217 2356 1225 2364 .
1247 2356 1255 2364 .
1272 2356 1279 2362 .
1300 2331 1481 2374 πράττηται
1498 2331 1563 2362 del.

240 2378 348 2409 Cobet
468 2379 558 2418 ἡμεῖς
576 2379 601 2410 S
612 2378 643 2409 A
655 2378 685 2409 Ο
699 2388 706 2409 :
732 2379 819 2417 ὑμεῖς
835 2378 924 2416 vulg.
1046 2376 1226 2417 πράττηται
1245 2376 1269 2406 S
1279 2375 1311 2406 Y
1325 2375 1354 2406 Ο
1369 2386 1375 2407 z
1400 2375 1565 2417 πράττητε

240 2422 327 2460 vulg.

1589 530 1607 563 5

1592 865 1632 886 10

1594 1199 1630 1230 Ι5

1592 1531 1631 1553 20
