1763 2828
97 121 213 175 [392]

153 297 216 341 163

155 893 218 935 164

102 1253 220 1307 [393]

157 1310 219 1354 165

159 1828 225 1864 166

670 119 1155 157 ΔΗΜΟΣΘΕΝΟΎΣ
1482 112 1569 166 [xlx

804 220 1012 247 MAPTTPIA.

307 287 403 328 “On
431 289 562 329 τοίνυν
592 287 672 329 οὐδ’
697 287 862 340 ἄρνησίς
893 288 1003 327 ἐστιν
1033 287 1163 328 αὐτοῖς
1193 286 1238 327 τὸ
1266 286 1317 337 μὴ
1347 286 1454 326 ταῦθ’
1478 287 1574 339 ὑπὲρ

247 356 451 396 Φιλίππου
481 354 678 407 πράττειν,
710 353 904 395 ἀκούσατέ
933 371 1020 405 μου.
1092 355 1156 395 ὅτε
1187 355 1262 406 γὰρ
1286 352 1358 403 τὴν
1383 353 1575 404 προτέραν

247 420 450 478 ἀπῄρομεν
486 423 709 474 πρεσβείαν
745 421 817 472 τὴν
854 421 942 472 περὶ
980 423 1049 471 τῆς
1089 419 1255 473 εἰρήνης,
1296 418 1431 473 κήρυχ’
1467 420 1576 471 ὑμεῖς

247 488 580 542 προαπεστείλαθ’
606 489 717 531 ὅστις
741 488 834 539 ἡμῖν
860 489 1083 529 σπείσεται.
1144 488 1232 528 τότε
1257 488 1329 538 μὲν
1354 487 1498 533 τοίνυν,
1526 486 1577 528 ὡς
1597 506 1615 537 5

246 554 403 609 τάχιστ’
437 556 492 597 εἰς
524 555 668 607 Ὠρεὸν
702 554 836 605 ἦλθον,
872 554 940 594 οὐκ
974 553 1183 605 ἀνέμειναν
1216 553 1285 594 τὸν
1320 551 1463 605 κήρυκα
1495 552 1575 593 οὐδ’

246 623 486 672 ἐνεποίησαν
521 622 668 675 χρόνον
701 620 853 668 οὐδένα,
882 620 1011 662 ’Ἅλου
1048 624 1089 662 δὲ
1128 619 1461 672 πολιορκουμένου
1497 619 1575 661 διέ-

247 696 428 730 πλευσαν
459 690 513 730 εἷς
543 692 694 734 τοῦτον,
727 688 789 728 καὶ
821 687 943 729 πάλιν
975 689 1154 729 ἐντεῦθεν
1186 687 1281 740 πρὸς
1313 688 1578 739 Παρμενίωνα

247 756 315 797 τὸν
335 754 606 807 πολιορκοῦντ’
627 754 857 805 ἐξελθόντες
883 755 1039 806 ἀπῆραν
1064 756 1127 795 διὰ
1152 758 1220 795 τοῦ
1243 755 1434 805 πολεμίου
1455 771 1575 806 στρα-

248 822 438 873 τεύματος
464 823 518 864 εἰς
538 821 746 874 Παγασάς,
770 821 831 862 καὶ
851 822 1054 873 προϊόντες
1081 820 1264 871 ἀπήντων
1285 823 1327 862 ἐν
1349 822 1505 878 Λαρίσῃ
1524 824 1577 875 τῷ
1603 839 1641 861 10

250 888 397 942 κήρυκι·
434 889 610 944 τοσαύτῃ
630 891 781 945 σπουδῇ
803 889 865 929 καὶ
884 889 1079 942 προθυμίᾳ
1099 887 1177 928 τότ’
1196 888 1383 941 ἐχώρουν.
1445 886 1577 937 ἐπειδὴ

249 955 282 995 δ’
312 954 442 1007 εἰρήνη
472 958 544 1006 μὲν
575 954 634 1006 ἧν,
667 954 805 996 ἅπασα
833 955 865 996 δ’
895 955 1087 1008 ἀσφάλει’
1119 954 1218 996 ἰέναι
1250 955 1311 995 καὶ
1341 955 1581 1007 πρόσταγμα

250 1022 339 1072 παρ’
368 1023 475 1073 ὑμῶν
509 1022 707 1069 σπεύδειν,
743 1022 939 1073 τηνικαῦτ’
970 1021 1050 1063 οὔτ’
1083 1024 1314 1075 ἐπείγεσθαι
1347 1022 1580 1073 βαδίζουσιν

250 1090 339 1130 οὔτε
368 1093 484 1130 πλεῖν
509 1090 641 1132 αὐτοῖς
670 1088 793 1146 ἐπῄει.
865 1090 904 1130 τί
931 1088 1095 1141 δήποτε;
1134 1091 1194 1131 ὅτι
1222 1090 1312 1131 τότε
1340 1091 1412 1140 μὲν
1436 1088 1481 1129 τὸ
1509 1087 1581 1139 τὴν

251 1155 408 1209 εἰρήνην
438 1156 489 1199 ὡς
517 1156 690 1210 τάχιστα
721 1156 921 1209 γενέσθαι,
948 1156 1051 1197 τοῦτ’
1076 1155 1124 1207 ἦν
1147 1158 1245 1208 ὑπὲρ
1269 1157 1485 1202 Φιλίππου,
1513 1158 1580 1196 νῦν
1604 1172 1642 1206 15

252 1225 294 1264 δὲ
317 1223 362 1263 τὸ
388 1223 439 1265 ὡς
458 1227 651 1265 πλεῖστον
670 1224 739 1265 τὸν
763 1223 908 1275 μεταξὺ
934 1224 1079 1277 χρόνον
1100 1226 1376 1276 διατριφθῆναι
1400 1226 1468 1263 τοῦ
1491 1221 1581 1264 τοὺς

252 1291 389 1343 ὅρκους
405 1291 644 1342 ἀπολαβεῖν.
697 1292 804 1332 ἀλλὰ
822 1290 899 1342 μὴν
915 1292 977 1331 ὅτι
994 1291 1056 1332 καὶ
1071 1290 1176 1332 ταῦτ’
1193 1291 1320 1341 ἀληθῆ
1337 1289 1457 1343 λέγω,
1473 1286 1580 1341 λαβέ

251 1374 319 1409 μοι
344 1358 406 1399 καὶ
431 1358 576 1409 ταύτην
601 1358 672 1409 τὴν
696 1359 922 1410 μαρτυρίαν.

813 1477 1021 1505 MAPT'rPlA.

316 1554 462 1597 ’Έστιν
487 1557 555 1597 οῦν
574 1557 679 1598 ὅπως
705 1556 751 1597 ἂν
776 1559 933 1607 μᾶλλον
959 1556 1156 1608 ἄνθρωποι
1182 1555 1297 1597 πάνθ’
1316 1557 1414 1607 ὑπὲρ
1433 1557 1578 1596 Φιλίπ-
1604 1572 1643 1594 20

254 1640 328 1664 που
358 1621 597 1671 πράττοντες
627 1621 915 1676 ἐξελεγχθεῖεν,
942 1619 966 1672 ἢ
996 1622 1067 1673 τὴν
1097 1622 1216 1673 αὐτὴν
1246 1622 1336 1663 ὁδὸν
1365 1623 1480 1673 ἡνίκα
1509 1625 1581 1673 μὲν

255 1689 438 1730 σπεύδειν
469 1690 566 1741 ὑπὲρ
598 1690 704 1739 ὑμῶν
737 1690 816 1730 ἔδει
853 1688 1075 1740 καθήμενοι,
1111 1690 1176 1730 ὅτε
1212 1689 1244 1729 δ’
1278 1689 1366 1731 οὐδὲ
1402 1690 1581 1740 βαδίζειν

255 1758 429 1809 προσῆκε
454 1756 546 1806 πρὶν
570 1757 703 1797 ἐλθεῖν
727 1755 796 1797 τὸν
822 1755 968 1808 κήρυκα
993 1757 1258 1809 ἐπειγόμενοι;

316 1821 394 1863 ΔΟν
430 1824 560 1863 τοίνυν
596 1823 743 1876 χρόνον
779 1822 876 1874 ἦμεν
914 1825 994 1864 ἐκεῖ
1030 1823 1091 1864 καὶ
1129 1822 1314 1874 καθήμεθ’
1347 1823 1389 1863 ἐν
1423 1821 1579 1879 Πέλλῃ,

255 1889 467 1942 σκέψασθε
496 1890 536 1930 τί
562 1889 748 1942 πράττειν
779 1890 945 1932 ἕκαστος
974 1890 1084 1941 ἡμῶν
1109 1891 1329 1943 προείλετο.
1403 1890 1481 1942 ἐγὼ
1509 1891 1582 1940 μὲν
1604 1904 1641 1937 25

253 1958 385 1998 τοίνυν
420 1956 510 1998 τοὺς
546 1957 823 2010 αἰχμαλώτους
859 1955 1073 2012 ἀνασῴζειν
1111 1957 1173 1997 καὶ
1214 1957 1352 2007 ζητεῖν,
1392 1956 1455 1996 καὶ
1490 1955 1581 2008 παρ’

255 2025 422 2075 ἐμαυτοῦ
457 2040 500 2064 τε
535 2022 703 2077 χρήματ’
737 2024 968 2065 ἀναλίσκειν
1006 2024 1067 2064 καὶ
1103 2025 1307 2065 Φίλιππον
1343 2021 1488 2074 ἀξιοῦν,
1527 2023 1582 2063 ὧν

255 2091 349 2142 ἡμῖν
390 2091 517 2132 ἐδίδου
558 2090 710 2142 ξενίων,
751 2091 911 2133 τούτους
951 2091 1166 2132 λύσασθαι·
1222 2091 1334 2132 οὗτος
1375 2091 1417 2130 δὲ
1458 2088 1581 2130 αὐτίκ’

299 2212 317 2239 4
343 2200 503 2244 ἀπῄρομεν
521 2201 558 2232 F¹
573 2201 622 2233 O:
649 2215 813 2243 απηρομην
831 2201 921 2232 S¹Y¹
936 2212 941 2231 :
969 2201 1130 2244 ἀπήραμεν
1147 2201 1234 2240 vulg.
1348 2210 1366 2240 7
1392 2200 1582 2238 ἐνεποίησαν

260 2245 413 2277 Dobree:
440 2246 594 2284 ἐποίησαν
611 2246 722 2283 codd.5
739 2245 778 2275 cf.
803 2248 817 2282 ξ
835 2256 855 2284 3
930 2245 1044 2277 οὐδένα
1059 2256 1123 2276 om.
1144 2245 1181 2276 S¹
1200 2245 1234 2275 in
1253 2245 1320 2275 fine
1338 2254 1456 2275 versus
1473 2256 1479 2274 :
1502 2244 1577 2274 add.

258 2294 325 2320 ant.
351 2299 392 2319 m.
529 2289 607 2321 ἅλου
633 2289 667 2321 δὲ
693 2294 863 2320 corrector
889 2288 1130 2327 Lessingianus
1155 2293 1188 2319 et
1211 2288 1470 2318 Weimaranus:
1505 2285 1579 2319 ἀλλ’

259 2332 330 2364 οὐδὲ
350 2333 372 2363 S
387 2333 412 2362 L
428 2333 517 2372 vulg.
535 2344 541 2362 :
566 2333 638 2365 οὐδὲ
655 2333 686 2372 Q
840 2334 880 2363 16
903 2333 961 2374 πρὸ
979 2338 1057 2362 ante
1075 2334 1132 2363 τοῦ
1149 2333 1224 2362 add.
1246 2332 1272 2362 L
1288 2331 1379 2370 vulg.
1398 2343 1404 2361 z
1427 2341 1491 2361 om.
1513 2330 1580 2360 SA

263 2386 301 2414 19
333 2377 464 2406 titulum
489 2387 553 2407 om.
583 2377 607 2407 S
632 2377 665 2406 in
691 2376 810 2406 lacuna
968 2377 1009 2406 26
1042 2375 1211 2416 ἀναζητεῖν
1235 2376 1286 2407 καὶ
1310 2373 1425 2415 σώζειν
1448 2374 1578 2405 Cobet:

260 2419 433 2460 ἀνασώζειν
449 2421 499 2452 καὶ
516 2419 685 2460 ἀναζητεῖν
700 2419 864 2451 Aristides
