1731 2844
794 556 854 594 XI

166 679 326 728 ΠΡΟΣ
383 682 508 725 ΤΗΝ
570 676 930 727 ΕΠΙΣΤΟΛΗΝ
988 681 1114 723 ΤΗΝ
1173 680 1486 723 ΦΙΛΙΠΠΟΥ
1517 674 1619 728 [152]

713 812 934 842 ὙΠΟΘΕΣΙΣ

215 887 259 923 ‘0
304 886 490 926 Φίλιππος
530 886 620 935 πρὸς
661 885 744 925 τοὺς
784 883 1000 934 Ἀθηναίους
1037 885 1234 934 πέπομφεν
1273 887 1484 935 ἐπιστολήν,

165 943 375 992 κατηγορῶν
408 941 525 978 αὐτῶν
561 940 619 977 καὶ
651 940 818 988 πόλεμον
850 940 1109 988 προκηρύττων
1140 939 1315 988 ἄντικρυς.
1373 939 1488 978 οὐκέτ’

164 1011 228 1032 ουν
261 996 280 1032 ὁ
313 995 432 1043 ῥήτωρ
464 993 581 1031 πείθει
617 993 700 1033 τοὺς
732 992 948 1041 Ἀθηναίους
980 995 1156 1042 πολεμεῖν
1189 991 1347 1044 (ἀνάγκη
1385 993 1486 1045 γάρ),

164 1049 266 1085 ἀλλὰ
285 1047 457 1097 θαρσύνει
479 1048 570 1097 πρὸς
592 1047 656 1086 τὸν
676 1046 848 1091 κίνδυνον,
869 1046 1123 1096 εῧκαθαίρετον
1141 1046 1260 1098 λέγων
1278 1047 1342 1085 τὸν
1362 1051 1486 1085 Μακε-

126 1119 143 1150 5
164 1101 262 1140 δόνα.

225 1226 319 1267 ’Ότι
346 1226 430 1277 μέν,
458 1225 488 1266 ὦ
519 1226 655 1277 ἄνδρες
685 1225 899 1276 Ἀθηναῖοι,
937 1227 1139 1267 Φίλιππος
1172 1227 1240 1266 οὐκ
1273 1225 1487 1275 ἐποιήσατο

163 1293 234 1343 τὴν
282 1292 439 1345 εἰρήνην
484 1291 581 1344 πρὸς
627 1292 736 1342 ὑμᾶς,
780 1291 872 1332 ἀλλ’
916 1291 1139 1342 ἀνεβάλετο
1181 1291 1250 1332 τὸν
1296 1293 1484 1343 πόλεμον,

163 1362 286 1399 πᾶσιν
311 1359 401 1409 ὑμῖν
425 1357 601 1410 φανερὸν
625 1357 801 1410 γέγονεν·
836 1357 971 1408 ἐπειδὴ
997 1359 1071 1409 γὰρ
1092 1359 1340 1409 Φαρσαλίοις
1358 1357 1487 1399 “Ἀλον

164 1424 363 1477 παρέδωκε
395 1424 456 1464 καὶ
488 1426 537 1464 τὰ
568 1424 656 1476 περὶ
681 1423 845 1466 Φωκέας
875 1422 1097 1478 διῳκήσατο
1131 1426 1194 1465 καὶ
1226 1424 1298 1475 τὴν
1323 1422 1488 1479 Θράκην

108 1514 145 1535 10
165 1490 464 1544 κατεστρέψατο
505 1493 652 1537 πᾶσαν,
693 1491 819 1532 αἰτίας
859 1489 927 1530 οὐκ
965 1490 1087 1532 οὔσας
1129 1490 1387 1542 πλασάμενος
1426 1492 1488 1531 καὶ

164 1557 387 1610 προφάσεις
422 1557 577 1598 ἀδίκους
614 1556 782 1608 ἐξευρὼν
819 1560 872 1612 τῷ
909 1558 982 1607 μὲν
1020 1556 1121 1611 ἔργῳ
1160 1556 1284 1597 πάλαι
1321 1561 1492 1608 πολεμεῖ

164 1623 260 1675 πρὸς
278 1623 349 1674 τὴν
367 1624 498 1670 πόλιν,
518 1627 572 1678 τῷ
592 1625 634 1664 δὲ
658 1624 765 1678 λόγῳ
792 1626 861 1664 νῦν
885 1624 1075 1675 ὁμολογεῖ
1096 1625 1160 1664 διὰ
1183 1626 1252 1674 τῆς
1271 1625 1488 1674 ἐπιστολῆς

164 1690 210 1740 ἧς
242 1691 436 1742 ἔπεμψεν·
485 1690 546 1730 ὅτι
576 1691 619 1730 δὲ
654 1689 730 1743 χρὴ
764 1688 854 1741 μήτ’
887 1690 1072 1742 ὀρρωδεῖν
1107 1691 1206 1741 ὑμᾶς
1237 1690 1309 1740 τὴν
1339 1691 1488 1731 ἐκείνου
1518 1704 1538 1728 2

165 1756 328 1807 δύναμιν
360 1755 448 1807 μήτ’
474 1757 648 1808 ἀγεννῶς
680 1757 963 1810 ἀντιταχθῆναι
998 1755 1094 1808 πρὸς
1127 1756 1258 1803 αὐτόν,
1285 1757 1392 1797 ἀλλὰ
1425 1758 1487 1796 καὶ

107 1843 143 1873 15
166 1823 325 1873 σώμασι
350 1823 412 1863 καὶ
437 1821 615 1875 χρήμασι
645 1823 707 1863 καὶ
735 1822 850 1863 ναυσὶ
882 1822 945 1863 καὶ
974 1825 1101 1864 πᾶσιν
1126 1823 1178 1865 ὡς
1202 1825 1338 1865 ἁπλῶς
1362 1824 1487 1863 εἰπεῖν

166 1890 338 1941 ἀφειδῶς
363 1890 534 1941 ὁρμῆσαι
563 1888 659 1940 πρὸς
688 1888 756 1929 τὸν
787 1890 976 1940 πόλεμον,
1004 1890 1081 1942 ἐγὼ
1112 1889 1351 1941 πειράσομαι
1383 1888 1486 1929 διδά-
1519 1889 1620 1943 [153]

166 1972 290 1996 σκειν.
360 1959 516 2008 πρῶτον
549 1958 621 2006 μὲν
656 1957 730 2007 γὰρ
766 1956 881 2002 εἰκός,
916 1953 945 1995 ὦ
979 1955 1116 2009 ἄνδρες
1147 1956 1363 2006 Ἀθηναῖοι,
1397 1955 1487 1997 τοὺς

165 2021 276 2063 θεοὺς
304 2023 516 2075 μεγίστους
539 2022 629 2072 ὑμῖν
653 2021 843 2075 ὑπάρχειν
869 2022 1101 2076 συμμάχους
1127 2023 1189 2063 καὶ
1221 2022 1405 2073 βοηθούς,
1432 2022 1487 2061 ὧν

165 2089 313 2131 ἐκεῖνος
332 2090 402 2130 τὰς
426 2088 580 2130 πίστεις
604 2089 796 2141 ὑπεριδὼν
831 2089 892 2129 καὶ
921 2089 1011 2131 τοὺς
1044 2090 1181 2141 ὅρκους
1209 2090 1386 2141 ὑπερβὰς
1418 2087 1484 2128 λε’-

107 2171 146 2193 20
164 2159 282 2196 λυκεν
323 2156 465 2197 ἀδίκως
502 2154 575 2205 τὴν
617 2154 785 2207 εἰρήνην·
837 2155 959 2196 ἔπειθ’
999 2156 1057 2197 οἷς
1094 2156 1287 2208 πρότερον
1324 2152 1485 2205 ηὐξήθη,
1518 2171 1538 2205 3

166 2222 385 2273 φενακίζων
411 2222 476 2262 ἀεί
505 2238 614 2263 τινας
641 2221 702 2261 καὶ
734 2221 875 2274 μεγάλ’
903 2222 1252 2274 ἐπαγγελλόμενος
1283 2219 1486 2273 εὐεργετή-

167 2304 265 2334 σειν,
292 2291 413 2328 ταῦτα
441 2286 569 2328 πάντα
602 2286 880 2338 διεξελήλυθεν
909 2288 994 2340 ἤδη,
1024 2289 1086 2328 καὶ
1118 2288 1386 2340 γιγνώσκεται
1417 2289 1489 2338 μὲν

212 2405 228 2432 7
254 2395 434 2432 ἀνεβάλετο
453 2396 560 2426 SAY
577 2408 583 2426 :
607 2396 811 2433 ἀνεβάλλετο
829 2398 916 2436 vulg.
1039 2407 1077 2436 19
1102 2398 1253 2438 ὑπεριδὼν
1271 2422 1275 2428 .
1296 2421 1302 2427 .
1327 2421 1332 2426 .
1352 2397 1489 2438 ὑπερβὰς

170 2436 255 2467 SA:
281 2439 418 2479 ὑπερβὰς
438 2460 444 2469 .
464 2460 470 2469 .
493 2460 498 2468 .
521 2439 673 2480 ὑπεριδὼν
690 2440 779 2479 vulg.
