1763 2828
105 108 214 161 [385]

151 694 215 730 143

151 1026 216 1060 144

148 1492 210 1528 145

93 1545 211 1601 [386]

145 1885 211 1928 146

673 106 1157 146 ΔΙἸΜΟΣΘΕΝΟΎΣ
1485 106 1572 160 [xxx

247 210 355 251 ταῦτ’
379 212 422 251 ἐκ
456 212 523 260 τῆς
556 209 710 261 εἰρήνης
744 210 920 263 γέγονεν,
956 212 1010 251 ὧν
1043 211 1123 251 οὐδ’
1157 211 1206 251 ἂν
1239 209 1416 261 εὔξαιντο
1451 212 1575 263 δήπου

247 276 420 328 μείζονα·
454 281 536 319 τοῖς
556 279 596 318 δὲ
617 277 820 329 πρέσβεσι
839 280 920 318 τοῖς
936 281 1013 317 τῶν
1031 278 1226 328 Θηβαίων
1246 279 1285 318 τί
1289 295 1301 325 ,·
1341 278 1452 320 οὐδὲν
1469 280 1575 330 πλὴν

248 343 292 384 τὸ
320 344 468 385 τούτων
497 345 634 386 αἰτίοις
664 347 905 397 γεγενῆσθαι
935 350 981 401 τῇ
1010 345 1178 396 πατρίδι·
1223 348 1336 385 τοῦτο
1365 347 1406 387 δὲ
1437 346 1574 394 καλόν,

248 408 279 451 ὦ
303 410 439 463 ἄνδρες
458 411 673 461 Ἀθηναῖοι,
703 412 765 452 καὶ
791 410 938 462 σεμνὸν
965 412 1019 453 εἰς
1045 412 1183 464 ἀρετῆς
1209 412 1332 464 λόγον
1359 412 1420 452 καὶ
1445 411 1573 463 δόξης,

247 476 296 528 ἣν
332 477 438 518 οὗτοι
472 477 684 531 χρημάτων
721 477 926 519 ἀπέδοντο.
997 479 1214 528 ἀντιθῶμεν
1251 477 1297 528 δὴ
1337 479 1376 519 τί
1415 484 1462 536 τῇ
1498 483 1575 520 τῶν
1596 492 1615 524 5

248 543 469 595 Ἀθηναίων
496 544 613 585 πόλει
642 544 806 597 γέγονεν
837 546 880 585 ἐκ
909 547 978 595 τῆς
1007 543 1173 596 εἰρήνης,
1207 545 1269 585 καὶ
1300 546 1340 585 τί
1368 548 1450 588 τοῖς
1481 545 1572 597 πρέ-

248 615 375 661 σβεσι
401 614 482 653 τοῖς
511 615 588 652 τῶν
616 610 849 662 Ἀθηναίων,
882 612 943 652 καὶ
975 611 1146 663 θεωρεῖτ’
1177 613 1210 653 εἰ
1240 610 1500 664 παραπλήσια
1528 618 1576 669 τῇ

247 678 361 718 πόλει
388 677 450 717 καὶ
475 677 626 720 τούτοις
651 677 795 720 αὐτοῖς.
855 684 903 735 τῇ
927 679 1042 719 πόλει
1065 681 1137 729 μὲν
1156 680 1287 719 τοίνυν
1307 678 1575 731 ἀφεστηκέναι

245 746 317 794 μὲν
343 743 527 784 ἁπάντων
554 744 615 784 καὶ
640 748 718 786 τῶν
745 744 949 795 κτημάτων
977 745 1038 785 καὶ
1062 749 1139 786 τῶν
1165 745 1398 799 συμμάχων,
1420 746 1574 797 ὀμωμο-

248 810 355 852 κέναι
383 812 424 852 δὲ
451 812 652 865 Φιλίππῳ,
681 811 751 852 κᾶν
779 811 903 854 ἄλλος
934 828 992 854 τις
1022 813 1061 868 ’ίῃ
1094 811 1178 852 ποτ’
1210 811 1269 853 ἐπ’
1300 812 1397 853 αὐτὰ
1424 813 1571 863 βουλό-
1597 829 1635 852 ιο

246 894 365 928 μενος
394 874 546 932 σῴζειν,
574 879 672 929 ὑμᾶς
703 878 898 920 κωλύσειν
924 880 985 919 καὶ
1015 878 1082 919 τὸν
1112 881 1184 929 μὲν
1212 879 1301 929 ὑμῖν
1326 879 1573 930 βουλόμενον

246 947 487 996 παραδοῦναι
507 944 651 998 ἐχθρὸν
668 944 892 997 ἡγήσεσθαι
914 945 975 985 καὶ
995 944 1199 995 πολέμιον,
1218 945 1286 987 τὸν
1303 944 1335 985 δ’
1353 946 1570 997 ἀπεστερη-

247 1011 342 1051 κότα
372 1011 585 1064 σύμμαχον
611 1012 674 1053 καὶ
704 1013 837 1064 φίλον.
910 1016 1029 1052 ταῦτα
1054 1011 1128 1064 γάρ
1155 1011 1239 1052 ἐσθ’
1266 1013 1290 1052 ἃ
1316 1015 1477 1053 συνεῖπε
1500 1013 1572 1062 μὲν

247 1078 442 1132 Αἰσχίνης
466 1078 616 1125 οὑτοσί,
643 1078 797 1131 ἔγραψε
823 1078 855 1119 δ’
880 1079 900 1118 ὁ
925 1079 1063 1119 τούτου
1094 1078 1283 1131 συνεργὸς
1310 1077 1571 1130 Φιλοκράτης·

247 1145 309 1185 καὶ
343 1148 575 1197 κρατοῦντος
607 1146 700 1196 ἐμοῦ
733 1145 802 1195 τὴν
833 1145 1025 1197 προτέραν
1054 1144 1215 1196 ἡμέραν,
1249 1145 1310 1186 καὶ
1342 1145 1573 1187 πεπεικότος
1594 1161 1632 1194 ¹5

244 1212 342 1262 ὑμᾶς
375 1211 419 1251 τὸ
453 1215 530 1252 τῶν
565 1211 785 1265 συμμάχων
817 1212 944 1265 δόγμα
981 1215 1154 1263 κυρῶσαι
1187 1211 1249 1252 καὶ
1283 1211 1451 1252 καλέσαι
1482 1211 1572 1254 τοὺς

244 1277 438 1329 πρέσβεις
461 1278 550 1321 τοὺς
574 1282 643 1319 τοῦ
663 1280 879 1326 Φιλίππου,
903 1279 1118 1331 ἐκκρούσας
1144 1278 1255 1322 οὗτος
1280 1280 1335 1321 εἰς
1359 1278 1430 1329 τὴν
1454 1279 1570 1319 ὑστε-

243 1345 358 1396 ραίαν
387 1345 458 1396 τὴν
489 1345 761 1398 Φιλοκράτους
792 1346 952 1399 γνώμην
983 1346 1142 1387 ἔπεισεν
1171 1345 1348 1393 ἑλέσθαι,
1379 1343 1422 1387 ἐν
1450 1343 1476 1402 ᾗ
1510 1346 1572 1386 καὶ

243 1415 366 1452 ταῦτα
391 1412 454 1452 καὶ
479 1412 597 1453 πόλλ’
618 1412 708 1453 ἄλλ’
729 1412 786 1453 ἔτι
810 1413 959 1454 τούτων
983 1412 1167 1464 δεινότερ’
1195 1412 1281 1454 ε’στὶ
1304 1411 1570 1465 γεγραμμένα.

243 1484 290 1535 τῇ
314 1481 388 1529 μὲν
407 1479 452 1529 δὴ
479 1480 594 1520 πόλει
612 1479 718 1520 ταῦτ’
741 1481 781 1519 ἐκ
807 1482 875 1530 τῆς
900 1478 1055 1532 εἰρήνης
1074 1478 1250 1532 γέγονεν,
1271 1480 1326 1520 ῶν
1345 1478 1424 1519 οὐδ’
1446 1479 1571 1531 εὑρεῖν
1592 1495 1631 1516 20

244 1545 390 1599 αἰσχίω
420 1544 567 1600 ῥᾴδιον·
605 1549 686 1589 τοῖς
716 1548 757 1586 δὲ
787 1546 1011 1597 πρέσβεσιν
1036 1547 1076 1587 τί
1101 1549 1182 1587 τοῖς
1205 1549 1327 1586 ταῦτα
1351 1544 1568 1597 πράξασιν,-

242 1613 290 1651 τὰ
314 1614 386 1663 μὲν
411 1612 518 1652 ἄλλα
543 1616 679 1653 σιωπῶ
704 1611 834 1658 πάνθ’,
857 1612 919 1652 ὄσ’
945 1612 1124 1664 ἑοράκαθ’
1144 1613 1264 1663 ὑμεῖς,
1292 1613 1426 1658 οἰκίας,
1455 1610 1566 1662 ξύλα,

242 1679 398 1731 πυρούς,
425 1679 516 1719 ἀλλ’
542 1680 583 1719 ε’ν
609 1685 657 1736 τῇ
685 1682 762 1719 τῶν
788 1679 1058 1720 ἀπολωλότων
1084 1678 1304 1733 συμμάχων
1332 1679 1444 1732 χώρᾳ
1477 1677 1566 1730 κτή-

241 1763 346 1796 ματα
380 1746 441 1786 καὶ
475 1746 662 1799 γεωργίαι
699 1749 959 1797 παμπληθεῖς,
995 1745 1233 1798 Φιλοκράτει
1268 1748 1340 1797 μὲν
1372 1745 1569 1786 τάλαντον

242 1812 409 1866 ἔχουσαι
450 1814 660 1865 πρόσοδον,
706 1814 828 1867 τούτῳ
871 1816 912 1854 δὲ
955 1811 1159 1869 [Αἰσχίνῃ]
1200 1812 1410 1865 τριάκοντα
1454 1815 1566 1863 μνᾶς.
1591 1830 1629 1861 ²5

242 1879 367 1920 καίτοι
393 1883 474 1921 πῶς
499 1879 543 1920 οὐ
567 1880 709 1926 δεινόν,
735 1877 764 1919 ὦ
790 1879 927 1931 ἄνδρες
951 1880 1166 1930 Ἀθηναῖοι,
1196 1880 1258 1921 καὶ
1284 1878 1476 1934 σχέτλιον
1501 1881 1570 1921 τὰς

240 1950 318 1987 τῶν
336 1946 533 1999 ὑμετέρων
553 1946 773 2000 συμμάχων
792 1949 1000 2000 συμφορὰς
1019 1947 1238 1999 προσόδους
1261 1950 1343 1990 τοῖς
1367 1945 1571 1999 πρέσβεσι

240 2017 320 2055 τοῖς
352 2013 554 2065 ὑμετέροις
585 2016 839 2066 γεγενῆσθαι,
876 2014 936 2054 καὶ
969 2013 1040 2065 τὴν
1072 2013 1190 2064 αὐτὴν
1225 2012 1382 2067 εἰρήνην
1414 2018 1462 2070 τῇ
1497 2015 1568 2064 μὲν

241 2079 482 2136 ἐκπεμψάσῃ
508 2081 624 2121 πόλει
653 2084 732 2121 τῶν
754 2082 828 2132 μὲν
853 2079 1074 2133 συμμάχων
1099 2082 1277 2133 ὄλεθρον,
1304 2084 1382 2121 τῶν
1406 2081 1447 2123 δὲ
1479 2096 1567 2130 κτη-

240 2146 373 2197 μάτων
422 2148 663 2194 ἇπόστασιν,
703 2147 791 2188 ἀντὶ
828 2150 870 2188 δὲ
917 2147 1033 2198 δόξης
1080 2147 1276 2200 αἰσχύνην
1314 2148 1565 2199 γεγενῆσθαι,
1588 2161 1630 2192 30

289 2267 301 2287 1
343 2259 485 2298 εὔξαιντο
516 2257 618 2296 vulg.,
647 2257 686 2288 cf,
718 2260 733 2295 ξ
762 2257 837 2297 328,
869 2268 914 2287 xx
947 2267 1011 2296 55:
1052 2262 1181 2298 ευξαντο
1214 2258 1238 2289 S
1419 2266 1453 2287 11
1496 2258 1568 2295 ὑμῖν

242 2300 328 2339 vulg.
349 2311 355 2330 ε
391 2301 465 2339 ἡμῖν
491 2300 638 2331 SLAY
819 2311 856 2331 12
890 2302 1070 2341 ἡγήσεσθαι
1097 2300 1231 2332 SLF1:
1267 2301 1450 2341 ἡγήσασθαι
1476 2300 1564 2339 vulg.

241 2354 282 2382 25
322 2346 461 2386 Αἰσχίνῃ
487 2345 564 2375 secl.
590 2344 681 2375 weil
846 2355 888 2383 29
926 2343 986 2383 μὲν
1010 2350 1087 2376 ante
1113 2344 1288 2385 συμμάχων
1312 2353 1377 2375 om.
1405 2344 1447 2375 S:
1488 2343 1564 2374 add.

243 2387 268 2419 L
285 2387 372 2426 vulg.
