1731 2844
169 120 208 175 x]
521 115 679 156 ΚΑΤΑ
726 107 1042 151 ΦΙΛΙΠΠΟΎ
1091 107 1125 142 Δ
1510 93 1616 149 [150]

167 241 303 268 τιστον
335 225 458 264 εἰπεῖν
489 221 538 262 ἂν
570 219 690 272 ἔχοις,
720 213 835 255 τοῦτό
867 227 934 251 σοι
965 209 1124 258 δοίημεν
1157 205 1301 254 ἀληθὲς
1332 201 1478 253 λέγειν,

169 294 220 335 ὡς
243 292 340 342 ὑπὲρ
365 287 592 342 φιλοτιμίας
618 285 679 324 καὶ
704 279 818 332 δόξης
841 281 961 319 ταῦτα
985 274 1114 316 πάντα
1138 274 1274 315 ποιεῖς,
1303 266 1481 318 θαυμάζω

169 360 210 400 τί
237 356 382 408 δήποτε
412 357 543 408 σαυτῷ
574 353 645 402 μὲν
673 350 770 399 ὑπὲρ
798 344 946 386 τούτων
979 341 1134 382 ἅπαντα
1166 334 1351 387 ποιητέον
1385 333 1484 374 εἶναι

171 424 338 476 νομίζεις
358 422 419 463 καὶ
438 417 629 469 πονητέον
650 415 712 456 καὶ
731 409 1009 455 κινδυνευτέον,
1031 412 1077 463 τῇ
1097 405 1212 445 πόλει
1231 404 1273 443 δὲ
1292 399 1486 453 προέσθαι

134 511 152 543 5
171 495 291 532 ταῦτα
322 490 418 540 μετὰ
449 484 636 540 ῥᾳθυμίας
666 476 966 531 συμβουλεύεις.
1035 473 1080 514 οὐ
1112 472 1188 524 γὰρ
1221 466 1347 509 ἐκεῖνό
1378 464 1414 518 γ’
1439 464 1487 505 ἃν

173 560 309 603 εἴποις,
348 555 398 597 ὡς
436 555 482 593 σὲ
520 553 592 603 μὲν
627 550 670 590 ἐν
703 552 751 604 τῇ
788 544 903 586 πόλει
938 544 997 582 δεῖ
1030 540 1117 580 τινὰ
1153 535 1379 589 φαίνεσθαι,
1417 530 1488 581 τὴν

174 625 290 665 πόλιν
323 621 356 661 δ’
390 622 431 661 ἐν
466 621 547 660 τοῖς
574 615 754 664 “Ἐλλησι
789 608 952 663 μηδενὸς
986 605 1100 657 ἀξίαν
1136 603 1247 644 εἶναι.
1320 599 1382 639 καὶ
1413 596 1489 648 μὴν
1518 605 1561 640 72

175 689 252 731 οὐδ’
278 686 404 729 ἐκεῖνό
435 685 470 738 γ’
495 685 583 735 ὁρῶ,
611 682 662 723 ὡς
694 680 740 735 τῇ
773 680 845 729 μὲν
875 676 991 716 πόλει
1024 671 1209 724 ἀσφαλὲς
1232 666 1277 708 τὸ
1301 667 1349 706 τὰ
1373 665 1490 713 αὑτῆς

176 754 371 808 πράττειν,
417 752 482 791 σοὶ
522 752 563 790 δὲ
606 749 792 791 κίνδυνος,
838 745 870 785 εἰ
911 742 1030 793 μηδὲν
1071 741 1149 777 τῶν
1191 735 1326 774 ἄλλων
1367 728 1492 771 πλέον

120 842 158 863 10
177 818 440 873 περιεργάσει,
476 817 581 857 ἀλλὰ
614 812 842 854 τούναντίον
877 808 941 848 σοὶ
977 808 1048 857 μὲν
1082 802 1127 854 ἐξ
1156 804 1209 842 ὧν
1244 798 1397 852 ἐργάζει
1430 797 1492 836 καὶ

178 885 420 939 περιεργάζει
444 883 534 925 τοὺς
562 879 758 933 ἐσχάτους
792 879 905 917 ὄντας
937 872 1145 915 κινδύνους,
1172 868 1217 924 τῇ
1252 866 1367 907 πόλει
1391 863 1424 904 δ’
1452 863 1493 902 ἐκ

179 957 245 1004 τῆς
269 952 449 1005 ἡσυχίας.
520 949 626 989 ἀλλὰ
650 946 696 995 νὴ
725 945 803 984 Δία
830 937 1003 994 παππῴα
1028 953 1092 977 σοι
1123 935 1184 975 καὶ
1218 929 1378 985 πατρῴα
1409 928 1493 979 δόξ’
1526 935 1568 968 73

183 1019 358 1072 ὑπάρχει,
384 1016 433 1067 ἣν
461 1014 631 1068 αἰσχρόν
661 1013 772 1053 ἐστιν
804 1010 844 1049 ἐν
870 1006 936 1047 σοὶ
969 1006 1200 1045 καταλῦσαι·
1240 1004 1288 1055 τῇ
1317 997 1434 1037 πόλει
1462 993 1494 1034 δ’

182 1084 350 1137 ὑπῆρξεν
375 1083 555 1132 ἀνώνυμα
583 1079 644 1119 καὶ
669 1081 805 1130 φαῦλα
831 1076 879 1114 τὰ
908 1075 985 1112 τῶν
1014 1068 1231 1122 προγόνων.
1291 1061 1382 1103 ἀλλ’
1408 1061 1495 1101 οὐδὲ
1527 1052 1622 1107 [151]

127 1170 161 1201 15
182 1151 286 1193 τοῦθ’
313 1150 433 1191 οὕτως
463 1148 558 1201 ἔχει·
598 1145 663 1185 σοὶ
695 1146 765 1195 μὲν
795 1143 868 1193 γὰρ
894 1138 941 1189 ἦν
974 1135 1144 1184 κλέπτης
1175 1134 1194 1171 ὁ
1223 1129 1362 1182 πατήρ,
1390 1129 1497 1178 ε’ίπερ

183 1218 230 1268 ἦν
254 1218 386 1268 ὅμοιος
412 1215 490 1260 σοί,
517 1218 565 1269 τῇ
589 1212 705 1253 πόλει
729 1208 762 1249 δ’
787 1208 894 1258 ἡμῶν
918 1203 984 1245 οὓς
1008 1201 1151 1242 πάντες
1180 1200 1318 1239 ἴσασιν
1343 1196 1378 1235 οἱ
1396 1192 1496 1233 ‘'EA-

185 1290 299 1335 ληνες
324 1284 366 1322 ἐκ
391 1285 468 1322 τῶν
500 1279 701 1331 μεγίστων
735 1272 919 1315 κινδύνων
950 1266 1216 1317 σεσωσμένοι.
1288 1262 1394 1302 ἀλλὰ
1426 1261 1501 1311 γὰρ
1532 1273 1576 1307 74

184 1351 252 1391 οὐκ
277 1351 374 1390 ἴσως
399 1347 487 1388 οὐδὲ
511 1347 722 1386 πολιτικῶς
756 1341 852 1381 ἔνιοι
883 1339 932 1378 τὰ
963 1334 1046 1376 καθ’
1072 1331 1209 1373 αὑτοὺς
1240 1329 1300 1370 καὶ
1329 1329 1377 1367 τὰ
1407 1326 1502 1366 κατὰ

184 1416 254 1467 τὴν
287 1416 404 1456 πόλιν
436 1410 721 1454 πολιτεύονται·
770 1410 851 1447 πῶς
882 1403 957 1457 γάρ
991 1403 1101 1442 ἐστιν
1132 1400 1222 1439 ἴσον
1253 1395 1401 1435 τούτων
1432 1390 1504 1443 μέν

129 1498 168 1521 20
185 1499 293 1523 τινας
332 1483 375 1522 ἐκ
412 1483 479 1520 τοῦ
518 1474 787 1528 δεσμωτηρίου
823 1471 989 1522 ἥκοντας
1029 1464 1189 1507 ἑαυτοὺς
1227 1463 1398 1515 ἀγνοεῖν,
1434 1457 1506 1508 τὴν

186 1550 304 1591 πόλιν
337 1547 383 1594 δ’,
417 1545 440 1597 ἣ
475 1541 726 1597 προειστήκει
759 1542 836 1580 τῶν
860 1533 1069 1585 Ἑλλήνων
1101 1530 1197 1572 τέως
1231 1528 1293 1569 καὶ
1324 1526 1368 1567 τὸ
1401 1542 1503 1577 πρω-

187 1620 292 1657 τεῖον
317 1614 412 1667 εἶχε,
433 1616 501 1653 νῦν
526 1612 568 1652 ἐν
592 1607 730 1662 ἀδοξίᾳ
754 1605 864 1661 πάσῃ
890 1602 953 1644 καὶ
971 1598 1224 1648 ταπεινότητι
1248 1591 1505 1637 καθεστάναι;

255 1682 400 1722 Πολλὰ
418 1679 547 1719 τοίνυν
573 1676 677 1729 ἔχων
701 1674 759 1715 ἔτι
779 1672 842 1712 καὶ
861 1669 949 1722 περὶ
968 1669 1131 1709 πολλῶν
1151 1664 1275 1705 εἰπεῖν
1293 1659 1507 1709 παύσομαι·
1539 1667 1579 1703 75

192 1748 253 1789 καὶ
281 1749 356 1800 γὰρ
390 1745 433 1786 οὐ
462 1745 595 1796 λόγων
625 1742 754 1794 ἐνδείᾳ
785 1755 851 1790 μοι
882 1738 989 1777 δοκεῖ
1019 1735 1068 1773 τὰ
1099 1727 1295 1783 πράγματ’
1322 1726 1410 1767 οὔτε
1444 1727 1510 1764 νῦν

134 1830 171 1861 25
193 1813 271 1855 οὔτ’
301 1813 447 1854 ἄλλοτε
477 1811 635 1852 πώποτε
665 1806 828 1860 φαύλως
863 1804 984 1857 ἔχειν,
1012 1797 1103 1841 ἀλλ’
1129 1797 1224 1837 ὅταν
1253 1792 1366 1835 πάντ’
1397 1790 1509 1832 ἀκού-

194 1897 336 1922 σαντες
359 1880 467 1930 ὑμεῖς
490 1878 538 1918 τὰ
562 1875 714 1920 δέοντα,
743 1873 804 1913 καὶ
829 1868 1104 1922 ὁμογνώμονες
1129 1864 1179 1905 ὡς
1205 1863 1327 1914 ὀρθῶς
1354 1857 1514 1910 λέγεται

242 1999 255 2019 Ι
290 1989 388 2020 εἰπεῖν
411 1984 465 2025 ἂν]
490 1986 528 2017 ἂν
552 1985 652 2016 εἰπεῖν
668 1981 699 2011 Α
830 1978 959 2018 δοίημεν
977 1975 1042 2006 SA
1059 1972 1158 2003 Vind.
1181 1981 1216 2001 1:
1243 1965 1514 2009 συγχωρήσαιμεν

195 2033 283 2071 vulg.
427 2039 446 2068 5
470 2028 552 2067 μετὰ
567 2025 716 2069 ῥᾳθυμίας
734 2023 757 2054 S
770 2022 794 2053 F
810 2031 918 2053 corn:
944 2020 995 2052 διὰ
1010 2016 1163 2060 ῥᾳθυμίαν
1178 2012 1267 2051 vulg.
1412 2009 1432 2038 8
1454 2005 1514 2046 μὲν

195 2080 274 2107 ante
291 2074 384 2106 πόλει
403 2073 426 2103 S
442 2071 542 2102 Vind.
562 2080 574 2099 1
595 2081 602 2099 :
626 2073 702 2108 post
717 2065 811 2098 πόλει
824 2065 914 2103 vulg.
1003 2072 1024 2100 9
1047 2060 1188 2092 κίνδυνος
1203 2055 1289 2086 SA:
1317 2051 1514 2085 ἐπικίνδυνον

197 2119 286 2158 vulg.
402 2127 441 2146 10
466 2112 581 2155 ἐργάζῃ
593 2112 688 2143 codd.
814 2118 850 2138 11
877 2102 1066 2148 περιεργάζῃ
1079 2101 1175 2133 codd.
1284 2098 1323 2127 16
1348 2096 1399 2127 οὓς
1412 2094 1452 2124 G.
1466 2092 1510 2123 H.

199 2160 384 2193 Schaefer:
409 2161 448 2191 ὡς
465 2157 562 2189 codd.
653 2156 699 2186 δὶς
717 2156 792 2193 post
801 2151 963 2188 Ἕλληνες
980 2147 1058 2178 add.
1071 2145 1159 2183 vulg.
1178 2143 1201 2173 S
1214 2155 1263 2182 γρ.
1283 2151 1289 2170 :
1315 2149 1380 2170 om.
1395 2138 1418 2168 S
1431 2140 1514 2167 text.

197 2205 296 2237 Vind.
324 2213 336 2233 1
517 2210 554 2239 17
588 2199 646 2230 ὑπὸ
670 2200 736 2229 τῶν
759 2194 924 2237 προγόνων
951 2192 1039 2231 ἡμῶν
1064 2188 1132 2228 (vel
1158 2186 1283 2216 omisso
1311 2180 1412 2222 ἡμῶν)
1440 2183 1516 2219 post

200 2248 349 2281 κινδύνων
379 2245 453 2276 add.
482 2244 571 2282 vulg.
604 2242 627 2272 S
653 2251 730 2281 7p.:
765 2248 827 2269 om.
857 2235 936 2268 SAl
1134 2231 1171 2260 18
1207 2228 1288 2260 κατὰ
1314 2227 1375 2263 τὴν
1403 2221 1513 2261 πόλιν]

200 2293 242 2323 τὰ
265 2290 426 2327 καταυτὴν
452 2288 475 2319 S
501 2287 595 2327 (υτην
620 2285 653 2315 in
679 2292 793 2314 rasura
817 2291 860 2311 m.
885 2279 969 2310 antst
1196 2282 1238 2302 20
1269 2270 1406 2307 ἥκοντας
1430 2265 1516 2296 SA:

202 2332 481 2406 vrpoTo'vrgsAvfflg.
659 2337 696 2356 21
732 2325 896 2362 Ἑλλήνων
920 2321 1050 2353 Cobet:
1083 2318 1192 2349 ἄλλων
1216 2312 1381 2351 Ἑλλήνων
1405 2309 1516 2346 vulg.:

202 2379 311 2409 ἄλλων
348 2377 354 2383 ’
