1731 2844
140 136 185 191 11]
551 138 965 177 ΟΛΎΝΘΙΑΚΟΣ
1015 138 1045 174 Β
1495 136 1582 191 [20]

140 244 346 284 ἀδικοῦντα
383 242 666 293 κάπιορκοῦντα
703 240 765 280 καὶ
801 240 1048 292 ψευδόμενον
1085 239 1248 289 δύναμιν
1287 240 1464 289 βεβαίαν

141 308 375 361 κτήσασθαι,
398 309 504 349 ἀλλὰ
523 309 571 348 τὰ
589 307 734 348 τοιαῦτ’
755 308 809 348 εἰς
828 308 900 358 μὲν
920 305 1028 356 ἅπαξ
1051 305 1112 345 καὶ
1137 304 1295 359 βραχὺν
1318 306 1462 358 χρόνον
1495 310 1571 365 [21]

139 375 308 430 ἀντέχει,
340 376 403 416 καὶ
435 375 594 428 σφόδρα
626 374 663 426 γ’
688 373 828 425 ἤνθησ’
856 373 920 413 ἐπὶ
952 377 1037 414 ταῖς
1066 373 1241 418 ἐλπίσιν,
1268 371 1316 412 ἂν
1349 372 1461 428 τύχῃ,

139 447 191 497 τῷ
217 443 347 496 χρόνῳ
374 444 415 483 δὲ
440 445 621 494 φωρᾶται
647 441 708 481 καὶ
733 441 821 493 περὶ
847 441 943 480 αὐτὰ
970 442 1162 491 καταρρεῖ.
1222 439 1357 491 ὥσπερ
1390 440 1465 491 γὰρ

102 524 119 555 5
139 511 275 556 οἰκίας,
304 509 422 560 οἶμαι,
456 509 519 549 καὶ
553 509 693 548 πλοίου
728 508 790 548 καὶ
822 511 900 547 τῶν
928 506 1066 546 ἄλλων
1097 509 1175 546 τῶν
1207 506 1395 546 τοιούτων
1417 507 1465 545 τὰ

141 575 314 617 κάτωθεν
348 574 576 629 ἰσχυρότατ’
607 575 705 616 εἶναι
739 578 809 620 δεῖ,
846 575 944 614 οὕτω
978 574 1040 614 καὶ
1074 577 1150 613 τῶν
1183 570 1364 625 πράξεων
1396 574 1465 614 τὰς

141 643 266 697 ἀρχὰς
287 643 349 683 καὶ
375 644 443 684 τὰς
468 641 678 684 ὑποθέσεις
704 642 865 691 ἀληθεῖς
891 641 953 681 καὶ
973 640 1122 682 δικαίας
1141 639 1240 680 εἶναι
1260 638 1463 691 προσήκει.

140 713 256 750 τοῦτο
280 709 313 750 δ’
339 709 407 749 οὐκ
432 708 491 749 ἔνι
515 713 583 750 νῦν
609 710 652 749 ἐν
677 711 758 750 τοῖς
783 706 1074 760 πεπραγμένοις
1099 707 1304 761 Φιλίππῳ.

207 776 315 827 Φημὶ
340 775 386 826 δὴ
407 778 488 816 δεῖν
506 776 607 827 ἡμᾶς
627 779 708 817 τοῖς
732 777 804 827 μὲν
823 774 1049 816 Ὀλυνθίοις
1074 775 1251 824 βοηθεῖν,
1275 773 1337 813 καὶ
1361 774 1466 814 ὅπως
1502 789 1538 813 11

86 862 124 885 10
142 860 200 885 τις
229 842 339 895 λέγει
368 841 568 882 κάλλιστα
604 842 665 882 καὶ
697 841 882 895 τάχιστα,
910 842 1031 882 οὕτως
1064 839 1223 891 ἀρέσκει
1255 857 1333 890 μοι·
1372 839 1467 890 πρὸς

142 912 183 950 δὲ
205 909 434 951 Θετταλοὺς
461 911 684 960 πρεσβείαν
709 907 890 959 πέμπειν,
911 906 934 957 ἢ
955 907 1045 949 τοὺς
1070 909 1142 958 μὲν
1163 905 1309 956 διδάξει
1333 909 1464 951 ταῦτα,

142 976 232 1018 τοὺς
251 978 293 1016 δὲ
320 974 541 1027 παροξυνεῖ·
581 976 643 1015 καὶ
668 977 742 1027 γὰρ
762 979 832 1015 νῦν
852 976 955 1015 εἰσιν
975 972 1250 1026 ἐψηφισμένοι
1271 974 1467 1024 Παγασὰς

144 1044 323 1083 ἀπαιτεῖν
345 1043 406 1082 καὶ
432 1043 519 1093 περὶ
541 1043 781 1094 Μαγνησίας
806 1042 951 1093 λόγους
976 1042 1189 1080 ποιεῖσθαι.
1251 1041 1469 1079 σκοπεῖσθε
1504 1052 1543 1077 12

144 1108 279 1159 μέντοι
312 1108 427 1155 τοῦτ’,
456 1107 484 1147 ὦ
511 1108 647 1160 ἄνδρες
673 1108 887 1158 Ἀθηναῖοι,
915 1108 1020 1148 ὅπως
1053 1106 1104 1157 μὴ
1139 1107 1281 1158 λόγους
1313 1107 1470 1157 ἐροῦσιν

87 1192 123 1224 15
144 1176 265 1225 μόνον
291 1177 326 1215 οἱ,
352 1175 441 1226 παρ’
462 1175 571 1226 ἡμῶν
601 1174 807 1226 πρέσβεις,
836 1175 942 1213 ἀλλὰ
972 1174 1034 1213 καὶ
1065 1173 1181 1224 ἔργον
1213 1189 1250 1212 τι
1281 1172 1471 1212 δεικνύειν

145 1241 305 1292 ἕξουσιν
340 1241 635 1291 ἐξεληλυθότων
670 1242 776 1291 ὑμῶν
808 1238 926 1289 ἀξίως
958 1242 1026 1290 τῆς
1060 1241 1214 1281 πόλεως
1251 1239 1312 1279 καὶ
1347 1240 1471 1279 ὄντων

145 1308 209 1348 ἐπὶ
235 1312 317 1350 τοῖς
352 1307 594 1360 πράγμασιν,
623 1308 673 1349 ὡς
706 1306 809 1349 ἅπας
840 1309 912 1357 μὲν
942 1307 1074 1358 λόγος,
1101 1305 1150 1346 ἂν
1184 1307 1263 1362 ἀπῇ
1298 1307 1345 1345 τὰ
1373 1304 1469 1357 πρά-

145 1392 285 1427 γματα,
315 1373 480 1425 μάταιόν
509 1391 547 1414 τι
578 1375 764 1426 φαίνεται·
792 1373 854 1413 καὶ
884 1374 1009 1419 κενόν,
1040 1372 1216 1423 μάλιστα
1249 1372 1281 1411 δ’
1315 1373 1336 1411 ὁ
1369 1372 1472 1423 παρὰ

144 1443 212 1492 τῆς
244 1441 433 1493 ἡμετέρας
468 1442 635 1482 πόλεως·
673 1441 756 1495 ὅσῳ
791 1441 866 1492 γὰρ
898 1439 1116 1490 ἑτοιμότατ’
1149 1439 1250 1493 αὐτῷ
1284 1441 1472 1488 δοκοῦμεν

86 1529 126 1551 20
145 1510 332 1561 χρῆσθαι,
355 1508 532 1562 τοσούτῳ
557 1510 713 1559 μᾶλλον
739 1508 956 1547 ἀπιστοῦσι
977 1506 1120 1548 πάντες
1139 1505 1254 1560 αὐτῷ.
1315 1504 1472 1554 πολλὴν
1507 1519 1547 1553 13

146 1573 190 1624 δὴ
225 1574 296 1625 τὴν
329 1574 576 1625 μετάστασιν
610 1574 673 1614 καὶ
706 1573 885 1626 μεγάλην
917 1572 1090 1614 δεικτέον
1122 1573 1192 1622 τὴν
1228 1570 1470 1622 μεταβολήν,

145 1640 421 1694 εἰσφέροντας,
451 1640 641 1692 ἐξιόντας,
669 1639 825 1681 ἅπαντα
849 1644 1058 1681 ποιοῦντας
1084 1640 1260 1690 ἑτοίμως,
1283 1640 1391 1690 εἴπερ
1416 1655 1473 1679 τις

144 1708 235 1758 ὑμῖν
260 1707 448 1761 προσέξει
472 1708 541 1749 τὸν
567 1711 670 1749 νοῦν.
743 1706 813 1748 κᾶν
837 1706 942 1747 ταῦτ’
968 1705 1180 1756 ἐθελήσηθ’
1207 1705 1257 1747 ὡς
1282 1703 1473 1757 προσήκει

147 1775 210 1815 καὶ
242 1774 287 1825 δὴ
322 1775 534 1827 περαίνειν,
568 1774 613 1815 οὐ
645 1774 781 1826 μόνον,
813 1772 843 1813 ὦ
875 1773 1013 1826 ἄνδρες
1046 1772 1261 1823 Ἀθηναῖοι,
1297 1773 1344 1811 τὰ
1378 1789 1474 1822 συμ-

87 1859 125 1892 25
145 1843 295 1894 μαχικᾶ
327 1842 506 1883 ἀσθενῶς
541 1842 602 1881 καὶ
635 1841 812 1883 ἀπίστως
847 1840 991 1894 ἔχοντα
1021 1838 1244 1892 φανήσεται
1269 1839 1471 1892 Φιλίππῳ,

145 1908 253 1948 ἀλλὰ
279 1909 342 1949 καὶ
366 1910 415 1949 τὰ
440 1910 508 1959 τῆς
534 1909 678 1950 οἰκείας
704 1908 830 1961 ἀρχῆς
861 1907 924 1948 καὶ
954 1906 1152 1958 δυνάμεως
1186 1909 1309 1947 κακῶς
1342 1904 1472 1957 ἔχοντ’
1505 1903 1590 1959 [22]

147 1973 496 2028 ἐξελεγχθήσεται.

205 2039 344 2084 “Όλως
375 2044 449 2093 μὲν
473 2041 595 2094 γὰρὴ
624 2040 873 2091 Μακεδονικὴ
906 2041 1067 2091 δύναμις
1099 2040 1161 2080 καὶ
1194 2038 1297 2092 ἀρχὴ
1328 2039 1370 2078 ἐν
1403 2038 1475 2087 μὲν
1509 2053 1551 2086 14

146 2107 350 2165 προσθήκῃ
384 2110 493 2161 μερίς
528 2109 620 2149 ε’στί
649 2124 706 2149 τις
740 2108 784 2148 οὐ
816 2106 947 2159 μικρά,
975 2108 1058 2147 οῖον
1092 2104 1241 2158 ὑπῆρξέ
1274 2103 1361 2145 ποθ’
1386 2104 1475 2154 ὑμῖν

86 2194 126 2226 30
146 2174 210 2216 ἐπὶ
237 2174 433 2226 Τιμοθέου
466 2174 563 2227 πρὸς
586 2175 833 2216 Ὀλυνθίους·
872 2173 993 2214 πάλιν
1027 2174 1074 2214 αῦ
1108 2172 1204 2225 πρὸς
1238 2171 1476 2211 Ποτείδαιαν

194 2295 230 2324 17
255 2284 441 2327 πράγματα]
462 2285 540 2326 ἔργα
556 2284 628 2315 AY
756 2294 798 2315 20
823 2286 907 2324 αὐτῷ
925 2283 1003 2314 secl.
1026 2282 1231 2320 Rosenberg
1349 2290 1385 2309 21
1414 2279 1475 2317 τὴν

145 2328 337 2367 μεταβολήν
353 2329 432 2360 secl.
453 2329 580 2360 Cobet:
607 2332 724 2358 tuetur
742 2327 861 2358 Isidor.
880 2328 911 2357 iv
933 2328 971 2357 18
1071 2336 1111 2363 24
1137 2326 1174 2363 δὴ
1193 2325 1217 2355 S
1235 2334 1320 2355 corr.
1339 2334 1387 2362 pr.
1409 2333 1450 2352 m.
1467 2333 1474 2351 ε

146 2372 234 2445 Ξῖΐδὲ
251 2372 338 2411 vulg.
504 2382 545 2411 29
569 2372 733 2413 προσθήκῃ
750 2371 837 2412 μερίς
856 2371 879 2401 S
893 2370 917 2400 F
930 2370 956 2400 B
972 2382 977 2400 :
1004 2368 1184 2410 προσθήκης
1201 2367 1288 2409 μέρει
1306 2366 1411 2405 vulg„
1429 2365 1469 2396 cs.

192 2477 378 2507 mamosnz„
399 2477 475 2498 vox..
498 2477 518 2499 1.
1325 2464 1343 2493 2
