<?xml version="1.0" encoding="UTF-8"?>
<!DOCTYPE html PUBLIC "-//W3C//DTD XHTML 1.0 Transitional//EN"
    "http://www.w3.org/TR/xhtml1/DTD/xhtml1-transitional.dtd">
<html xmlns="http://www.w3.org/1999/xhtml" xml:lang="en" lang="en">
 <head>
  <title>
</title>
<meta http-equiv="Content-Type" content="text/html;charset=utf-8" />
  <meta name='ocr-system' content='tesseract 3.04.00' />
  <meta name='ocr-capabilities' content='ocr_page ocr_carea ocr_par ocr_line ocrx_word'/>
</head>
<body>
  <div class='ocr_page' id='page_1' title='image "./orationesrecogno01demouoft_0130.png"; bbox 0 0 1763 2828; ppageno 0'>
   <div class='ocr_carea' id='block_1_1' title="bbox 126 145 223 199">
    <p class='ocr_par' dir='ltr' id='par_1_1' title="bbox 126 145 223 199">
     <span class='ocr_line' id='line_1_1' title="bbox 126 145 223 199; baseline 0 0"><span class='ocrx_word' id='word_1_1' title='bbox 126 145 223 199; x_wconf 81' lang='lat'><em>[112]</em></span> 
     </span>
    </p>
   </div>
   <div class='ocr_carea' id='block_1_2' title="bbox 129 1545 227 1645">
    <p class='ocr_par' dir='ltr' id='par_1_2' title="bbox 129 1545 227 1645">
     <span class='ocr_line' id='line_1_2' title="bbox 129 1545 225 1601; baseline -0.01 0"><span class='ocrx_word' id='word_1_2' title='bbox 129 1545 225 1601; x_wconf 85' lang='lat'><strong>[113]</strong></span> 
     </span>
     <span class='ocr_line' id='line_1_3' title="bbox 205 1611 227 1645; baseline 0 0"><span class='ocrx_word' id='word_1_3' title='bbox 205 1611 227 1645; x_wconf 89' lang='lat'>9</span> 
     </span>
    </p>
   </div>
   <div class='ocr_carea' id='block_1_3' title="bbox 683 138 1579 193">
    <p class='ocr_par' dir='ltr' id='par_1_3' title="bbox 683 138 1579 193">
     <span class='ocr_line' id='line_1_4' title="bbox 683 138 1579 193; baseline 0.001 -12"><span class='ocrx_word' id='word_1_4' title='bbox 683 142 1171 181; x_wconf 74' lang='grc' dir='ltr'>ΔΗΜΟΣΘΕΝΟὙΣ</span> <span class='ocrx_word' id='word_1_5' title='bbox 1521 138 1579 193; x_wconf 88' lang='lat' dir='ltr'>[1x</span> 
     </span>
    </p>
   </div>
   <div class='ocr_carea' id='block_1_4' title="bbox 254 247 1585 492">
    <p class='ocr_par' dir='ltr' id='par_1_4' title="bbox 254 247 1582 433">
     <span class='ocr_line' id='line_1_5' title="bbox 256 247 1580 301; baseline 0.002 -14"><span class='ocrx_word' id='word_1_6' title='bbox 256 247 302 298; x_wconf 79' lang='grc' dir='ltr'>ἦν</span> <span class='ocrx_word' id='word_1_7' title='bbox 328 248 424 288; x_wconf 80' lang='grc' dir='ltr'>αὐτὰ</span> <span class='ocrx_word' id='word_1_8' title='bbox 449 248 636 299; x_wconf 74' lang='grc' dir='ltr'>γενέσθαι</span> <span class='ocrx_word' id='word_1_9' title='bbox 660 247 824 298; x_wconf 77' lang='grc' dir='ltr'>βελτίω.</span> <span class='ocrx_word' id='word_1_10' title='bbox 885 251 951 287; x_wconf 85' lang='grc' dir='ltr'>νῦν</span> <span class='ocrx_word' id='word_1_11' title='bbox 978 249 1019 287; x_wconf 84' lang='grc' dir='ltr'>δὲ</span> <span class='ocrx_word' id='word_1_12' title='bbox 1044 249 1113 297; x_wconf 88' lang='grc' dir='ltr'>τῆς</span> <span class='ocrx_word' id='word_1_13' title='bbox 1137 248 1327 301; x_wconf 79' lang='grc' dir='ltr'>ῥᾳθυμίας</span> <span class='ocrx_word' id='word_1_14' title='bbox 1351 249 1420 298; x_wconf 86' lang='grc' dir='ltr'>τῆς</span> <span class='ocrx_word' id='word_1_15' title='bbox 1444 247 1580 299; x_wconf 80' lang='grc' dir='ltr'>ὑμετέ-</span> 
     </span>
     <span class='ocr_line' id='line_1_6' title="bbox 254 313 1582 366; baseline 0 -12"><span class='ocrx_word' id='word_1_16' title='bbox 254 330 325 366; x_wconf 99' lang='grc' dir='ltr'>ρας</span> <span class='ocrx_word' id='word_1_17' title='bbox 362 315 424 354; x_wconf 83' lang='grc' dir='ltr'>καὶ</span> <span class='ocrx_word' id='word_1_18' title='bbox 455 316 524 364; x_wconf 84' lang='grc' dir='ltr'>τῆς</span> <span class='ocrx_word' id='word_1_19' title='bbox 560 314 725 365; x_wconf 82' lang='grc' dir='ltr'>ἀμελίας</span> <span class='ocrx_word' id='word_1_20' title='bbox 763 313 973 365; x_wconf 86' lang='grc' dir='ltr'>κεκράτηκε</span> <span class='ocrx_word' id='word_1_21' title='bbox 1008 314 1223 361; x_wconf 86' lang='grc' dir='ltr'>Φίλιππος,</span> <span class='ocrx_word' id='word_1_22' title='bbox 1255 316 1324 364; x_wconf 86' lang='grc' dir='ltr'>τῆς</span> <span class='ocrx_word' id='word_1_23' title='bbox 1359 315 1514 356; x_wconf 89' lang='grc' dir='ltr'>πόλεως</span> <span class='ocrx_word' id='word_1_24' title='bbox 1550 313 1582 354; x_wconf 85' lang='grc' dir='ltr'>δ’</span> 
     </span>
     <span class='ocr_line' id='line_1_7' title="bbox 256 379 1509 433; baseline 0.002 -13"><span class='ocrx_word' id='word_1_25' title='bbox 256 381 300 420; x_wconf 87' lang='grc' dir='ltr'>οὐ</span> <span class='ocrx_word' id='word_1_26' title='bbox 327 380 573 433; x_wconf 83' lang='grc' dir='ltr'>κεκράτηκεν·</span> <span class='ocrx_word' id='word_1_27' title='bbox 613 380 693 420; x_wconf 80' lang='grc' dir='ltr'>οὐδ’</span> <span class='ocrx_word' id='word_1_28' title='bbox 719 379 883 430; x_wconf 81' lang='grc' dir='ltr'>ἥττησθ’</span> <span class='ocrx_word' id='word_1_29' title='bbox 907 381 1028 430; x_wconf 84' lang='grc' dir='ltr'>ὑμεῖς,</span> <span class='ocrx_word' id='word_1_30' title='bbox 1057 379 1149 420; x_wconf 80' lang='grc' dir='ltr'>ἀλλ’</span> <span class='ocrx_word' id='word_1_31' title='bbox 1174 379 1262 421; x_wconf 80' lang='grc' dir='ltr'>οὐδὲ</span> <span class='ocrx_word' id='word_1_32' title='bbox 1288 382 1509 432; x_wconf 83' lang='grc' dir='ltr'>κεκίνησθε.</span> 
     </span>
    </p>

    <p class='ocr_par' dir='ltr' id='par_1_5' title="bbox 310 440 1585 492">
     <span class='ocr_line' id='line_1_8' title="bbox 310 440 1585 492; baseline 0.002 -15"><span class='ocrx_word' id='word_1_33' title='bbox 310 443 355 478; x_wconf 86' lang='grc' dir='ltr'>Εἰ</span> <span class='ocrx_word' id='word_1_34' title='bbox 374 443 442 490; x_wconf 83' lang='grc' dir='ltr'>μὲν</span> <span class='ocrx_word' id='word_1_35' title='bbox 462 440 525 478; x_wconf 74' lang='grc' dir='ltr'>οὖν</span> <span class='ocrx_word' id='word_1_36' title='bbox 544 441 701 479; x_wconf 80' lang='grc' dir='ltr'>ἅπαντες</span> <span class='ocrx_word' id='word_1_37' title='bbox 721 441 985 491; x_wconf 79' lang='grc' dir='ltr'>ὡμολογοῦμεν</span> <span class='ocrx_word' id='word_1_38' title='bbox 1005 440 1194 478; x_wconf 86' lang='grc' dir='ltr'>Φίλιππον</span> <span class='ocrx_word' id='word_1_39' title='bbox 1214 443 1261 492; x_wconf 80' lang='grc' dir='ltr'>τῇ</span> <span class='ocrx_word' id='word_1_40' title='bbox 1279 441 1388 479; x_wconf 87' lang='grc' dir='ltr'>πόλει</span> <span class='ocrx_word' id='word_1_41' title='bbox 1407 443 1585 491; x_wconf 80' lang='grc' dir='ltr'>πολεμεῖν</span> 
     </span>
    </p>
   </div>
   <div class='ocr_carea' id='block_1_5' title="bbox 255 494 1622 547">
    <p class='ocr_par' dir='ltr' id='par_1_6' title="bbox 255 494 1622 547">
     <span class='ocr_line' id='line_1_9' title="bbox 303 494 1507 509; baseline -0.001 -2"><span class='ocrx_word' id='word_1_42' title='bbox 303 494 312 507; x_wconf 57' lang='lat' dir='ltr'>K</span> <span class='ocrx_word' id='word_1_43' title='bbox 361 494 371 507; x_wconf 61' lang='lat' dir='ltr'>X</span> <span class='ocrx_word' id='word_1_44' title='bbox 442 497 450 508; x_wconf 66' lang='lat'><em>2</em></span> <span class='ocrx_word' id='word_1_45' title='bbox 488 495 497 507; x_wconf 92' lang='lat' dir='ltr'><em>l</em></span> <span class='ocrx_word' id='word_1_46' title='bbox 748 494 759 506; x_wconf 85' lang='grc' dir='ltr'><em>Ι</em></span> <span class='ocrx_word' id='word_1_47' title='bbox 891 496 901 509; x_wconf 62' lang='lat'><em>2</em></span> <span class='ocrx_word' id='word_1_48' title='bbox 931 496 941 507; x_wconf 60' lang='grc' dir='ltr'><strong>Χ</strong></span> <span class='ocrx_word' id='word_1_49' title='bbox 994 495 1009 508; x_wconf 70' lang='lat'>⁵!</span> <span class='ocrx_word' id='word_1_50' title='bbox 1066 494 1073 508; x_wconf 68' lang='lat'><em>2</em></span> <span class='ocrx_word' id='word_1_51' title='bbox 1096 494 1110 507; x_wconf 70' lang='lat' dir='ltr'>&#39;l</span> <span class='ocrx_word' id='word_1_52' title='bbox 1208 495 1217 506; x_wconf 53' lang='lat' dir='ltr'>N</span> <span class='ocrx_word' id='word_1_53' title='bbox 1365 495 1374 507; x_wconf 83' lang='grc' dir='ltr'><em>Ι</em></span> <span class='ocrx_word' id='word_1_54' title='bbox 1497 496 1507 509; x_wconf 76' lang='grc' dir='ltr'><em>Ι</em></span> 
     </span>
     <span class='ocr_line' id='line_1_10' title="bbox 255 494 1622 547; baseline 0.001 -15"><span class='ocrx_word' id='word_1_55' title='bbox 255 512 314 532; x_wconf 90' lang='grc' dir='ltr'>και</span> <span class='ocrx_word' id='word_1_56' title='bbox 333 512 400 543; x_wconf 89' lang='grc' dir='ltr'>την</span> <span class='ocrx_word' id='word_1_57' title='bbox 421 511 565 544; x_wconf 91' lang='grc' dir='ltr'>ειρηνην</span> <span class='ocrx_word' id='word_1_58' title='bbox 585 495 840 543; x_wconf 88' lang='grc' dir='ltr'>παραβαινειν,</span> <span class='ocrx_word' id='word_1_59' title='bbox 862 494 966 532; x_wconf 86' lang='grc' dir='ltr'>ουδεν</span> <span class='ocrx_word' id='word_1_60' title='bbox 987 496 1064 532; x_wconf 86' lang='grc' dir='ltr'>αλλ</span> <span class='ocrx_word' id='word_1_61' title='bbox 1093 494 1162 532; x_wconf 85' lang='grc' dir='ltr'>εδει</span> <span class='ocrx_word' id='word_1_62' title='bbox 1181 511 1245 533; x_wconf 92' lang='grc' dir='ltr'>τον</span> <span class='ocrx_word' id='word_1_63' title='bbox 1263 512 1442 544; x_wconf 89' lang='grc' dir='ltr'>παριοντα</span> <span class='ocrx_word' id='word_1_64' title='bbox 1461 498 1585 547; x_wconf 87' lang='grc' dir='ltr'>λεγειν</span> <span class='ocrx_word' id='word_1_65' title='bbox 1604 509 1622 541; x_wconf 91' lang='grc'>5</span> 
     </span>
    </p>
   </div>
   <div class='ocr_carea' id='block_1_6' title="bbox 253 548 1589 2026">
    <p class='ocr_par' dir='ltr' id='par_1_7' title="bbox 253 548 1589 2026">
     <span class='ocr_line' id='line_1_11' title="bbox 256 548 1585 600; baseline 0.001 -14"><span class='ocrx_word' id='word_1_66' title='bbox 256 549 315 587; x_wconf 82' lang='grc' dir='ltr'>καὶ</span> <span class='ocrx_word' id='word_1_67' title='bbox 335 549 609 598; x_wconf 82' lang='grc' dir='ltr'>συμβουλεύειν</span> <span class='ocrx_word' id='word_1_68' title='bbox 628 548 652 598; x_wconf 82' lang='grc' dir='ltr'>ἦ</span> <span class='ocrx_word' id='word_1_69' title='bbox 672 548 768 588; x_wconf 80' lang='grc' dir='ltr'>ὅπως</span> <span class='ocrx_word' id='word_1_70' title='bbox 788 549 1067 597; x_wconf 85' lang='grc' dir='ltr'>ἀσφαλέστατα</span> <span class='ocrx_word' id='word_1_71' title='bbox 1088 549 1147 586; x_wconf 82' lang='grc' dir='ltr'>καὶ</span> <span class='ocrx_word' id='word_1_72' title='bbox 1167 549 1273 600; x_wconf 74' lang='grc' dir='ltr'>ῥᾷστ’</span> <span class='ocrx_word' id='word_1_73' title='bbox 1295 549 1406 587; x_wconf 82' lang='grc' dir='ltr'>αὐτὸν</span> <span class='ocrx_word' id='word_1_74' title='bbox 1429 550 1585 599; x_wconf 85' lang='grc' dir='ltr'>ἀμυνού-</span> 
     </span>
     <span class='ocr_line' id='line_1_12' title="bbox 253 602 1585 653; baseline 0.001 -12"><span class='ocrx_word' id='word_1_75' title='bbox 253 603 360 653; x_wconf 86' lang='grc' dir='ltr'>μεθα·</span> <span class='ocrx_word' id='word_1_76' title='bbox 393 603 516 651; x_wconf 84' lang='grc' dir='ltr'>ἐπειδὴ</span> <span class='ocrx_word' id='word_1_77' title='bbox 537 603 566 640; x_wconf 83' lang='grc' dir='ltr'>δ’</span> <span class='ocrx_word' id='word_1_78' title='bbox 586 603 698 643; x_wconf 79' lang='grc' dir='ltr'>οὕτως</span> <span class='ocrx_word' id='word_1_79' title='bbox 718 603 861 643; x_wconf 80' lang='grc' dir='ltr'>ἀτόπως</span> <span class='ocrx_word' id='word_1_80' title='bbox 881 603 967 640; x_wconf 84' lang='grc' dir='ltr'>ἔνιοι</span> <span class='ocrx_word' id='word_1_81' title='bbox 987 602 1194 647; x_wconf 81' lang='grc' dir='ltr'>διάκεινται,</span> <span class='ocrx_word' id='word_1_82' title='bbox 1218 603 1313 640; x_wconf 85' lang='grc' dir='ltr'>ὥστε</span> <span class='ocrx_word' id='word_1_83' title='bbox 1332 603 1460 644; x_wconf 82' lang='grc' dir='ltr'>πόλεις</span> <span class='ocrx_word' id='word_1_84' title='bbox 1480 620 1585 642; x_wconf 90' lang='grc' dir='ltr'>κατα-</span> 
     </span>
     <span class='ocr_line' id='line_1_13' title="bbox 254 657 1585 708; baseline 0.002 -13"><span class='ocrx_word' id='word_1_85' title='bbox 254 658 517 707; x_wconf 82' lang='grc' dir='ltr'>λαμβάνοντος</span> <span class='ocrx_word' id='word_1_86' title='bbox 537 657 675 695; x_wconf 84' lang='grc' dir='ltr'>ἐκείνου</span> <span class='ocrx_word' id='word_1_87' title='bbox 696 658 756 694; x_wconf 84' lang='grc' dir='ltr'>καὶ</span> <span class='ocrx_word' id='word_1_88' title='bbox 767 658 897 694; x_wconf 80' lang='grc' dir='ltr'>πολλὰ.</span> <span class='ocrx_word' id='word_1_89' title='bbox 914 660 986 695; x_wconf 85' lang='grc' dir='ltr'>τῶν</span> <span class='ocrx_word' id='word_1_90' title='bbox 1000 657 1183 706; x_wconf 76' lang='grc' dir='ltr'>ὑμετέρων</span> <span class='ocrx_word' id='word_1_91' title='bbox 1204 657 1351 708; x_wconf 83' lang='grc' dir='ltr'>ἔχοντος</span> <span class='ocrx_word' id='word_1_92' title='bbox 1372 658 1430 695; x_wconf 85' lang='grc' dir='ltr'>καὶ</span> <span class='ocrx_word' id='word_1_93' title='bbox 1445 658 1585 698; x_wconf 80' lang='grc' dir='ltr'>πάντας</span> 
     </span>
     <span class='ocr_line' id='line_1_14' title="bbox 256 710 1585 763; baseline 0 -13"><span class='ocrx_word' id='word_1_94' title='bbox 256 711 466 761; x_wconf 82' lang='grc' dir='ltr'>ἀνθρώπους</span> <span class='ocrx_word' id='word_1_95' title='bbox 479 712 689 751; x_wconf 81' lang='grc' dir='ltr'>ἀδικοῦντος</span> <span class='ocrx_word' id='word_1_96' title='bbox 703 710 907 761; x_wconf 83' lang='grc' dir='ltr'>ἀνέχεσθαί</span> <span class='ocrx_word' id='word_1_97' title='bbox 913 728 1021 749; x_wconf 88' lang='grc' dir='ltr'>τινων</span> <span class='ocrx_word' id='word_1_98' title='bbox 1034 714 1073 748; x_wconf 87' lang='grc' dir='ltr'>ἐν</span> <span class='ocrx_word' id='word_1_99' title='bbox 1080 713 1158 751; x_wconf 81' lang='grc' dir='ltr'>ταῖς</span> <span class='ocrx_word' id='word_1_100' title='bbox 1172 712 1388 760; x_wconf 84' lang='grc' dir='ltr'>ἐκκλησίαις</span> <span class='ocrx_word' id='word_1_101' title='bbox 1399 712 1585 763; x_wconf 86' lang='grc' dir='ltr'>λεγόντων</span> 
     </span>
     <span class='ocr_line' id='line_1_15' title="bbox 254 766 1584 817; baseline 0 -14"><span class='ocrx_word' id='word_1_102' title='bbox 254 766 438 803; x_wconf 77' lang='grc' dir='ltr'>πολλάκις</span> <span class='ocrx_word' id='word_1_103' title='bbox 457 767 503 805; x_wconf 85' lang='grc' dir='ltr'>ὡς</span> <span class='ocrx_word' id='word_1_104' title='bbox 526 767 629 815; x_wconf 83' lang='grc' dir='ltr'>ἡμῶν</span> <span class='ocrx_word' id='word_1_105' title='bbox 651 766 744 805; x_wconf 84' lang='grc' dir='ltr'>τινές</span> <span class='ocrx_word' id='word_1_106' title='bbox 768 768 862 803; x_wconf 89' lang='grc' dir='ltr'>εἰσιν</span> <span class='ocrx_word' id='word_1_107' title='bbox 885 767 919 803; x_wconf 79' lang='grc' dir='ltr'>οἱ</span> <span class='ocrx_word' id='word_1_108' title='bbox 944 767 1132 805; x_wconf 76' lang='grc' dir='ltr'>ποιοῦντες</span> <span class='ocrx_word' id='word_1_109' title='bbox 1156 766 1220 803; x_wconf 88' lang='grc' dir='ltr'>τὸν</span> <span class='ocrx_word' id='word_1_110' title='bbox 1242 766 1419 814; x_wconf 86' lang='grc' dir='ltr'>πόλεμον,</span> <span class='ocrx_word' id='word_1_111' title='bbox 1442 766 1584 817; x_wconf 80' lang='grc' dir='ltr'>ἀνάγκη</span> 
     </span>
     <span class='ocr_line' id='line_1_16' title="bbox 256 818 1583 872; baseline 0 -15"><span class='ocrx_word' id='word_1_112' title='bbox 256 818 514 868; x_wconf 75' lang='grc' dir='ltr'>φυλάττεσθαι</span> <span class='ocrx_word' id='word_1_113' title='bbox 535 819 595 857; x_wconf 79' lang='grc' dir='ltr'>καὶ</span> <span class='ocrx_word' id='word_1_114' title='bbox 615 818 853 868; x_wconf 77' lang='grc' dir='ltr'>διορθοῦσθαι</span> <span class='ocrx_word' id='word_1_115' title='bbox 872 819 955 868; x_wconf 82' lang='grc' dir='ltr'>περὶ</span> <span class='ocrx_word' id='word_1_116' title='bbox 973 820 1116 857; x_wconf 85' lang='grc' dir='ltr'>τούτου·</span> <span class='ocrx_word' id='word_1_117' title='bbox 1149 820 1230 857; x_wconf 81' lang='grc' dir='ltr'>ἔστι</span> <span class='ocrx_word' id='word_1_118' title='bbox 1250 821 1322 872; x_wconf 82' lang='grc' dir='ltr'>γὰρ</span> <span class='ocrx_word' id='word_1_119' title='bbox 1342 819 1422 859; x_wconf 84' lang='grc' dir='ltr'>δέος</span> <span class='ocrx_word' id='word_1_120' title='bbox 1445 819 1583 869; x_wconf 76' lang='grc' dir='ltr'>μήποθ’</span> 
     </span>
     <span class='ocr_line' id='line_1_17' title="bbox 255 873 1585 925; baseline 0.001 -15"><span class='ocrx_word' id='word_1_121' title='bbox 255 875 301 913; x_wconf 88' lang='grc' dir='ltr'>ὡς</span> <span class='ocrx_word' id='word_1_122' title='bbox 322 873 556 923; x_wconf 82' lang='grc' dir='ltr'>ἀμυνούμεθα</span> <span class='ocrx_word' id='word_1_123' title='bbox 575 873 721 925; x_wconf 81' lang='grc' dir='ltr'>γράψας</span> <span class='ocrx_word' id='word_1_124' title='bbox 739 889 794 913; x_wconf 89' lang='grc' dir='ltr'>τις</span> <span class='ocrx_word' id='word_1_125' title='bbox 814 873 873 911; x_wconf 83' lang='grc' dir='ltr'>καὶ</span> <span class='ocrx_word' id='word_1_126' title='bbox 894 874 1186 922; x_wconf 82' lang='grc' dir='ltr'>συμβουλεύσας</span> <span class='ocrx_word' id='word_1_127' title='bbox 1213 875 1262 914; x_wconf 88' lang='grc' dir='ltr'>εἷς</span> <span class='ocrx_word' id='word_1_128' title='bbox 1287 874 1355 922; x_wconf 84' lang='grc' dir='ltr'>τὴν</span> <span class='ocrx_word' id='word_1_129' title='bbox 1381 875 1499 911; x_wconf 79' lang='grc' dir='ltr'>αἰτίαν</span> <span class='ocrx_word' id='word_1_130' title='bbox 1523 877 1585 923; x_wconf 86' lang='grc' dir='ltr'>ἐμ-</span> 
     </span>
     <span class='ocr_line' id='line_1_18' title="bbox 255 923 1585 979; baseline 0.001 -15"><span class='ocrx_word' id='word_1_131' title='bbox 255 929 354 978; x_wconf 88' lang='grc' dir='ltr'>πέσῃ</span> <span class='ocrx_word' id='word_1_132' title='bbox 388 930 453 965; x_wconf 81' lang='grc' dir='ltr'>τοῦ</span> <span class='ocrx_word' id='word_1_133' title='bbox 484 928 722 976; x_wconf 85' lang='grc' dir='ltr'>πεποιηκέναι</span> <span class='ocrx_word' id='word_1_134' title='bbox 754 927 819 965; x_wconf 84' lang='grc' dir='ltr'>τὸν</span> <span class='ocrx_word' id='word_1_135' title='bbox 855 927 1035 977; x_wconf 86' lang='grc' dir='ltr'>πόλεμον.</span> <span class='ocrx_word' id='word_1_136' title='bbox 1096 923 1185 979; x_wconf 85' lang='grc' dir='ltr'>[ἐγὼ</span> <span class='ocrx_word' id='word_1_137' title='bbox 1224 927 1267 976; x_wconf 85' lang='grc' dir='ltr'>δὴ</span> <span class='ocrx_word' id='word_1_138' title='bbox 1300 930 1408 966; x_wconf 77' lang='grc' dir='ltr'>τοῦτο</span> <span class='ocrx_word' id='word_1_139' title='bbox 1441 931 1585 977; x_wconf 84' lang='grc' dir='ltr'>πρῶτον</span> 
     </span>
     <span class='ocr_line' id='line_1_19' title="bbox 258 980 1585 1034; baseline 0.002 -16"><span class='ocrx_word' id='word_1_140' title='bbox 258 983 426 1020; x_wconf 83' lang='grc' dir='ltr'>ἁπάντων</span> <span class='ocrx_word' id='word_1_141' title='bbox 454 982 553 1034; x_wconf 85' lang='grc' dir='ltr'>λέγω</span> <span class='ocrx_word' id='word_1_142' title='bbox 579 982 638 1019; x_wconf 82' lang='grc' dir='ltr'>καὶ</span> <span class='ocrx_word' id='word_1_143' title='bbox 662 980 875 1031; x_wconf 79' lang='grc' dir='ltr'>διορίζομαι·</span> <span class='ocrx_word' id='word_1_144' title='bbox 908 983 938 1019; x_wconf 85' lang='grc' dir='ltr'>εἷ</span> <span class='ocrx_word' id='word_1_145' title='bbox 962 980 1021 1029; x_wconf 83' lang='grc' dir='ltr'>ἐφ’</span> <span class='ocrx_word' id='word_1_146' title='bbox 1041 982 1129 1031; x_wconf 84' lang='grc' dir='ltr'>ἡμῖν</span> <span class='ocrx_word' id='word_1_147' title='bbox 1158 984 1239 1019; x_wconf 90' lang='grc' dir='ltr'>ε’στι</span> <span class='ocrx_word' id='word_1_148' title='bbox 1267 982 1309 1019; x_wconf 87' lang='grc' dir='ltr'>τὸ</span> <span class='ocrx_word' id='word_1_149' title='bbox 1335 982 1585 1029; x_wconf 88' lang='grc' dir='ltr'>βουλεύεσθαι</span> 
     </span>
     <span class='ocr_line' id='line_1_20' title="bbox 257 1040 1588 1096; baseline 0.002 -15"><span class='ocrx_word' id='word_1_150' title='bbox 257 1044 341 1093; x_wconf 82' lang='grc' dir='ltr'>περὶ</span> <span class='ocrx_word' id='word_1_151' title='bbox 368 1046 434 1082; x_wconf 80' lang='grc' dir='ltr'>τοῦ</span> <span class='ocrx_word' id='word_1_152' title='bbox 461 1044 619 1094; x_wconf 88' lang='grc' dir='ltr'>πότερον</span> <span class='ocrx_word' id='word_1_153' title='bbox 644 1044 790 1094; x_wconf 81' lang='grc' dir='ltr'>εἰρήνην</span> <span class='ocrx_word' id='word_1_154' title='bbox 816 1044 918 1096; x_wconf 78' lang='grc' dir='ltr'>ἄγειν</span> <span class='ocrx_word' id='word_1_155' title='bbox 942 1042 966 1093; x_wconf 82' lang='grc' dir='ltr'>ἢ</span> <span class='ocrx_word' id='word_1_156' title='bbox 988 1046 1166 1094; x_wconf 81' lang='grc' dir='ltr'>πολεμεῖν</span> <span class='ocrx_word' id='word_1_157' title='bbox 1195 1044 1275 1082; x_wconf 85' lang='grc' dir='ltr'>δεῖ.</span> <span class='ocrx_word' id='word_1_158' title='bbox 1300 1074 1307 1082; x_wconf 95' lang='grc'><strong>.</strong></span> <span class='ocrx_word' id='word_1_159' title='bbox 1331 1040 1372 1096; x_wconf 87' lang='lat'>..]</span> <span class='ocrx_word' id='word_1_160' title='bbox 1432 1043 1481 1082; x_wconf 82' lang='grc' dir='ltr'>Εἰ</span> <span class='ocrx_word' id='word_1_161' title='bbox 1513 1044 1588 1094; x_wconf 76' lang='grc' dir='ltr'>μὲν</span> 
     </span>
     <span class='ocr_line' id='line_1_21' title="bbox 257 1108 1583 1166; baseline 0 -17"><span class='ocrx_word' id='word_1_162' title='bbox 257 1109 326 1150; x_wconf 67' lang='grc' dir='ltr'>οὖν</span> <span class='ocrx_word' id='word_1_163' title='bbox 345 1109 502 1161; x_wconf 78' lang='grc' dir='ltr'>ἔξεστιν</span> <span class='ocrx_word' id='word_1_164' title='bbox 522 1108 680 1162; x_wconf 83' lang='grc' dir='ltr'>εἰρήνην</span> <span class='ocrx_word' id='word_1_165' title='bbox 705 1108 816 1162; x_wconf 81' lang='grc' dir='ltr'>ἄγειν</span> <span class='ocrx_word' id='word_1_166' title='bbox 839 1115 888 1166; x_wconf 84' lang='grc' dir='ltr'>τῇ</span> <span class='ocrx_word' id='word_1_167' title='bbox 912 1109 1028 1150; x_wconf 90' lang='grc' dir='ltr'>πόλει</span> <span class='ocrx_word' id='word_1_168' title='bbox 1055 1109 1117 1149; x_wconf 86' lang='grc' dir='ltr'>καὶ</span> <span class='ocrx_word' id='word_1_169' title='bbox 1142 1108 1208 1162; x_wconf 84' lang='grc' dir='ltr'>ἐφ’</span> <span class='ocrx_word' id='word_1_170' title='bbox 1227 1109 1320 1160; x_wconf 85' lang='grc' dir='ltr'>ἡμῖν</span> <span class='ocrx_word' id='word_1_171' title='bbox 1346 1110 1433 1149; x_wconf 84' lang='grc' dir='ltr'>ἐστι</span> <span class='ocrx_word' id='word_1_172' title='bbox 1456 1112 1583 1155; x_wconf 83' lang='grc' dir='ltr'>τοῦτο,</span> 
     </span>
     <span class='ocr_line' id='line_1_22' title="bbox 257 1174 1585 1228; baseline 0 -11"><span class='ocrx_word' id='word_1_173' title='bbox 257 1176 307 1217; x_wconf 84' lang='grc' dir='ltr'>ἵν’</span> <span class='ocrx_word' id='word_1_174' title='bbox 335 1178 514 1217; x_wconf 84' lang='grc' dir='ltr'>ἐντεῦθεν</span> <span class='ocrx_word' id='word_1_175' title='bbox 547 1174 735 1228; x_wconf 82' lang='grc' dir='ltr'>ἄρξωμαι,</span> <span class='ocrx_word' id='word_1_176' title='bbox 762 1175 861 1228; x_wconf 87' lang='grc' dir='ltr'>φήμ’</span> <span class='ocrx_word' id='word_1_177' title='bbox 886 1175 1004 1228; x_wconf 80' lang='grc' dir='ltr'>ἔγωγ’</span> <span class='ocrx_word' id='word_1_178' title='bbox 1029 1175 1140 1228; x_wconf 85' lang='grc' dir='ltr'>ἄγειν</span> <span class='ocrx_word' id='word_1_179' title='bbox 1169 1176 1271 1227; x_wconf 81' lang='grc' dir='ltr'>ἡμᾶς</span> <span class='ocrx_word' id='word_1_180' title='bbox 1301 1178 1395 1221; x_wconf 84' lang='grc' dir='ltr'>δεῖν,</span> <span class='ocrx_word' id='word_1_181' title='bbox 1425 1176 1487 1216; x_wconf 89' lang='grc' dir='ltr'>καὶ</span> <span class='ocrx_word' id='word_1_182' title='bbox 1515 1175 1585 1217; x_wconf 86' lang='grc' dir='ltr'>τὸν</span> 
     </span>
     <span class='ocr_line' id='line_1_23' title="bbox 256 1241 1585 1295; baseline -0.001 -12"><span class='ocrx_word' id='word_1_183' title='bbox 256 1246 377 1283; x_wconf 81' lang='grc' dir='ltr'>ταῦτα</span> <span class='ocrx_word' id='word_1_184' title='bbox 413 1242 585 1295; x_wconf 86' lang='grc' dir='ltr'>λέγοντα</span> <span class='ocrx_word' id='word_1_185' title='bbox 626 1242 798 1295; x_wconf 83' lang='grc' dir='ltr'>γράφειν</span> <span class='ocrx_word' id='word_1_186' title='bbox 838 1243 899 1283; x_wconf 85' lang='grc' dir='ltr'>καὶ</span> <span class='ocrx_word' id='word_1_187' title='bbox 942 1241 1128 1294; x_wconf 85' lang='grc' dir='ltr'>πράττειν</span> <span class='ocrx_word' id='word_1_188' title='bbox 1166 1244 1229 1283; x_wconf 86' lang='grc' dir='ltr'>καὶ</span> <span class='ocrx_word' id='word_1_189' title='bbox 1267 1242 1319 1293; x_wconf 80' lang='grc' dir='ltr'>μὴ</span> <span class='ocrx_word' id='word_1_190' title='bbox 1359 1242 1585 1295; x_wconf 81' lang='grc' dir='ltr'>φενακίζειν</span> 
     </span>
     <span class='ocr_line' id='line_1_24' title="bbox 257 1306 1586 1362; baseline -0.001 -13"><span class='ocrx_word' id='word_1_191' title='bbox 257 1306 366 1360; x_wconf 78' lang='grc' dir='ltr'>ἀξιῶ·</span> <span class='ocrx_word' id='word_1_192' title='bbox 405 1310 438 1350; x_wconf 89' lang='grc' dir='ltr'>εἰ</span> <span class='ocrx_word' id='word_1_193' title='bbox 463 1309 496 1350; x_wconf 83' lang='grc' dir='ltr'>δ’</span> <span class='ocrx_word' id='word_1_194' title='bbox 522 1310 653 1361; x_wconf 82' lang='grc' dir='ltr'>ἕτερος</span> <span class='ocrx_word' id='word_1_195' title='bbox 678 1311 726 1349; x_wconf 79' lang='grc' dir='ltr'>τὰ</span> <span class='ocrx_word' id='word_1_196' title='bbox 752 1309 842 1349; x_wconf 84' lang='grc' dir='ltr'>ὅπλ’</span> <span class='ocrx_word' id='word_1_197' title='bbox 864 1311 906 1350; x_wconf 85' lang='grc' dir='ltr'>ἐν</span> <span class='ocrx_word' id='word_1_198' title='bbox 930 1313 1015 1350; x_wconf 85' lang='grc' dir='ltr'>ταῖς</span> <span class='ocrx_word' id='word_1_199' title='bbox 1041 1309 1181 1362; x_wconf 82' lang='grc' dir='ltr'>χερσὶν</span> <span class='ocrx_word' id='word_1_200' title='bbox 1206 1309 1309 1362; x_wconf 82' lang='grc' dir='ltr'>ἔχων</span> <span class='ocrx_word' id='word_1_201' title='bbox 1335 1309 1397 1350; x_wconf 85' lang='grc' dir='ltr'>καὶ</span> <span class='ocrx_word' id='word_1_202' title='bbox 1422 1308 1586 1360; x_wconf 85' lang='grc' dir='ltr'>δύναμιν</span> 
     </span>
     <span class='ocr_line' id='line_1_25' title="bbox 257 1374 1582 1428; baseline -0.001 -12"><span class='ocrx_word' id='word_1_203' title='bbox 257 1375 413 1426; x_wconf 80' lang='grc' dir='ltr'>πολλὴν</span> <span class='ocrx_word' id='word_1_204' title='bbox 439 1376 528 1428; x_wconf 86' lang='grc' dir='ltr'>περὶ</span> <span class='ocrx_word' id='word_1_205' title='bbox 558 1376 676 1416; x_wconf 83' lang='grc' dir='ltr'>αὑτὸν</span> <span class='ocrx_word' id='word_1_206' title='bbox 708 1376 880 1426; x_wconf 82' lang='grc' dir='ltr'>τοῦνομα</span> <span class='ocrx_word' id='word_1_207' title='bbox 911 1377 983 1426; x_wconf 81' lang='grc' dir='ltr'>μὲν</span> <span class='ocrx_word' id='word_1_208' title='bbox 1013 1375 1058 1415; x_wconf 90' lang='grc' dir='ltr'>τὸ</span> <span class='ocrx_word' id='word_1_209' title='bbox 1087 1378 1156 1426; x_wconf 86' lang='grc' dir='ltr'>τῆς</span> <span class='ocrx_word' id='word_1_210' title='bbox 1186 1374 1340 1427; x_wconf 86' lang='grc' dir='ltr'>εἰρήνης</span> <span class='ocrx_word' id='word_1_211' title='bbox 1369 1376 1458 1426; x_wconf 84' lang='grc' dir='ltr'>ὑμῖν</span> <span class='ocrx_word' id='word_1_212' title='bbox 1489 1392 1582 1427; x_wconf 89' lang='grc' dir='ltr'>προ-</span> 
     </span>
     <span class='ocr_line' id='line_1_26' title="bbox 256 1441 1589 1495; baseline -0.001 -13"><span class='ocrx_word' id='word_1_213' title='bbox 256 1441 420 1494; x_wconf 84' lang='grc' dir='ltr'>βάλλει,</span> <span class='ocrx_word' id='word_1_214' title='bbox 451 1446 532 1484; x_wconf 86' lang='grc' dir='ltr'>τοῖς</span> <span class='ocrx_word' id='word_1_215' title='bbox 565 1442 598 1482; x_wconf 85' lang='grc' dir='ltr'>δ’</span> <span class='ocrx_word' id='word_1_216' title='bbox 629 1442 759 1495; x_wconf 81' lang='grc' dir='ltr'>ἔργοις</span> <span class='ocrx_word' id='word_1_217' title='bbox 791 1441 909 1484; x_wconf 82' lang='grc' dir='ltr'>αὐτὸς</span> <span class='ocrx_word' id='word_1_218' title='bbox 941 1444 1023 1484; x_wconf 82' lang='grc' dir='ltr'>τοῖς</span> <span class='ocrx_word' id='word_1_219' title='bbox 1056 1445 1125 1482; x_wconf 85' lang='grc' dir='ltr'>τοῦ</span> <span class='ocrx_word' id='word_1_220' title='bbox 1157 1441 1336 1493; x_wconf 86' lang='grc' dir='ltr'>πολέμου</span> <span class='ocrx_word' id='word_1_221' title='bbox 1367 1444 1521 1495; x_wconf 86' lang='grc' dir='ltr'>χρῆται,</span> <span class='ocrx_word' id='word_1_222' title='bbox 1547 1442 1589 1481; x_wconf 90' lang='grc' dir='ltr'>τί</span> 
     </span>
     <span class='ocr_line' id='line_1_27' title="bbox 256 1507 1585 1560; baseline -0.001 -11"><span class='ocrx_word' id='word_1_223' title='bbox 256 1509 399 1550; x_wconf 85' lang='grc' dir='ltr'>λοιπὸν</span> <span class='ocrx_word' id='word_1_224' title='bbox 436 1508 539 1549; x_wconf 83' lang='grc' dir='ltr'>ἄλλο</span> <span class='ocrx_word' id='word_1_225' title='bbox 574 1508 680 1559; x_wconf 75' lang='grc' dir='ltr'>πλὴν</span> <span class='ocrx_word' id='word_1_226' title='bbox 719 1509 957 1559; x_wconf 82' lang='grc' dir='ltr'>ἀμύνεσθαι;</span> <span class='ocrx_word' id='word_1_227' title='bbox 1003 1507 1175 1560; x_wconf 87' lang='grc' dir='ltr'>φάσκειν</span> <span class='ocrx_word' id='word_1_228' title='bbox 1211 1508 1244 1548; x_wconf 85' lang='grc' dir='ltr'>δ’</span> <span class='ocrx_word' id='word_1_229' title='bbox 1282 1507 1438 1560; x_wconf 85' lang='grc' dir='ltr'>εἰρήνην</span> <span class='ocrx_word' id='word_1_230' title='bbox 1473 1507 1585 1560; x_wconf 85' lang='grc' dir='ltr'>ἄγειν</span> 
     </span>
     <span class='ocr_line' id='line_1_28' title="bbox 259 1574 1586 1628; baseline 0 -12"><span class='ocrx_word' id='word_1_231' title='bbox 259 1577 292 1616; x_wconf 88' lang='grc' dir='ltr'>εἰ</span> <span class='ocrx_word' id='word_1_232' title='bbox 333 1576 548 1627; x_wconf 82' lang='grc' dir='ltr'>βούλεσθε,</span> <span class='ocrx_word' id='word_1_233' title='bbox 590 1575 723 1626; x_wconf 84' lang='grc' dir='ltr'>ὥσπερ</span> <span class='ocrx_word' id='word_1_234' title='bbox 766 1576 925 1621; x_wconf 84' lang='grc' dir='ltr'>ἐκεῖνος,</span> <span class='ocrx_word' id='word_1_235' title='bbox 967 1575 1013 1615; x_wconf 83' lang='grc' dir='ltr'>οὐ</span> <span class='ocrx_word' id='word_1_236' title='bbox 1053 1575 1303 1628; x_wconf 84' lang='grc' dir='ltr'>διαφέρομαι.</span> <span class='ocrx_word' id='word_1_237' title='bbox 1375 1576 1408 1615; x_wconf 90' lang='grc' dir='ltr'>εἰ</span> <span class='ocrx_word' id='word_1_238' title='bbox 1448 1574 1490 1614; x_wconf 86' lang='grc' dir='ltr'>δέ</span> <span class='ocrx_word' id='word_1_239' title='bbox 1527 1591 1586 1616; x_wconf 89' lang='grc' dir='ltr'>τις</span> 
     </span>
     <span class='ocr_line' id='line_1_29' title="bbox 258 1640 1586 1694; baseline -0.002 -12"><span class='ocrx_word' id='word_1_240' title='bbox 258 1642 403 1693; x_wconf 85' lang='grc' dir='ltr'>ταύτην</span> <span class='ocrx_word' id='word_1_241' title='bbox 440 1641 596 1694; x_wconf 87' lang='grc' dir='ltr'>εἰρήνην</span> <span class='ocrx_word' id='word_1_242' title='bbox 628 1641 918 1692; x_wconf 83' lang='grc' dir='ltr'>ὑπολαμβάνει,</span> <span class='ocrx_word' id='word_1_243' title='bbox 955 1640 1002 1692; x_wconf 80' lang='grc' dir='ltr'>ἐξ</span> <span class='ocrx_word' id='word_1_244' title='bbox 1029 1641 1075 1692; x_wconf 82' lang='grc' dir='ltr'>ἧς</span> <span class='ocrx_word' id='word_1_245' title='bbox 1108 1643 1256 1684; x_wconf 83' lang='grc' dir='ltr'>ἐκεῖνος</span> <span class='ocrx_word' id='word_1_246' title='bbox 1292 1641 1421 1682; x_wconf 90' lang='grc' dir='ltr'>πάντα</span> <span class='ocrx_word' id='word_1_247' title='bbox 1455 1640 1586 1681; x_wconf 86' lang='grc' dir='ltr'>τᾶλλα</span> 
     </span>
     <span class='ocr_line' id='line_1_30' title="bbox 257 1707 1585 1762; baseline -0.001 -13"><span class='ocrx_word' id='word_1_248' title='bbox 257 1709 398 1760; x_wconf 83' lang='grc' dir='ltr'>λαβὼν</span> <span class='ocrx_word' id='word_1_249' title='bbox 433 1708 499 1761; x_wconf 83' lang='grc' dir='ltr'>ἐφ’</span> <span class='ocrx_word' id='word_1_250' title='bbox 528 1709 630 1759; x_wconf 79' lang='grc' dir='ltr'>ἡμᾶς</span> <span class='ocrx_word' id='word_1_251' title='bbox 660 1707 758 1758; x_wconf 82' lang='grc' dir='ltr'>ἥξει,</span> <span class='ocrx_word' id='word_1_252' title='bbox 794 1711 949 1760; x_wconf 84' lang='grc' dir='ltr'>πρῶτον</span> <span class='ocrx_word' id='word_1_253' title='bbox 981 1710 1053 1759; x_wconf 82' lang='grc' dir='ltr'>μὲν</span> <span class='ocrx_word' id='word_1_254' title='bbox 1084 1709 1277 1760; x_wconf 84' lang='grc' dir='ltr'>μαίνεται,</span> <span class='ocrx_word' id='word_1_255' title='bbox 1305 1707 1425 1749; x_wconf 87' lang='grc' dir='ltr'>ἔπειτ’</span> <span class='ocrx_word' id='word_1_256' title='bbox 1449 1709 1585 1762; x_wconf 82' lang='grc' dir='ltr'>ἐκείνῳ</span> 
     </span>
     <span class='ocr_line' id='line_1_31' title="bbox 257 1774 1585 1829; baseline -0.002 -13"><span class='ocrx_word' id='word_1_257' title='bbox 257 1775 348 1827; x_wconf 84' lang='grc' dir='ltr'>παρ’</span> <span class='ocrx_word' id='word_1_258' title='bbox 373 1777 494 1826; x_wconf 84' lang='grc' dir='ltr'>ὑμῶν,</span> <span class='ocrx_word' id='word_1_259' title='bbox 521 1774 594 1829; x_wconf 77' lang='grc' dir='ltr'>οὐχ</span> <span class='ocrx_word' id='word_1_260' title='bbox 617 1775 708 1826; x_wconf 81' lang='grc' dir='ltr'>ὑμῖν</span> <span class='ocrx_word' id='word_1_261' title='bbox 732 1774 822 1826; x_wconf 90' lang='grc' dir='ltr'>παρ’</span> <span class='ocrx_word' id='word_1_262' title='bbox 849 1776 1000 1815; x_wconf 84' lang='grc' dir='ltr'>ἐκείνου</span> <span class='ocrx_word' id='word_1_263' title='bbox 1023 1774 1095 1825; x_wconf 79' lang='grc' dir='ltr'>τὴν</span> <span class='ocrx_word' id='word_1_264' title='bbox 1125 1774 1282 1827; x_wconf 88' lang='grc' dir='ltr'>εἰρήνην</span> <span class='ocrx_word' id='word_1_265' title='bbox 1311 1774 1434 1827; x_wconf 85' lang='grc' dir='ltr'>λέγει·</span> <span class='ocrx_word' id='word_1_266' title='bbox 1471 1777 1585 1814; x_wconf 85' lang='grc' dir='ltr'>τοῦτο</span> 
     </span>
     <span class='ocr_line' id='line_1_32' title="bbox 258 1841 1586 1894; baseline 0 -12"><span class='ocrx_word' id='word_1_267' title='bbox 258 1842 291 1882; x_wconf 85' lang='grc' dir='ltr'>δ’</span> <span class='ocrx_word' id='word_1_268' title='bbox 318 1843 429 1882; x_wconf 84' lang='grc' dir='ltr'>ἐστὶν</span> <span class='ocrx_word' id='word_1_269' title='bbox 454 1841 475 1882; x_wconf 80' lang='grc' dir='ltr'>ὃ</span> <span class='ocrx_word' id='word_1_270' title='bbox 499 1845 577 1882; x_wconf 86' lang='grc' dir='ltr'>τῶν</span> <span class='ocrx_word' id='word_1_271' title='bbox 603 1841 931 1892; x_wconf 84' lang='grc' dir='ltr'>ἀναλισκομένων</span> <span class='ocrx_word' id='word_1_272' title='bbox 958 1841 1171 1894; x_wconf 84' lang='grc' dir='ltr'>χρημάτων</span> <span class='ocrx_word' id='word_1_273' title='bbox 1199 1841 1358 1882; x_wconf 86' lang='grc' dir='ltr'>πάντων</span> <span class='ocrx_word' id='word_1_274' title='bbox 1384 1842 1586 1882; x_wconf 81' lang='grc' dir='ltr'>Φίλιππος</span> 
     </span>
     <span class='ocr_line' id='line_1_33' title="bbox 258 1906 1586 1962; baseline 0 -14"><span class='ocrx_word' id='word_1_275' title='bbox 258 1908 427 1955; x_wconf 83' lang='grc' dir='ltr'>ὠνεῖται,</span> <span class='ocrx_word' id='word_1_276' title='bbox 459 1908 575 1950; x_wconf 82' lang='grc' dir='ltr'>αὐτὸς</span> <span class='ocrx_word' id='word_1_277' title='bbox 605 1910 679 1960; x_wconf 80' lang='grc' dir='ltr'>μὲν</span> <span class='ocrx_word' id='word_1_278' title='bbox 713 1911 904 1959; x_wconf 84' lang='grc' dir='ltr'>πολεμεῖν</span> <span class='ocrx_word' id='word_1_279' title='bbox 936 1909 1040 1958; x_wconf 84' lang='grc' dir='ltr'>ὑμῖν,</span> <span class='ocrx_word' id='word_1_280' title='bbox 1069 1906 1143 1962; x_wconf 82' lang='grc' dir='ltr'>ὑφ’</span> <span class='ocrx_word' id='word_1_281' title='bbox 1167 1909 1275 1959; x_wconf 81' lang='grc' dir='ltr'>ὑμῶν</span> <span class='ocrx_word' id='word_1_282' title='bbox 1308 1911 1350 1949; x_wconf 85' lang='grc' dir='ltr'>δὲ</span> <span class='ocrx_word' id='word_1_283' title='bbox 1381 1907 1433 1959; x_wconf 81' lang='grc' dir='ltr'>μὴ</span> <span class='ocrx_word' id='word_1_284' title='bbox 1467 1913 1586 1948; x_wconf 86' lang='grc' dir='ltr'>πολε-</span> 
     </span>
     <span class='ocr_line' id='line_1_34' title="bbox 255 1978 432 2026; baseline -0.006 -11"><span class='ocrx_word' id='word_1_285' title='bbox 255 1978 432 2026; x_wconf 88' lang='grc' dir='ltr'>μεῖσθαι.</span> 
     </span>
    </p>
   </div>
   <div class='ocr_carea' id='block_1_7' title="bbox 257 2081 1586 2428">
    <p class='ocr_par' dir='ltr' id='par_1_8' title="bbox 257 2081 1586 2428">
     <span class='ocr_line' id='line_1_35' title="bbox 304 2081 1581 2127; baseline -0.002 -12"><span class='ocrx_word' id='word_1_286' title='bbox 304 2095 317 2115; x_wconf 92' lang='lat'>1</span> <span class='ocrx_word' id='word_1_287' title='bbox 344 2084 403 2125; x_wconf 79' lang='grc' dir='ltr'>μὲν</span> <span class='ocrx_word' id='word_1_288' title='bbox 419 2089 500 2115; x_wconf 82' lang='lat' dir='ltr'><strong>ante</strong></span> <span class='ocrx_word' id='word_1_289' title='bbox 516 2084 666 2127; x_wconf 79' lang='grc' dir='ltr'>ῥᾳθυμίας</span> <span class='ocrx_word' id='word_1_290' title='bbox 684 2084 759 2115; x_wconf 86' lang='lat' dir='ltr'>add.</span> <span class='ocrx_word' id='word_1_291' title='bbox 780 2083 870 2122; x_wconf 78' lang='lat' dir='ltr'>vulg.</span> <span class='ocrx_word' id='word_1_292' title='bbox 888 2094 895 2113; x_wconf 77' lang='lat' dir='ltr'>t</span> <span class='ocrx_word' id='word_1_293' title='bbox 921 2093 985 2115; x_wconf 91' lang='lat' dir='ltr'>om.</span> <span class='ocrx_word' id='word_1_294' title='bbox 1007 2083 1030 2113; x_wconf 81' lang='lat' dir='ltr'>S</span> <span class='ocrx_word' id='word_1_295' title='bbox 1044 2081 1084 2113; x_wconf 89' lang='lat' dir='ltr'>L¹</span> <span class='ocrx_word' id='word_1_296' title='bbox 1216 2092 1301 2122; x_wconf 85' lang='lat'>4-15</span> <span class='ocrx_word' id='word_1_297' title='bbox 1327 2081 1431 2123; x_wconf 80' lang='grc' dir='ltr'>εἰμὲν</span> <span class='ocrx_word' id='word_1_298' title='bbox 1447 2081 1502 2114; x_wconf 74' lang='grc' dir='ltr'>οὖν</span> <span class='ocrx_word' id='word_1_299' title='bbox 1518 2106 1525 2112; x_wconf 91' lang='grc'><strong>.</strong></span> <span class='ocrx_word' id='word_1_300' title='bbox 1546 2106 1554 2113; x_wconf 93' lang='grc'><strong>.</strong></span> <span class='ocrx_word' id='word_1_301' title='bbox 1573 2105 1581 2113; x_wconf 90' lang='grc'><strong>.</strong></span> 
     </span>
     <span class='ocr_line' id='line_1_36' title="bbox 257 2126 1586 2168; baseline -0.002 -8"><span class='ocrx_word' id='word_1_302' title='bbox 257 2131 410 2168; x_wconf 83' lang='grc' dir='ltr'>πολεμεῖν</span> <span class='ocrx_word' id='word_1_303' title='bbox 428 2131 478 2160; x_wconf 82' lang='grc' dir='ltr'>δεῖ</span> <span class='ocrx_word' id='word_1_304' title='bbox 491 2138 554 2159; x_wconf 90' lang='lat' dir='ltr'>om.</span> <span class='ocrx_word' id='word_1_305' title='bbox 578 2127 615 2158; x_wconf 76' lang='lat' dir='ltr'>S¹</span> <span class='ocrx_word' id='word_1_306' title='bbox 629 2127 668 2157; x_wconf 93' lang='lat' dir='ltr'>L¹</span> <span class='ocrx_word' id='word_1_307' title='bbox 824 2128 845 2156; x_wconf 89' lang='lat'><strong>6</strong></span> <span class='ocrx_word' id='word_1_308' title='bbox 869 2127 951 2159; x_wconf 86' lang='grc' dir='ltr'>ὅπως</span> <span class='ocrx_word' id='word_1_309' title='bbox 968 2128 1008 2159; x_wconf 85' lang='grc' dir='ltr'>ὡς</span> <span class='ocrx_word' id='word_1_310' title='bbox 1027 2126 1155 2158; x_wconf 84' lang='lat' dir='ltr'>Reiske</span> <span class='ocrx_word' id='word_1_311' title='bbox 1173 2126 1245 2158; x_wconf 89' lang='lat' dir='ltr'><strong>coll.</strong></span> <span class='ocrx_word' id='word_1_312' title='bbox 1266 2127 1325 2156; x_wconf 90' lang='lat' dir='ltr'>xiv</span> <span class='ocrx_word' id='word_1_313' title='bbox 1345 2136 1383 2164; x_wconf 88' lang='lat'>14</span> <span class='ocrx_word' id='word_1_314' title='bbox 1488 2126 1586 2157; x_wconf 79' lang='grc' dir='ltr'>αὐτὸν</span> 
     </span>
     <span class='ocr_line' id='line_1_37' title="bbox 257 2169 1585 2209; baseline -0.002 -7"><span class='ocrx_word' id='word_1_315' title='bbox 257 2182 320 2202; x_wconf 89' lang='lat' dir='ltr'>om.</span> <span class='ocrx_word' id='word_1_316' title='bbox 341 2171 372 2201; x_wconf 89' lang='lat' dir='ltr'><strong>Y</strong></span> <span class='ocrx_word' id='word_1_317' title='bbox 509 2181 547 2201; x_wconf 89' lang='lat'>12</span> <span class='ocrx_word' id='word_1_318' title='bbox 572 2172 613 2203; x_wconf 83' lang='grc' dir='ltr'>ὡς</span> <span class='ocrx_word' id='word_1_319' title='bbox 628 2171 726 2201; x_wconf 89' lang='lat' dir='ltr'>codd.</span> <span class='ocrx_word' id='word_1_320' title='bbox 743 2182 750 2201; x_wconf 90' lang='lat'>:</span> <span class='ocrx_word' id='word_1_321' title='bbox 775 2171 858 2202; x_wconf 83' lang='grc' dir='ltr'>ὅπως</span> <span class='ocrx_word' id='word_1_322' title='bbox 876 2170 1020 2208; x_wconf 78' lang='lat' dir='ltr'>Franke‚</span> <span class='ocrx_word' id='word_1_323' title='bbox 1036 2171 1075 2201; x_wconf 83' lang='lat' dir='ltr'>cs.</span> <span class='ocrx_word' id='word_1_324' title='bbox 1094 2171 1177 2200; x_wconf 82' lang='lat' dir='ltr'>xxiv</span> <span class='ocrx_word' id='word_1_325' title='bbox 1197 2180 1258 2209; x_wconf 90' lang='lat'>190</span> <span class='ocrx_word' id='word_1_326' title='bbox 1393 2179 1494 2208; x_wconf 87' lang='lat'><strong>13—15</strong></span> <span class='ocrx_word' id='word_1_327' title='bbox 1521 2169 1585 2209; x_wconf 76' lang='grc' dir='ltr'>ἐγὼ</span> 
     </span>
     <span class='ocr_line' id='line_1_38' title="bbox 257 2212 1585 2254; baseline -0.002 -8"><span class='ocrx_word' id='word_1_328' title='bbox 257 2216 296 2253; x_wconf 79' lang='grc' dir='ltr'>δὴ</span> <span class='ocrx_word' id='word_1_329' title='bbox 314 2239 321 2246; x_wconf 92' lang='grc'><strong>.</strong></span> <span class='ocrx_word' id='word_1_330' title='bbox 340 2239 346 2245; x_wconf 93' lang='grc'><strong>.</strong></span> <span class='ocrx_word' id='word_1_331' title='bbox 364 2239 371 2245; x_wconf 91' lang='grc'><strong>.</strong></span> <span class='ocrx_word' id='word_1_332' title='bbox 391 2217 547 2254; x_wconf 80' lang='grc' dir='ltr'>πολεμεῖν</span> <span class='ocrx_word' id='word_1_333' title='bbox 564 2216 622 2252; x_wconf 79' lang='grc' dir='ltr'>δεῖ,</span> <span class='ocrx_word' id='word_1_334' title='bbox 641 2219 676 2244; x_wconf 88' lang='lat' dir='ltr'>ut</span> <span class='ocrx_word' id='word_1_335' title='bbox 692 2214 726 2244; x_wconf 89' lang='lat' dir='ltr'>in</span> <span class='ocrx_word' id='word_1_336' title='bbox 744 2213 850 2244; x_wconf 77' lang='lat' dir='ltr'>altera</span> <span class='ocrx_word' id='word_1_337' title='bbox 867 2214 1067 2244; x_wconf 81' lang='lat' dir='ltr'>recensione</span> <span class='ocrx_word' id='word_1_338' title='bbox 1086 2214 1118 2253; x_wconf 66' lang='grc' dir='ltr'>(ξ</span> <span class='ocrx_word' id='word_1_339' title='bbox 1133 2215 1153 2244; x_wconf 93' lang='grc'>8</span> <span class='ocrx_word' id='word_1_340' title='bbox 1171 2213 1273 2253; x_wconf 80' lang='grc' dir='ltr'>εἰμὲν</span> <span class='ocrx_word' id='word_1_341' title='bbox 1289 2212 1345 2245; x_wconf 73' lang='grc' dir='ltr'>οὖν</span> <span class='ocrx_word' id='word_1_342' title='bbox 1357 2236 1364 2244; x_wconf 91' lang='grc'><strong>.</strong></span> <span class='ocrx_word' id='word_1_343' title='bbox 1380 2237 1387 2244; x_wconf 97' lang='grc'><em>.</em></span> <span class='ocrx_word' id='word_1_344' title='bbox 1410 2238 1415 2243; x_wconf 97' lang='grc'>.</span> <span class='ocrx_word' id='word_1_345' title='bbox 1430 2212 1585 2254; x_wconf 78' lang='grc' dir='ltr'>ἄρξωμαι)</span> 
     </span>
     <span class='ocr_line' id='line_1_39' title="bbox 258 2255 1585 2299; baseline -0.003 -11"><span class='ocrx_word' id='word_1_346' title='bbox 258 2258 413 2297; x_wconf 76' lang='lat' dir='ltr'>repetita,</span> <span class='ocrx_word' id='word_1_347' title='bbox 432 2258 554 2288; x_wconf 80' lang='lat' dir='ltr'>seclusi</span> <span class='ocrx_word' id='word_1_348' title='bbox 736 2266 772 2295; x_wconf 86' lang='lat'>14</span> <span class='ocrx_word' id='word_1_349' title='bbox 798 2255 984 2298; x_wconf 72' lang='grc' dir='ltr'>διορίζομαι·</span> <span class='ocrx_word' id='word_1_350' title='bbox 1001 2256 1111 2288; x_wconf 89' lang='lat' dir='ltr'>Weil:</span> <span class='ocrx_word' id='word_1_351' title='bbox 1138 2256 1319 2299; x_wconf 73' lang='grc' dir='ltr'>διορίζομαι,</span> <span class='ocrx_word' id='word_1_352' title='bbox 1339 2256 1413 2286; x_wconf 91' lang='lat' dir='ltr'>edd.</span> <span class='ocrx_word' id='word_1_353' title='bbox 1432 2255 1585 2297; x_wconf 85' lang='lat' dir='ltr'><strong>plerique</strong></span> 
     </span>
     <span class='ocr_line' id='line_1_40' title="bbox 260 2297 1585 2354; baseline -0.001 -24"><span class='ocrx_word' id='word_1_354' title='bbox 260 2311 297 2339; x_wconf 84' lang='lat'>15</span> <span class='ocrx_word' id='word_1_355' title='bbox 334 2306 411 2340; x_wconf 82' lang='lat' dir='ltr'>post</span> <span class='ocrx_word' id='word_1_356' title='bbox 438 2303 593 2341; x_wconf 82' lang='grc' dir='ltr'>πολεμεῖν</span> <span class='ocrx_word' id='word_1_357' title='bbox 621 2302 672 2332; x_wconf 82' lang='grc' dir='ltr'>δεῖ</span> <span class='ocrx_word' id='word_1_358' title='bbox 697 2304 801 2337; x_wconf 77' lang='lat' dir='ltr'>recte,</span> <span class='ocrx_word' id='word_1_359' title='bbox 829 2300 893 2330; x_wconf 84' lang='lat' dir='ltr'>nisi</span> <span class='ocrx_word' id='word_1_360' title='bbox 923 2299 1029 2339; x_wconf 79' lang='lat' dir='ltr'>fallor,</span> <span class='ocrx_word' id='word_1_361' title='bbox 1061 2299 1162 2342; x_wconf 79' lang='grc' dir='ltr'>(φήμ’</span> <span class='ocrx_word' id='word_1_362' title='bbox 1191 2300 1288 2341; x_wconf 78' lang='grc' dir='ltr'>ἔγωγ’</span> <span class='ocrx_word' id='word_1_363' title='bbox 1317 2300 1444 2354; x_wconf 73' lang='grc' dir='ltr'>εἰρήνην</span> <span class='ocrx_word' id='word_1_364' title='bbox 1471 2297 1585 2339; x_wconf 77' lang='grc' dir='ltr'>ἄγειν)</span> 
     </span>
     <span class='ocr_line' id='line_1_41' title="bbox 257 2341 1581 2385; baseline -0.003 -11"><span class='ocrx_word' id='word_1_365' title='bbox 257 2345 393 2384; x_wconf 83' lang='lat' dir='ltr'>supplet</span> <span class='ocrx_word' id='word_1_366' title='bbox 410 2344 502 2374; x_wconf 61' lang='lat' dir='ltr'>Wezl</span> <span class='ocrx_word' id='word_1_367' title='bbox 528 2355 546 2374; x_wconf 84' lang='lat' dir='ltr'><strong>e</strong></span> <span class='ocrx_word' id='word_1_368' title='bbox 574 2348 587 2381; x_wconf 67' lang='grc' dir='ltr'>ξ</span> <span class='ocrx_word' id='word_1_369' title='bbox 614 2344 634 2373; x_wconf 88' lang='grc'>8</span> <span class='ocrx_word' id='word_1_370' title='bbox 832 2353 874 2373; x_wconf 83' lang='lat'>20</span> <span class='ocrx_word' id='word_1_371' title='bbox 904 2343 1089 2385; x_wconf 80' lang='grc' dir='ltr'>προβάλλει</span> <span class='ocrx_word' id='word_1_372' title='bbox 1116 2342 1210 2373; x_wconf 71' lang='lat' dir='ltr'>SD:</span> <span class='ocrx_word' id='word_1_373' title='bbox 1242 2346 1466 2384; x_wconf 84' lang='grc' dir='ltr'>προβαλλεται</span> <span class='ocrx_word' id='word_1_374' title='bbox 1491 2341 1581 2380; x_wconf 86' lang='lat' dir='ltr'><strong>vulg.</strong></span> 
     </span>
     <span class='ocr_line' id='line_1_42' title="bbox 257 2386 823 2428; baseline -0.002 -11"><span class='ocrx_word' id='word_1_375' title='bbox 257 2389 299 2418; x_wconf 85' lang='lat'>26</span> <span class='ocrx_word' id='word_1_376' title='bbox 324 2387 465 2428; x_wconf 79' lang='grc' dir='ltr'>εἰρήνην]</span> <span class='ocrx_word' id='word_1_377' title='bbox 485 2388 612 2428; x_wconf 77' lang='grc' dir='ltr'>εἰρήνην</span> <span class='ocrx_word' id='word_1_378' title='bbox 629 2388 720 2428; x_wconf 77' lang='grc' dir='ltr'>ἄγειν</span> <span class='ocrx_word' id='word_1_379' title='bbox 736 2386 823 2425; x_wconf 81' lang='lat' dir='ltr'>vulg.</span> 
     </span>
    </p>
   </div>
   <div class='ocr_carea' id='block_1_8' title="bbox 1607 785 1645 808">
    <p class='ocr_par' dir='ltr' id='par_1_9' title="bbox 1607 785 1645 808">
     <span class='ocr_line' id='line_1_43' title="bbox 1607 785 1645 808; baseline 0.026 -1"><span class='ocrx_word' id='word_1_380' title='bbox 1607 785 1645 808; x_wconf 91' lang='lat'>10</span> 
     </span>
    </p>
   </div>
   <div class='ocr_carea' id='block_1_9' title="bbox 1607 1058 1644 1092">
    <p class='ocr_par' dir='ltr' id='par_1_10' title="bbox 1607 1058 1644 1092">
     <span class='ocr_line' id='line_1_44' title="bbox 1607 1058 1644 1092; baseline 0 0"><span class='ocrx_word' id='word_1_381' title='bbox 1607 1058 1644 1092; x_wconf 87' lang='grc' dir='ltr'>Ι5</span> 
     </span>
    </p>
   </div>
   <div class='ocr_carea' id='block_1_10' title="bbox 1607 1391 1647 1414">
    <p class='ocr_par' dir='ltr' id='par_1_11' title="bbox 1607 1391 1647 1414">
     <span class='ocr_line' id='line_1_45' title="bbox 1607 1391 1647 1414; baseline -0.025 0"><span class='ocrx_word' id='word_1_382' title='bbox 1607 1391 1647 1414; x_wconf 86' lang='grc'>20</span> 
     </span>
    </p>
   </div>
   <div class='ocr_carea' id='block_1_11' title="bbox 1607 1723 1645 1755">
    <p class='ocr_par' dir='ltr' id='par_1_12' title="bbox 1607 1723 1645 1755">
     <span class='ocr_line' id='line_1_46' title="bbox 1607 1723 1645 1755; baseline 0 0"><span class='ocrx_word' id='word_1_383' title='bbox 1607 1723 1645 1755; x_wconf 80' lang='lat'>25</span> 
     </span>
    </p>
   </div>
  </div>
 </body>
</html>
