1763 2828
111 124 204 180 [99]

160 579 201 613 41

94 697 204 752 [που]

161 911 206 946 42

162 1308 208 1342 43

163 1776 209 1811 44

656 123 1145 162 ΔΗΜΟΣΘΕΝΟΎΣ
1470 116 1562 169 [vm

235 231 470 284 χαρίζεσθαι
495 229 546 282 (εἰ
576 232 618 270 δὲ
646 229 711 281 μή,
747 228 994 281 σκεψάσθων
1024 227 1253 280 Εὐθυκράτη
1284 227 1346 268 καὶ
1376 226 1563 277 Λασθένη

235 298 325 339 τοὺς
356 297 603 343 Ὀλυνθίους,
642 297 678 337 οἳ
714 299 918 338 δοκοῦντες
954 294 1160 335 οἰκειότατ’
1193 294 1293 348 αὐτῷ
1330 296 1562 340 διακεῖσθαι,

237 364 369 414 ἐπειδὴ
395 363 466 414 τὴν
492 364 611 403 πόλιν
642 364 881 415 προύδοσαν,
910 361 1069 402 πάντων
1099 360 1248 401 κάκιστ’
1273 357 1562 410 ἀπολώλασιν),

237 430 363 471 οὐδενὶ
381 429 517 481 μέντοι
536 433 693 481 μᾶλλον
714 426 736 480 ἦ
756 430 801 485 τῇ
820 429 1001 482 πολιτείᾳ
1019 431 1188 479 πολεμεῖ
1203 426 1281 467 οὐδ’
1299 426 1563 477 ἐπιβουλεύει,

239 497 300 538 καὶ
327 500 469 537 σκοπεῖ
492 500 650 547 μᾶλλον
669 497 757 537 οὐδὲ
784 496 826 536 ἓν
844 499 922 536 τῶν
941 494 1112 541 πάντων,
1132 491 1156 544 ἢ
1176 497 1259 536 πῶς
1281 493 1427 543 ταύτην
1447 509 1564 533 κατα·
1585 509 1602 541 5

236 564 364 605 λύσει.
437 563 498 603 καὶ
529 562 630 603 τοῦτ’
661 563 820 604 εἰκότως
851 563 997 614 τρόπον
1028 563 1115 602 τινὰ
1146 560 1319 612 πράττει·
1355 559 1460 600 οἶδεν
1489 561 1565 613 γὰρ

238 631 411 683 ἀκριβῶς
447 631 507 670 ὅτι
542 629 622 669 οὐδ’
657 629 706 669 ἂν
742 628 900 670 πάντων
937 632 1015 669 τῶν
1050 628 1186 668 ἄλλων
1222 627 1383 679 γένηται
1421 626 1560 678 κύριος,

237 697 349 738 οὐδὲν
368 696 453 737 ἔστ’
473 696 575 750 αὐτῷ
600 696 781 747 βεβαίως
807 695 927 749 ἔχειν,
951 696 1024 737 ἕως
1049 694 1096 735 ἂν
1121 696 1229 745 ὑμεῖς
1253 695 1564 745 δημοκρατῆσθε,

237 763 328 804 ἀλλ’
343 763 412 803 ἐάν
427 779 522 803 ποτε
538 767 675 819 συμβῇ
690 779 727 802 τι
742 765 933 813 πταῖσμα,
952 763 976 803 ἃ
992 763 1124 802 πολλὰ
1140 760 1283 814 γένοιτ’
1295 760 1343 800 ἂν
1359 760 1565 814 ἀνθρώπῳ,

237 829 321 881 ἥξει
348 829 477 870 πάντα
505 831 553 869 τὰ
585 832 655 869 νῦν
686 828 1026 880 συμβεβιασμένα
1060 829 1123 868 καὶ
1155 825 1441 879 καταφεύξεται
1472 826 1568 879 πρὸς

237 898 348 948 ὑμᾶς·
385 898 478 937 ἐστὲ
496 898 572 948 γὰρ
591 896 699 946 ὑμεῖς
725 896 792 936 οὐκ
819 895 928 935 αὐτοὶ
948 896 1239 945 πλεονεκτῆσαι
1265 894 1326 934 καὶ
1353 895 1568 946 κατασχεῖν

239 963 365 1017 ἀρχὴν
390 962 431 1004 εὖ
450 963 683 1015 πεφυκότες,
706 961 798 1002 ἀλλ’
819 962 953 1014 ἕτερον
978 965 1124 1013 λαβεῖν
1151 964 1327 1001 κωλῦσαι
1352 959 1414 999 καὶ
1440 958 1568 1012 ἔχοντ’

239 1029 465 1083 ἀφελέσθαι
499 1030 631 1075 δεινοί,
665 1030 726 1069 καὶ
759 1029 862 1070 ὅλως
895 1030 1117 1082 ἐνοχλῆσαι
1143 1030 1224 1068 τοῖς
1252 1027 1388 1080 ἄρχειν
1417 1029 1567 1077 βουλο-

237 1096 371 1148 μένοις
418 1096 479 1136 καὶ
526 1095 674 1137 πάντας
722 1095 951 1148 ἀνθρώπους
995 1096 1050 1137 εἷς
1092 1094 1318 1146 ἐλευθερίαν
1360 1091 1570 1144 ἐξελέσθαι

239 1164 401 1215 ἕτοιμοι.
473 1163 613 1203 οὔκουν
650 1162 842 1213 βούλεται
880 1165 963 1203 τοῖς
1006 1163 1144 1202 ἑαυτοῦ
1184 1163 1331 1212 καιροῖς
1371 1158 1441 1209 τὴν
1478 1157 1569 1211 παρ’

238 1231 346 1281 ὑμῶν
371 1229 597 1282 ἐλευθερίαν
623 1229 864 1281 ἐφεδρεύειν,
887 1228 976 1269 οὐδὲ
1001 1231 1155 1268 πολλοῦ
1180 1230 1249 1274 δεῖ,
1271 1227 1315 1268 οὐ
1341 1229 1465 1268 κακῶς
1490 1224 1569 1265 οὐδ’

239 1298 367 1350 ἀργῶς
385 1300 506 1336 ταῦτα
530 1296 800 1349 λογιζόμενος.
862 1298 1018 1348 πρῶτον
1042 1297 1115 1346 μὲν
1135 1293 1180 1345 δὴ
1199 1296 1314 1334 τοῦτο
1333 1296 1402 1339 δεῖ,
1424 1291 1570 1345 ἐχθρὸν

238 1362 503 1416 ὑπειληφέναι
527 1365 596 1413 τῆς
615 1363 817 1404 πολιτείας
845 1362 906 1402 καὶ
925 1363 995 1412 τῆς
1020 1361 1279 1413 δημοκρατίας
1303 1358 1569 1400 ἀδιάλλακτον

240 1432 403 1470 ἐκεῖνον·
447 1431 481 1470 εἰ
516 1432 592 1482 γὰρ
627 1429 679 1481 μὴ
716 1432 830 1469 τοῦτο
869 1427 1144 1477 πεισθήσεσθε
1179 1430 1264 1469 ταῖς
1298 1429 1463 1480 ψυχαῖς,
1502 1424 1569 1465 οὑκ

240 1495 446 1547 ἐθελήσεθ’
485 1497 581 1548 ὑπὲρ
620 1499 699 1536 τῶν
740 1494 982 1548 πραγμάτων
1021 1493 1269 1544 σπουδάζειν·
1319 1493 1499 1544 δεύτερον
1537 1491 1569 1532 δ’

240 1563 383 1604 εἰδέναι
426 1566 567 1615 σαφῶς
609 1564 669 1603 ὅτι
711 1561 826 1602 πάνθ’
871 1563 949 1601 ὅσα
991 1560 1305 1613 πραγματεύεται
1349 1560 1409 1599 καὶ
1453 1575 1567 1599 κατα-

240 1629 470 1680 σκευάζεται
505 1633 587 1676 νῦν,
628 1629 692 1670 ἐπὶ
727 1628 798 1679 τὴν
835 1627 1027 1680 ἡμετέραν
1064 1629 1182 1668 πόλιν
1219 1625 1567 1679 παρασκευάζεται,

240 1698 302 1738 καὶ
327 1698 426 1737 ὅπου
450 1713 508 1738 τις
533 1697 684 1737 ἐκεῖνον
710 1696 908 1746 ἀμύνεται,
939 1694 1089 1735 ἐνταῦθ’
1114 1695 1210 1747 ὑπὲρ
1234 1694 1344 1744 ἡμῶν
1368 1693 1567 1744 ἀμύνεται.

240 1764 284 1805 οὐ
307 1766 382 1817 γὰρ
408 1764 507 1804 οὕτω
533 1763 570 1816 γ’
591 1762 731 1813 εὐήθης
758 1762 882 1804 οὐδεὶς
908 1761 950 1804 ὃς
975 1761 1253 1813 ὑπολαμβάνει
1277 1760 1345 1801 τὸν
1365 1761 1570 1800 Φίλιππον

286 1884 299 1904 1
328 1873 519 1915 σκεψάσθων
538 1872 647 1904 Cobet
664 1884 671 1903 t
697 1866 933 1913 σκεψάσθωσαν
945 1872 1051 1911 vulg:
1069 1870 1224 1912 σκέψασθ’
1236 1873 1275 1903 ὡς
1289 1872 1327 1903 ἃν
1342 1870 1399 1901 L¹:
1417 1868 1569 1910 σκέψεσθ’

239 1920 279 1950 ὡς
296 1918 334 1950 ἂν
351 1917 375 1948 S
553 1925 572 1955 5
596 1919 662 1948 πῶς
683 1916 705 1947 S
720 1916 778 1948 L¹:
805 1916 887 1948 ὅπως
905 1915 993 1954 vulg.
1130 1915 1307 1947 καταλύσει
1332 1914 1355 1944 S
1369 1913 1395 1943 L
1412 1923 1496 1943 corr.
1516 1912 1547 1943 Y
1563 1925 1571 1944 :

240 1960 408 2003 καταλύσῃ
426 1960 530 2000 vulg„
550 1960 589 1991 cf.
607 1970 628 1989 x
649 1969 684 1990 11
831 1960 853 1989 6
878 1961 932 1991 νῦν
948 1972 987 2000 γε
1006 1960 1043 1997 δὴ
1060 1963 1138 1989 ante
1155 1958 1289 2000 πράττει
1307 1957 1381 1988 add.
1400 1956 1489 1996 vulg.
1511 1956 1569 1997 (cf.

240 2005 271 2035 vi
292 2015 343 2044 17,
360 2015 382 2034 x
402 2004 454 2044 12)
473 2016 480 2035 ε
505 2014 570 2035 om.
593 2003 752 2034 SL¹AY
929 2003 950 2033 8
979 2003 1048 2034 ἔστ’
1068 2002 1130 2032 SL
1150 2002 1203 2041 (cf.
1221 2012 1243 2032 x
1266 2001 1341 2040 133:
1375 2001 1467 2032 ἔσται
1492 2005 1569 2031 cett.

240 2050 491 2089 δημοκρατεῖσθε
512 2047 535 2078 S
548 2047 579 2077 A
729 2057 750 2086 9
774 2060 804 2078 τι
822 2045 910 2086 vulg.
931 2057 936 2076 :
961 2047 1022 2078 τινὶ
1043 2045 1066 2076 S
1080 2045 1105 2075 L
1123 2045 1185 2076 soli
1297 2046 1336 2077 ἂν
1351 2044 1480 2085 γένοιτο
1497 2042 1570 2073 AY

244 2101 283 2122 10
318 2094 371 2123 νῦν
403 2101 467 2122 orn.
497 2090 638 2122 AYO:
673 2090 737 2122 del.
770 2090 877 2128 Blass,
909 2089 950 2120 cs.
979 2089 1059 2119 xviii
1091 2099 1153 2128 314
1287 2086 1568 2128 συμβεβιασμένα]

240 2135 444 2174 βεβιασμένα
461 2134 492 2165 Α
506 2135 535 2164 Y
549 2134 579 2165 O
689 2143 727 2172 13
751 2132 864 2173 δεινοί]
883 2143 946 2163 orn.
967 2143 987 2162 x
1009 2143 1069 2171 14:
1095 2133 1157 2164 del.
1181 2131 1346 2162 Benseler
1459 2139 1495 2168 14
1522 2132 1569 2170 ἐξ-

242 2178 371 2210 ελέσθαι
396 2190 418 2208 x
446 2188 482 2217 14
517 2178 569 2212 aes.
598 2178 679 2208 xxiii
707 2187 746 2216 91
777 2182 810 2208 et
837 2176 977 2207 Aristid.
1003 2177 1011 2206 i
1043 2179 1142 2215 7305:
1178 2175 1355 2217 ἀφελέσθαι
1385 2172 1568 2209 SL'A03

242 2222 453 2262 ἐξαφελέσθαι
473 2222 560 2261 vulg.
691 2230 729 2259 15
755 2220 891 2260 ἕτοιμοιῖ
909 2220 1006 2252 δεινοί
1024 2230 1044 2249 x
1066 2230 1113 2258 14.
1135 2218 1301 2250 Benseler
1422 2218 1460 2247 16
1485 2218 1569 2255 ὑμῶν

243 2265 267 2295 S
280 2265 306 2295 L
319 2265 368 2297 O:
396 2268 468 2305 ὑμῖν
485 2265 588 2304 vulg„
609 2264 648 2296 cf.
669 2275 691 2294 x
711 2274 748 2303 14
930 2274 965 2302 17
993 2265 1031 2301 δὴ
1048 2274 1069 2293 x
1090 2273 1151 2302 15:
1176 2264 1214 2295 ἂν
1232 2262 1255 2293 S
1269 2262 1327 2292 L1:
1354 2262 1392 2299 δὴ
1410 2261 1460 2292 διὰ
1477 2259 1569 2298 vulg.

246 2310 283 2340 18
307 2311 358 2341 καὶ
376 2312 433 2348 τῆς
452 2309 664 2349 δημοκρατίας
682 2307 760 2338 secl.
779 2307 886 2337 Cobet
998 2317 1039 2336 22
1063 2305 1337 2348 παρασκευάζεται
1356 2304 1380 2334 S
1394 2304 1419 2334 L
1431 2304 1461 2333 A
1473 2303 1503 2333 Y
1516 2303 1567 2336 O:

243 2352 519 2392 κατασκευάζεται
538 2352 626 2391 vulg.
774 2361 815 2390 23
840 2351 928 2390 ἡμῶν
945 2350 1034 2389 vulg.
1056 2362 1062 2381 ε
1087 2353 1171 2390 ὑμῶν
1189 2349 1212 2380 S
1226 2348 1293 2379 LV
1306 2348 1337 2378 O
1427 2347 1569 2378 alterum

244 2397 394 2436 ἀμύνεται
413 2396 436 2426 S
450 2396 475 2425 L
487 2395 517 2425 Y
537 2405 620 2425 corr.
641 2407 648 2426 ε
672 2396 835 2435 ἀμυνεῖται
853 2399 930 2425 cett.
952 2399 985 2423 et
1002 2394 1107 2424 schol.
1232 2403 1271 2431 24
1297 2393 1330 2425 ὃς
1348 2390 1568 2430 ὑπολαμβάνει

245 2440 269 2470 S
285 2440 310 2470 L
327 2440 409 2470 soli:
438 2441 522 2470 ὥστε
542 2438 780 2479 ὑπολαμβάνειν
798 2438 884 2476 vulg.
904 2442 938 2467 et
956 2448 977 2466 x
999 2447 1035 2476 15

1590 839 1629 862 10

1591 1171 1629 1205 15

1591 1505 1631 1527 20
