1763 2828
94 147 202 202 [195]
661 148 1146 188 ΔΗΜΟΣΘΕΝΟΎΣ
1495 143 1564 198 [xv

235 254 383 306 μένους’
403 255 492 298 τοὺς
509 254 718 306 ’Έλληνας
747 254 924 296 ἅπαντας
948 256 1140 304 πολεμεῖν
1164 254 1254 304 ὑμῖν
1278 249 1302 304 ἢ
1327 253 1563 307 ὀλιγαρχου-

235 321 376 374 μένους
410 324 554 376 φίλους
589 322 700 364 εἶναι.
774 320 871 373 πρὸς
903 322 976 372 μὲν
1006 322 1082 373 γὰρ
1111 319 1339 373 ἐλευθέρους
1372 322 1487 363 ὄντας
1519 322 1566 362 οὐ

235 393 424 444 χαλεπῶς
449 389 498 431 ἂν
524 389 682 443 εἰρήνην
701 390 800 440 ὑμᾶς
821 387 1066 439 ποιήσασθαι
1091 388 1249 439 νομίζω,
1271 388 1389 430 ὁπότε
1412 392 1562 440 βουλη·

235 458 378 508 θείητε,
412 456 509 510 πρὸς
542 457 574 498 δ’
607 455 966 510 ὀλιγαρχουμένους
998 455 1087 496 οὐδὲ
1119 454 1190 506 τὴν
1223 455 1363 507 φιλίαν
1395 455 1565 508 ἀσφαλῆ

235 525 393 576 νομίζω·
437 524 482 565 οὐ
516 526 591 577 γὰρ
628 523 712 565 ἔσθ’
749 524 855 566 ὅπως
892 524 1024 575 ὀλίγοι
1059 526 1227 564 πολλοῖς
1263 523 1326 564 καὶ
1364 523 1566 573 ζητοῦντες
1586 541 1604 573 5

238 591 375 645 ἄρχειν
399 595 482 634 τοῖς
506 590 589 642 μετ’
610 592 816 643 ἰσηγορίας
843 591 915 641 ζῆν
939 588 1143 647 ᾑρημένοις
1169 590 1272 630 εὖνοι
1296 588 1464 642 γένοιντ’
1482 589 1543 630 ἄν.

91 636 206 692 [196]
307 657 505 709 Θαυμάζω
525 657 557 698 δ’
578 659 611 699 εἰ
634 649 770 709 μηδεὶς
788 659 895 708 ὑμῶν
914 657 1069 709 ἡγεῖται
1088 658 1199 697 Χίων
1218 656 1566 710 ὀλιγαρχουμένων

166 702 209 738 19
239 726 303 766 καὶ
335 726 630 775 Μυτιληναίων,
665 724 726 765 καὶ
759 724 843 765 νυνὶ
871 723 1033 765 Ῥοδίων
1064 725 1126 765 καὶ
1158 724 1316 765 πάντων
1349 724 1568 776 ἀνθρώπων

236 793 374 844 ὀλίγου
416 791 492 832 δέω
527 790 663 843 λέγειν
698 792 754 833 εἷς
789 792 933 842 ταύτην
969 791 1041 841 τὴν
1076 792 1258 832 δουλείαν
1291 790 1565 843 ὑπαγομένων,

237 858 555 911 συγκινδυνεύειν
587 875 623 898 τι
653 857 723 908 τὴν
752 857 842 909 παρ’
870 858 963 909 ἡμῖν
993 859 1211 904 πολιτείαν,
1236 860 1334 909 μηδὲ
1366 858 1568 910 λογίζεται
1590 875 1630 898 10

232 925 340 967 τοῦθ’
365 926 425 966 ὅτι
451 925 518 965 οὐκ
544 925 653 966 ἔστιν
680 926 798 971 ὅπως,
827 925 859 965 εἰ
893 924 941 965 δι’
967 924 1202 978 ὀλιγαρχίας
1231 923 1386 966 ἅπαντα
1416 923 1564 975 συστή-

235 1009 361 1038 σεται,
388 992 459 1033 τὸν
483 991 572 1044 παρ’
598 993 689 1043 ὑμῖν
723 993 846 1042 δῆμον
875 990 1078 1033 ἐάσουσιν.
1153 992 1270 1032 ἵσασι
1297 992 1375 1043 γὰρ
1406 990 1567 1032 οὐδένας

227 1061 375 1104 ἄλλους
409 1059 531 1101 πάλιν
567 1061 621 1103 εἰς
655 1061 883 1114 ἐλευθερίαν
911 1058 997 1114 (ἂν)
1024 1062 1072 1101 τὰ
1105 1059 1303 1113 πράγματ’
1334 1058 1564 1113 ἐξάγοντας·

227 1128 319 1168 ὅθεν
355 1127 401 1178 δὴ
439 1128 558 1169 κακὸν
596 1129 728 1170 αὑτοῖς
769 1127 816 1169 ἄν
852 1146 889 1169 τι
925 1127 1115 1181 γενέσθαι
1152 1132 1419 1181 προσδοκῶσι,
1457 1127 1561 1168 τοῦτ’

150 1211 197 1239 20
227 1195 386 1236 ἀνελεῖν
405 1194 695 1246 βουλήσονται.
756 1195 846 1237 τοὺς
871 1197 944 1246 μὲν
965 1196 1034 1236 οὖν
1052 1194 1202 1238 ἄλλους
1220 1195 1311 1238 τοὺς
1330 1194 1561 1237 ἀδικοῦντάς
1583 1212 1621 1245 15

226 1278 335 1304 τινας
365 1262 493 1303 αὐτῶν
516 1266 595 1303 τῶν
621 1266 747 1304 κακῶς
778 1263 1035 1303 πεπονθότων
1062 1262 1226 1316 ἐχθροὺς
1254 1263 1441 1315 ἡγεῖσθαι
1468 1261 1558 1316 χρή·

227 1328 317 1371 τοὺς
342 1330 382 1370 δὲ
407 1331 478 1371 τὰς
498 1330 701 1372 πολιτείας
728 1330 998 1372 καταλύοντας
1023 1329 1087 1370 καὶ
1111 1328 1375 1381 μεθιστάντας
1395 1330 1450 1372 εἰς
1474 1330 1557 1370 ὀλι-

226 1397 398 1449 γαρχίαν
437 1397 590 1439 κοινοὺς
633 1396 799 1450 ἐχθροὺς
836 1400 1014 1449 παραινῶ
1053 1397 1224 1448 νομίζειν
1260 1395 1444 1438 ἁπάντων
1481 1400 1560 1437 τῶν

151 1477 193 1504 21
228 1464 453 1515 ἐλευθερίας
491 1463 797 1515 ἐπιθυμούντων.
871 1463 1008 1504 ἔπειτα
1047 1464 1108 1504 καὶ
1150 1464 1313 1511 δίκαιον,
1353 1461 1383 1503 ὦ
1421 1463 1560 1515 ἄνδρες

227 1529 443 1580 Ἀθηναῖοι,
493 1529 880 1582 δημοκρατουμένους
928 1530 1070 1573 αὐτοὺς
1115 1534 1275 1571 τοιαῦτα
1316 1534 1560 1584 φρονοῦντας
1581 1548 1622 1570 20

228 1597 443 1650 φαίνεσθαι
481 1597 570 1649 περὶ
609 1601 687 1638 τῶν
727 1597 980 1651 ἀτυχούντων
1020 1596 1165 1648 δήμων,
1206 1596 1344 1650 οἷάπερ
1383 1597 1431 1639 ἂν
1469 1597 1560 1640 τοὺς

226 1663 374 1706 ἄλλους
399 1662 610 1715 ἀξιώσαιτε
630 1667 794 1718 φρονεῖν
821 1664 910 1716 περὶ
935 1665 1055 1716 ὑμῶν,
1078 1666 1114 1705 εἴ
1137 1663 1237 1711 ποθ’,
1266 1663 1286 1705 ὃ
1310 1664 1362 1715 μὴ
1388 1664 1558 1716 γένοιτο,

226 1731 381 1772 τοιοῦτό
409 1748 446 1771 τι
476 1733 667 1783 συμβαίη.
741 1731 804 1772 καὶ
834 1733 909 1784 γὰρ
936 1732 968 1772 εἰ
999 1730 1129 1772 δίκαιά
1157 1748 1216 1774 τις
1241 1730 1366 1783 φήσει
1389 1730 1560 1773 Ῥοδίους

226 1797 479 1845 πεπονθέναι,
501 1798 569 1839 οὐκ
589 1797 809 1850 ἐπιτήδειος
829 1798 849 1838 ὁ
872 1798 1004 1851 καιρὸς
1025 1800 1263 1851 ἐφησθῆναι·
1301 1802 1361 1840 δεῖ
1377 1800 1453 1851 γὰρ
1471 1798 1560 1840 τοὺς

227 1865 485 1919 εὐτυχοῦντας
519 1865 607 1918 περὶ
645 1869 723 1906 τῶν
758 1865 1010 1919 ἀτυχούντων
1041 1866 1102 1906 ἀεὶ
1132 1866 1350 1918 φαίνεσθαι
1378 1867 1426 1906 τὰ
1459 1864 1558 1916 βέλ-
1582 1880 1620 1913 25

226 1949 344 1973 τιστα
371 1932 700 1985 βουλευομένους,
735 1931 945 1986 ἐπειδήπερ
975 1932 1124 1984 ἄδηλον
1155 1932 1200 1974 τὸ
1228 1932 1380 1985 μέλλον
1409 1932 1560 1974 ἅπασιν

227 1999 461 2052 ἀνθρώποις.

270 2120 289 2148 4
314 2110 388 2142 τοὺς
405 2115 483 2150 post
501 2110 536 2143 δὲ
553 2110 631 2143 add.
649 2111 738 2151 vulg.
755 2122 762 2142 :
786 2121 850 2143 orn.
869 2111 893 2143 S
906 2110 937 2142 A
1115 2121 1134 2151 5
1158 2111 1310 2152 πολλοῖς]
1333 2113 1401 2143 τοῖς
1425 2111 1558 2142 πολλοῖς

224 2157 264 2188 G.
295 2157 339 2188 H.
369 2156 533 2188 Schaeser
722 2165 761 2195 13
794 2157 832 2189 ἂν
860 2155 973 2188 addidi
1002 2155 1080 2197 (vel,
1111 2155 1140 2187 si
1166 2156 1282 2195 mavis,
1311 2161 1388 2196 post
1415 2155 1560 2193 οὐδένας)

224 2201 398 2242 ἐξάγοντας
427 2202 477 2233 S:
511 2201 729 2243 ἐξαγαγόντας
758 2201 814 2231 A:
843 2201 1017 2241 ἐπαξόντας
1044 2201 1098 2232 Y:
1133 2203 1171 2233 ἂν
1200 2200 1413 2241 ἐπανάξοντας
1441 2199 1555 2238 vulg.:

225 2245 439 2285 ἐπανάξοντας
459 2245 594 2276 Bekker
723 2254 761 2283 14
787 2244 875 2276 τοῦτ’
894 2244 961 2276 SA
978 2255 984 2274 :
1009 2244 1142 2276 τούτους
1158 2244 1248 2283 vulg.
1372 2253 1410 2282 15
1434 2244 1555 2274 ἄλλους

224 2289 298 2320 τοὺς
315 2289 404 2327 vulg.
424 2300 430 2319 :
456 2290 577 2321 ἄλλους
595 2289 618 2320 S
636 2300 644 2319 :
669 2289 776 2320 ἄλλως
796 2287 895 2318 Blass
1043 2289 1081 2318 16
1105 2288 1170 2329 χρή
1187 2298 1250 2318 om.
1270 2286 1307 2318 5ι
1451 2296 1489 2316 21
1517 2288 1555 2318 ἂν

225 2342 291 2362 om.
313 2332 401 2370 vulg.
421 2343 427 2362 ε
453 2332 529 2363 add.
551 2332 575 2363 S
589 2331 621 2362 A
722 2342 763 2362 22
787 2331 973 2372 ἀξιώσαιτε]
992 2332 1145 2371 ἀξιώσετε
1163 2331 1257 2362 codd.
1361 2340 1403 2369 23
1427 2331 1554 2361 τοιοῦτο

227 2375 292 2406 del.
307 2376 454 2413 Dobree,
470 2376 511 2406 cf.
529 2375 684 2406 Prooem.
699 2375 770 2406 xxii
782 2385 801 2405 2
918 2384 1023 2414 23—24
1037 2376 1065 2407 εἷ
1077 2398 1084 2405 .
1102 2398 1109 2405 .
1127 2399 1133 2404 .
1150 2376 1206 2406 οὐκ
1220 2375 1397 2412 ἐπιτήδειος
1411 2374 1434 2405 S
1448 2373 1554 2412 vulg:

227 2420 292 2450 οὐδ’
310 2420 338 2450 εἶ
354 2443 361 2450 .
377 2442 384 2450 .
401 2444 407 2450 .
427 2418 607 2456 ἐπιτήδειος
623 2419 654 2449 Α
812 2428 853 2457 23
877 2420 975 2458 φήσει
993 2418 1017 2449 S
1034 2429 1039 2449 :
1065 2418 1180 2458 φήσειε
1198 2417 1229 2448 O
1246 2428 1252 2447 :
1276 2418 1314 2449 ἂν
1331 2418 1445 2458 φήσειε
1463 2417 1550 2456 vulg.

227 2463 270 2493 26
293 2461 546 2502 βουλευομένους
564 2462 588 2493 S
605 2462 693 2501 vulg.
709 2472 715 2494 τ
740 2461 957 2501 βουλομένους
975 2460 1006 2491 Α
1019 2461 1049 2492 Y
1066 2471 1168 2499 corn,
1186 2460 1225 2492 cs.
1245 2463 1260 2499 ξ
1279 2470 1320 2491 22
