1763 2828
107 126 212 180 [134]

173 242 210 270 11

173 911 212 936 12

111 1629 214 1684 [135]

175 1845 216 1879 14

655 119 1173 174 [ΔΗΜΟΣΘΕΝΟὙΣ]
1529 118 1570 174 [x

312 230 431 278 Εἰσὶν
451 228 492 270 δέ
517 246 620 271 τινες
646 229 681 269 ol
709 228 799 280 πρὶν
820 228 989 267 ἀκοῦσαι
1009 227 1098 269 τοὺς
1122 229 1218 279 ὑπὲρ
1237 230 1315 268 τῶν
1333 225 1573 279 πραγμάτων

242 297 387 350 λόγους
406 295 548 338 εὐθέως
568 296 754 336 εἰώθασιν
776 296 926 346 ἐρωτᾶν
948 296 956 311 ‘
970 294 1010 334 τί
1028 294 1096 334 οὖν
1120 294 1196 347 χρὴ
1217 297 1363 340 ποιεῖν;
1380 292 1389 307 ’
1425 293 1500 346 οὐχ
1523 292 1573 334 ἵν’

243 364 484 405 ἀκούσαντες
508 361 709 412 ποιήσωσι
727 360 1041 415 (χρησιμώτατοι
1067 363 1142 413 γὰρ
1162 360 1210 401 ἂν
1235 358 1338 410 ἦσαν
1363 358 1572 410 ἁπάντων),

243 431 335 472 ἀλλ’
361 431 424 471 ἵνα
447 433 515 470 τοῦ
539 429 728 481 λέγοντος
757 429 1064 480 ἀπαλλαγῶσιν.
1138 430 1198 467 δεῖ
1219 425 1252 467 δ’
1277 427 1382 477 ὅμως
1405 426 1528 467 εἰπεῖν
1551 427 1575 467 ὅ

242 515 280 538 τι
304 497 378 551 χρὴ
406 499 544 537 ποιεῖν.
604 499 757 547 πρῶτον
782 495 866 546 μέν,
889 493 918 535 ὦ
946 494 1083 547 ἄνδρες
1103 494 1319 544 Ἀθηναῖοι,
1345 496 1458 533 τοῦτο
1483 492 1574 546 παρ’

241 565 331 615 ὑμῖν
351 563 482 605 αὐτοῖς
506 563 687 613 βεβαίως
708 566 867 614 γνῶναι,
891 563 950 601 ὅτι
977 567 1024 618 τῇ
1050 561 1167 601 πόλει
1187 562 1390 602 Φίλιππος
1407 563 1579 610 πολεμεῖ

244 633 305 672 καὶ
330 631 400 680 τὴν
427 629 582 682 εἰρήνην
607 628 788 674 λέλυκεν,
817 629 880 669 καὶ
912 629 1098 670 κακόνους
1128 626 1200 678 μέν
1224 628 1312 667 ἐστι
1339 627 1401 667 καὶ
1433 625 1575 680 ἐχθρὸς

243 699 316 753 ὅλῃ
343 698 387 752 τῇ
414 697 529 736 πόλει
561 697 622 736 καὶ
650 699 703 749 τῷ
734 697 803 745 τῆς
828 696 983 737 πόλεως
1014 694 1164 747 ἐδάφει,
1192 692 1411 746 προσθήσω
1440 694 1482 733 δὲ
1513 692 1575 733 καὶ

242 768 324 805 τοῖς
350 765 391 804 ἐν
411 769 458 820 τῇ
477 763 594 803 πόλει
616 765 731 808 θεοῖς,
754 763 865 814 οἵπερ
886 761 1004 802 αὐτὸν
1024 760 1271 812 ἐξολέσειαν,
1293 760 1422 802 οὐδενὶ
1439 759 1576 812 μέντοι

273 834 289 843 r*
428 827 443 842 ’λ
503 834 519 843 Α
692 830 703 843 Ι
903 832 920 841 Α
974 828 983 841 5
1013 828 1022 842 ²
1059 830 1068 843 ᾖ
1258 827 1270 842 Ι
1396 828 1406 841 Κ
1561 829 1579 838 Α

242 836 399 882 μαλλον
424 847 446 879 η
473 846 520 885 τῃ
544 834 727 882 πολιτειᾳ
752 834 917 879 πολεμει
943 831 1009 869 ουδ
1052 832 1318 879 επιβουλευει,
1346 844 1408 867 και
1435 843 1576 867 σκοπει
1598 840 1638 863 10

242 900 398 948 μᾶλλον
428 896 540 936 οὐδὲν
572 899 650 935 τῶν
679 894 837 936 πάντων
867 892 890 945 ἢ
921 899 1003 937 πῶς
1037 894 1184 945 ταύτην
1214 893 1440 934 καταλύσει.
1514 893 1575 933 καὶ

242 963 344 1003 τοῦτ’
370 961 415 1013 ἐξ
442 961 615 1014 ἀνάγκης
642 962 790 1014 τρόπον
818 963 905 1002 τινὰ
934 965 1002 1002 νῦν
1028 978 1074 1014 γε
1103 961 1148 1011 δὴ
1178 965 1293 1001 ποιεῖ.
1364 960 1575 1012 λογίζεσθε

243 1029 329 1083 γάρ.
400 1029 537 1083 ἄρχειν
580 1029 785 1080 βούλεται,
829 1029 968 1069 τούτου
1010 1028 1044 1068 δ’
1088 1029 1386 1080 ἀνταγωνιστὰς
1431 1027 1575 1078 μόνους

243 1098 464 1148 ὑπείληφεν
488 1097 599 1147 ὑμᾶς.
659 1096 786 1136 ἀδικεῖ
809 1096 935 1136 πολὺν
961 1096 1108 1148 χρόνον
1129 1094 1216 1145 ἤδη,
1243 1094 1308 1135 καὶ
1332 1093 1434 1134 τοῦτ’
1459 1092 1576 1136 αὐτὸς

245 1164 388 1216 ἄριστα
405 1163 584 1203 σύνοιδεν
602 1163 718 1217 αὑτῷ·
752 1162 808 1204 οῖς
823 1163 897 1215 γὰρ
915 1161 1027 1202 οὖσιν
1041 1160 1243 1213 ὑμετέροις
1259 1161 1344 1214 ἔχει
1360 1156 1573 1214 [χρῆσθαι],

245 1231 395 1272 τούτοις
432 1229 586 1271 ἅπαντα
621 1228 751 1269 τᾶλλα
786 1230 966 1280 βεβαίως
1003 1228 1198 1278 κέκτηται·
1248 1228 1282 1268 εἰ
1316 1228 1392 1280 γὰρ
1428 1226 1573 1279 Ἀμφί-

246 1303 364 1338 πολιν
390 1297 452 1337 καὶ
478 1298 716 1336 Ποτείδαιαν
741 1299 912 1348 προεῖτο,
942 1295 1021 1336 οὐδ’
1041 1295 1089 1335 ἂν
1115 1295 1158 1335 ἐν
1185 1295 1414 1348 Μακεδονίᾳ
1444 1293 1575 1344 μένειν

247 1365 442 1415 ἀσφαλῶς
491 1363 666 1404 ἐδύνατο.
737 1361 929 1414 ἀμφότερ’
972 1361 1040 1402 οὖν
1082 1360 1176 1407 οἶδε,
1221 1361 1282 1401 καὶ
1329 1359 1445 1400 αὑτὸν
1485 1360 1575 1410 ὑμῖν

247 1431 560 1482 ἐπιβουλεύοντα
585 1431 648 1470 καὶ
675 1430 773 1480 ὑμᾶς
803 1427 1125 1479 αἰσθανομένους·
1166 1428 1206 1467 εὖ
1233 1430 1395 1480 φρονεῖν
1421 1425 1454 1466 δ’
1476 1426 1575 1477 ὑμᾶς

246 1496 543 1548 ὑπολαμβάνων
561 1500 694 1547 μισεῖν
715 1495 834 1536 αὑτὸν
852 1496 1019 1548 ἡγεῖται.
1082 1493 1179 1546 πρὸς
1198 1496 1239 1534 δὲ
1263 1493 1416 1535 τούτοις
1434 1493 1575 1533 τοσού-

246 1581 327 1606 τοις
355 1563 467 1604 οῧσιν
498 1564 600 1604 οἶδεν
630 1564 802 1615 ἀκριβῶς
833 1564 906 1608 ὅτι,
939 1561 1018 1602 οὐδ’
1044 1560 1091 1602 ἂν
1121 1560 1305 1601 ἁπάντων
1333 1564 1411 1601 τῶν
1440 1559 1576 1600 ἄλλων

246 1631 406 1684 γένηται
433 1631 570 1683 κύριος,
594 1630 706 1670 οὐδὲν
726 1628 808 1669 ἔστ’
830 1629 932 1683 αὐτῷ
953 1629 1135 1680 βεβαίως
1162 1629 1282 1681 ἔχειν,
1304 1627 1376 1669 ἕως
1402 1626 1449 1667 ἂν
1468 1627 1576 1678 ὑμεῖς

246 1700 558 1750 δημοκρατῆσθε,
581 1696 671 1737 ἀλλ’
691 1696 738 1736 ἄν
758 1713 854 1736 ποτε
881 1696 1018 1751 συμβῇ
1044 1712 1081 1735 τι
1107 1698 1286 1746 πταῖσμα
1302 1693 1451 1745 (πολλὰ
1477 1693 1509 1734 δ’
1527 1692 1576 1733 ἂν

245 1764 389 1818 γένοιτ’
416 1762 634 1818 ἀνθρώπῳ),
659 1763 745 1814 ἥξει
771 1762 898 1803 πάντα
923 1764 971 1802 τά
996 1765 1064 1802 νῦν
1089 1760 1348 1813 βεβιασμένα
1373 1761 1435 1801 καὶ
1461 1777 1576 1800 κατα-

247 1831 432 1884 φεύξεται
452 1831 548 1883 πρὸς
565 1832 677 1881 ὑμᾶς.
739 1832 830 1870 ἐστὲ
851 1831 926 1882 γὰρ
946 1830 1054 1880 ὑμεῖς
1073 1828 1141 1868 οὐκ
1160 1828 1269 1868 αὐτοὶ
1288 1829 1578 1878 πλεονεκτῆσαι

248 1899 310 1938 καὶ
351 1900 568 1952 κατασχεῖν
611 1897 738 1950 ἀρχὴν
779 1897 819 1937 εῧ
857 1897 1089 1949 πεφυκότες,
1130 1895 1222 1936 ἀλλ’
1263 1896 1395 1948 ἕτερον
1432 1897 1578 1945 λαβεῖν

247 1968 425 2006 κωλῦσαι
463 1966 524 2006 καὶ
561 1964 692 2018 ἔχοντ’
731 1962 958 2015 ἀφελέσθαι
997 1964 1058 2003 καὶ
1097 1964 1200 2005 ὅλως
1239 1964 1461 2015 ἐνοχλῆσαι
1497 1964 1579 2003 τοῖς

294 2081 330 2116 ἐξ
353 2086 456 2116 11-27
477 2076 515 2107 cs.
537 2076 592 2107 viii
613 2079 649 2114 ἐξ
669 2076 772 2114 38—51
793 2079 825 2106 et
842 2074 872 2104 vi
894 2077 930 2113 ἐξ
953 2074 1055 2113 17-18
1221 2084 1234 2104 1
1261 2073 1312 2114 δέ]
1331 2074 1369 2112 δή
1388 2072 1486 2103 Blass
1503 2071 1579 2104 coll.

249 2131 292 2151 xv
309 2130 350 2160 25
512 2130 545 2150 11
575 2123 639 2152 πῶς
660 2120 682 2149 S
700 2131 706 2150 :
731 2120 812 2151 ὅπως
830 2122 907 2148 cett.
1017 2117 1193 2151 καταλύσει
1213 2117 1240 2147 Β
1256 2116 1342 2147 FY:
1367 2115 1535 2158 καταλύσῃ
1555 2115 1579 2145 S

249 2165 352 2203 vulg.,
373 2164 412 2195 cs.
432 2164 488 2194 viii
508 2174 550 2202 40
681 2173 718 2192 12
743 2164 797 2194 νῦν
813 2175 853 2203 γε
872 2163 909 2200 δὴ
927 2164 1013 2193 ποιεῖ
1026 2161 1115 2200 vulg.
1135 2166 1168 2191 et
1185 2161 1217 2191 vi
1239 2170 1295 2199 17:
1321 2162 1374 2192 νῦν
1389 2158 1424 2201 γ’
1441 2161 1479 2191 ἂν
1495 2161 1584 2190 ποιοῖ

252 2208 287 2238 S¹
315 2208 363 2247 (δὲ
389 2209 428 2247 δὴ
454 2217 557 2247 supra
584 2217 646 2237 scr.
674 2210 740 2236 ant.
770 2212 827 2245 m.)
1001 2214 1038 2244 14
1071 2203 1188 2245 χρόνον
1212 2205 1272 2242 ἤδη
1299 2203 1342 2235 S:
1375 2204 1436 2241 ἤδη
1460 2202 1581 2244 χρόνον

251 2251 338 2290 vulg.
361 2256 393 2281 et
411 2252 442 2281 vi
465 2261 500 2290 17
648 2259 685 2288 15
709 2251 848 2290 χρῆσθαι
865 2249 933 2279 del.
951 2248 1069 2286 Cobet,
1083 2249 1123 2279 cf.
1135 2247 1167 2279 vi
1188 2257 1223 2287 17
1362 2256 1398 2285 17
1425 2248 1458 2278 ἐν
1475 2251 1580 2278 Μακε-

252 2294 356 2336 δονῖᾳῖ
376 2297 455 2326 οἴκοι
473 2295 504 2324 vi
527 2305 561 2333 17
745 2293 783 2322 18
810 2292 943 2324 ἐδύνατο
962 2292 985 2321 S
997 2292 1026 2321 Λ
1042 2292 1066 2321 F
1081 2305 1131 2333 γρ.
1151 2302 1158 2321 t
1183 2292 1296 2332 ἡγεῖτο
1313 2290 1403 2329 vulg.
1421 2301 1428 2319 :
1452 2289 1579 2330 ἡγεῖται

253 2338 360 2368 Cobet
384 2339 438 2368 hic
462 2344 494 2368 et
512 2338 542 2367 vi
566 2347 600 2376 ¹7
779 2345 822 2366 20
846 2336 970 2367 δικαίως
993 2341 1072 2365 ante
1094 2337 1201 2376 μισεῖν
1222 2334 1296 2365 add.
1318 2333 1406 2372 vulg.
1425 2345 1430 2363 :
1459 2342 1523 2364 om.
1543 2331 1580 2362 5¹

253 2381 345 2412 Solus
479 2392 518 2419 24
544 2381 726 2421 τανθρώπωι
746 2379 769 2407 S
859 2378 1075 2419 BeBcaffpaef'va]
1094 2376 1363 2418 συμβεβιασμένα
1379 2376 1433 2406 viii
1452 2386 1489 2414 41

1594 509 1612 542 5

1598 1173 1636 1206 Ῑ5

1599 1508 1639 1531 20

1600 1842 1638 1874 25
