1763 2828
804 411 926 450 XVII

71 537 168 593 [211]
202 540 345 581 ΠΕΡΙ
379 539 504 581 ΤΩΝ
536 534 700 584 ΠΡΟΣ
730 536 1153 583 ΑΛΕΞΑΝΔΡΟΝ
1185 534 1532 583 ΣΤΝΘΗΚΩΝ

61 1698 165 1753 [212]

757 671 975 700 ΤΠΟΘΕΣΙΣ.

251 744 498 794 Ἀλεξάνδρου
521 746 586 782 τοῦ
610 744 824 785 Μακεδόνος
848 745 1121 797 καταγαγόντος
1145 746 1194 786 εἷς
1218 747 1427 796 Μεσσήνην
1450 748 1534 788 τοὺς

197 800 375 837 Φιλιάδου
394 801 459 837 τοῦ
479 799 657 848 τυράννου
676 798 819 844 παῖδας,
841 800 999 838 αἰτιᾶται
1024 801 1125 849 παρὰ
1147 801 1210 840 τὰς
1234 800 1419 850 συνθήκας
1443 801 1534 840 εἶναι

196 856 305 892 τοῦτο
342 854 406 893 τὰς
444 853 536 902 πρὸς
574 851 792 902 Ἀθηναίους
832 853 891 891 καὶ
923 854 1115 902 ’Έλληνας
1156 855 1364 904 γενομένας·
1416 873 1533 905 παρα-

196 908 403 957 βεβηκέναι
432 907 469 944 δὲ
499 907 558 945 καὶ
588 909 626 945 ἐν
655 908 787 947 ἄλλοις
819 909 978 947 πολλοῖς
1006 909 1071 947 τὰς
1099 907 1284 957 συνθήκας
1318 909 1417 957 φησὶ
1449 910 1533 951 τοὺς

198 961 426 1006 Μακεδόνας,
466 961 525 999 καὶ
568 960 621 1010 μὴ
667 964 841 1011 περιορᾶν
878 964 994 999 ταῦτα
1032 964 1210 1011 παραινεῖ.
1286 963 1305 1000 ὁ
1344 962 1382 1000 δὲ
1420 964 1533 1015 λόγος

197 1016 494 1068 ψευδεπιγραφος
526 1015 615 1053 εἶναι
646 1015 843 1053 δοκεῖ·οὗ
876 1017 949 1066 γὰρ
984 1015 1076 1053 ἔοικε
1111 1017 1203 1053 κατὰ
1235 1016 1302 1064 τὴν
1332 1016 1429 1055 ἰδέαν
1456 1020 1534 1058 τοῖς

197 1071 328 1111 ἄλλοις
360 1087 436 1110 τοις
469 1072 534 1108 τοῦ
564 1069 844 1119 Δημοσθένους,
876 1071 978 1107 ἀλλὰ
1006 1072 1056 1120 τῷ
1085 1067 1296 1119 Ὑπερείδου
1329 1073 1534 1121 χαρακτῆρι

196 1128 346 1175 μᾶλλον
366 1126 588 1175 προσχωρεῖ,
609 1124 655 1162 τά
674 1122 705 1162 τ’
729 1124 831 1161 ἄλλα
854 1123 913 1161 καὶ
937 1109 1055 1169 λέξεις
1078 1141 1176 1164 τινας
1201 1124 1276 1175 ἔχει
1301 1124 1378 1163 κατ’
1398 1127 1534 1164 ε’κεινον

195 1182 346 1229 μᾶλλον
385 1179 574 1229 εἰρημένας
621 1177 644 1228 ἢ
690 1179 755 1218 τὸν
794 1177 1055 1228 Δημοσθένην,
1094 1177 1173 1217 οἱον
1211 1178 1426 1218 νεόπλουτοι
1474 1180 1533 1218 καὶ

196 1234 500 1284 βδελυρεύσεται.

258 1359 399 1411 ’Ἄξιον
437 1360 720 1414 ἀποδέχεσθαι,
760 1356 790 1399 ὦ
827 1358 966 1412 ἄνδρες
1004 1358 1220 1410 Ἀθηναῖοι,
1261 1360 1419 1412 σφόδρα
1453 1363 1532 1401 τῶν

196 1432 278 1471 τοῖς
315 1429 445 1480 ὅρκοις
486 1427 548 1468 καὶ
585 1430 670 1469 ταῖς
707 1425 921 1477 συνθήκαις
965 1426 1299 1478 διακελευομένων
1336 1426 1529 1478 ἐμμένειν,

197 1497 306 1548 εἴπερ
343 1494 435 1535 αὐτὸ
477 1493 738 1545 πεπεισμένοι
780 1496 975 1534 ποιοῦσιν·
1026 1493 1134 1545 οἶμαι
1170 1496 1245 1546 γὰρ
1281 1494 1394 1534 οὐδὲν
1431 1495 1530 1534 οὕτω

197 1566 279 1604 τοῖς
320 1560 697 1614 δημοκρατουμένοις
740 1560 904 1614 πρέπειν
946 1560 998 1603 ὡς
1039 1560 1128 1613 περὶ
1169 1560 1213 1601 τὸ
1254 1562 1344 1602 ἴσον
1384 1561 1446 1601 καὶ
1486 1560 1531 1601 τὸ

197 1630 346 1670 δίκαιον
372 1627 617 1678 σπουδάζειν.
678 1631 739 1669 δεῖ
762 1628 893 1668 τοίνυν
918 1627 1009 1670 τοὺς
1033 1628 1126 1668 λίαν
1151 1627 1213 1668 ἐπ’
1233 1628 1331 1669 αὐτὰ
1355 1644 1528 1680 παρακα-

196 1700 363 1737 λοῦντας
394 1695 446 1746 μὴ
480 1698 533 1750 τῷ
566 1696 637 1746 μὲν
669 1695 778 1748 λόγῳ
811 1693 1138 1748 καταχρωμένους
1175 1696 1370 1748 ἐνοχλεῖν,
1402 1694 1532 1736 πάντα

198 1765 239 1804 δὲ
268 1765 425 1814 μᾶλλον
451 1761 647 1814 πράττειν,
675 1760 767 1802 ἀλλ’
793 1762 1079 1812 ὑπομείναντας
1105 1762 1188 1802 νυνὶ
1218 1761 1286 1802 τὸν
1312 1761 1532 1813 ἐξετασμὸν

198 1826 222 1880 ἢ
249 1830 310 1870 καὶ
334 1828 378 1869 τὸ
402 1828 544 1869 λοιπὸν
564 1827 819 1880 πειθομένους
843 1829 941 1879 ὑμᾶς
962 1828 1070 1882 ἔχειν
1090 1829 1178 1881 περὶ
1204 1828 1343 1875 αὐτῶν,
1363 1825 1386 1879 ἢ
1407 1845 1530 1881 παρα-

199 1894 460 1950 χωρήσαντας
493 1896 562 1936 ἐᾶν
593 1895 885 1947 συμβουλεύειν
920 1895 1009 1936 τοὺς
1046 1895 1295 1948 ἀληθέστερα
1331 1894 1418 1947 περὶ
1453 1898 1531 1935 τῶν

199 1964 359 2004 δικαίων
378 1962 735 2015 ἀποφαινομένους,
757 1961 806 2002 ἵν’
827 1959 850 2012 ἢ
878 1962 1033 2003 ἑκόντες
1059 1962 1304 2013 ἀδικούμενοι
1329 1961 1531 2016 ἀνέχησθε

201 2029 261 2070 καὶ
287 2029 380 2070 αὐτὸ
404 2032 518 2070 τοῦτο
543 2030 759 2084 χαρίζησθε
788 2032 841 2083 τῷ
873 2029 1081 2075 ἀδικοῦντι,
1108 2025 1131 2079 ἦ
1158 2029 1418 2082 προελόμενοι
1441 2028 1531 2080 περὶ

200 2098 392 2138 πλείστου
421 2095 668 2147 ποιήσασθαι
697 2095 741 2136 τὸ
771 2096 922 2136 δίκαιον
952 2094 1204 2148 ἀνεγκλήτως
1229 2095 1326 2148 πρὸς
1355 2094 1530 2137 ἅπαντας

199 2165 353 2218 χρῆσθε
377 2167 430 2219 τῷ
458 2162 701 2216 συμφέροντι
725 2162 863 2214 μηκέτι
885 2162 1115 2213 μέλλοντες.
1176 2162 1223 2214 ἐξ
1244 2162 1371 2203 αὐτῶν
1390 2163 1432 2202 δὲ
1451 2165 1530 2201 τῶν

243 2284 263 2313 3
294 2275 369 2317 πρὸς
395 2274 579 2312 Ἀθηναίους
604 2274 655 2305 καὶ
676 2271 840 2310 ἽΞλληνας
865 2271 979 2303 Wolf:
1012 2272 1084 2313 παρ’
1109 2272 1284 2310 Ἀθηναίοις
1312 2271 1392 2303 καὶ“
1391 2269 1529 2308 Ελλησι

201 2319 321 2349 codd*
347 2318 523 2356 Αθηναίοις
541 2318 611 2349 nal‘
610 2316 746 2354 Ἐλλησι
765 2315 904 2355 Sauppe
1072 2327 1107 2354 14
1133 2317 1173 2348 ὡς
1190 2316 1261 2356 περὶ
1278 2315 1387 2354 v.:ulg
1421 2315 1529 2355 ὥσπερ

201 2362 226 2393 S
239 2361 273 2392 F¹
428 2370 466 2400 15
491 2361 571 2393 αὐτὰ
588 2360 633 2392 S:
659 2360 734 2392 αὐτὸ
752 2359 844 2398 vulg.
859 2370 867 2390 ε
890 2361 994 2391 ταῦτα
1010 2358 1042 2389 Α
1191 2369 1232 2389 22
1256 2358 1398 2390 ἅπαντας
1415 2357 1526 2396 vulg&

201 2406 328 2438 ἅπαντα
345 2405 379 2444 S,
400 2403 439 2435 cs.
459 2404 517 2435 xiv
533 2412 575 2443 35

1553 983 1571 1014 5

1554 1251 1594 1273 10

1554 1646 1591 1678 15

1552 1977 1592 2000 20
