1763 2828
105 147 210 201 [412]

144 534 214 568 230

104 785 210 840 [413]

145 1134 208 1168 231

146 1465 211 1498 232

147 1992 214 2027 233

667 142 1153 181 ΔΗΜΟΣΘΕΝΟΎΣ
1478 135 1563 189 [mx

246 248 399 301 κράτης,
436 249 643 301 Αἰσχίνης,
684 247 864 298 Φρύνων,
901 244 1175 297 Δημοσθένης.
1244 245 1286 285 τί
1315 244 1401 290 οὖν,·
1443 244 1463 282 6
1495 246 1568 294 μὲν

245 315 340 367 πρὸς
365 319 417 370 τῷ
442 317 563 366 μηδὲν
589 316 631 355 ἐκ
657 316 724 364 τῆς
750 314 969 365 πρεσβείας
999 315 1145 362 λαβεῖν
1174 311 1262 353 τοὺς
1292 310 1567 363 αἰχμαλώτους

243 383 287 423 ἐκ
318 386 396 423 τῶν
425 382 532 423 ἰδίων
566 381 751 422 ἐλύσατο·
790 381 810 419 ὁ
844 379 876 420 δ’
901 381 955 420 ὧν
988 381 1036 419 τὰ
1068 381 1137 429 τῆς
1169 378 1322 419 πόλεως
1357 376 1568 429 πράγματα

243 448 457 502 χρημάτων
508 447 689 495 ἀπέδοτο,
738 448 885 488 τούτων
938 446 1084 497 πόρνας
1132 445 1298 496 ἠγόραζε
1346 443 1409 484 καὶ
1455 444 1567 497 ἰχθῦς

244 516 417 567 περιιών.
491 514 551 554 καὶ
586 515 605 554 6
637 516 709 566 μὲν
742 514 810 555 τὸν
843 513 927 554 υἱὸν
959 514 1118 564 ἔπεμψε
1151 511 1354 565 Φιλίππῳ,
1389 510 1478 562 πρὶν
1512 511 1567 552 εἰς
1587 526 1606 558 5

244 582 386 634 ἄνδρας
423 580 638 633 ἐγγράψαι,
677 582 698 620 ὁ
732 580 871 632 μιαρὸς
903 580 1081 631 Φρύνων·
1132 579 1153 618 6
1189 577 1222 618 δ’
1259 577 1371 619 οὐδὲν
1407 574 1567 627 ἀνάξιον

244 649 332 690 οὔτε
357 650 426 699 τῆς
452 648 606 689 πόλεως
631 646 713 687 οὔθ’
741 648 857 687 αὑτοῦ
881 645 1126 698 διεπράξατο.
1201 646 1262 685 καὶ
1289 645 1310 684 6
1340 646 1415 695 μὲν
1446 660 1565 697 χορη-

243 719 324 767 γῶν
363 715 425 755 καὶ
466 717 714 767 τριηραρχῶν
755 713 812 754 ἔτι
854 713 917 753 καὶ
955 712 1060 752 ταῦτ’
1100 711 1199 767 ᾤετο
1237 714 1320 752 δεῖν
1357 710 1567 761 ἐθελοντὴς

243 782 491 827 ἀναλίσκειν,
519 777 728 832 [λύεσθαι,]
752 779 886 832 μηδέν’
912 780 954 820 ἐν
986 784 1174 833 συμφορᾷ
1202 782 1280 818 τῶν
1310 781 1486 818 πολιτῶν
1517 776 1565 817 δι’

243 848 396 889 ἔνδειαν
422 849 621 899 περιορᾶν·
660 848 680 886 ὁ
710 848 752 887 δὲ
781 846 973 886 τοσούτου
1007 848 1068 886 δεῖ
1096 849 1174 885 τῶν
1206 845 1462 898 ὑπαρχόντων
1492 843 1565 884 τιν’

243 913 500 968 αἰχμάλωτον
533 917 677 960 σῶσαι,
709 912 807 953 ὥσθ’
832 913 931 953 ὅλον
963 912 1086 952 τόπον
1120 912 1182 952 καὶ
1213 915 1330 952 πλεῖν
1356 907 1380 961 ἢ
1410 912 1567 963 μυρίους

241 983 312 1033 μὲν
339 981 518 1027 ὁπλίτας,
546 981 641 1031 ὁμοῦ
665 982 706 1021 δὲ
732 981 887 1033 χιλίους
914 978 1058 1020 ἱππέας
1081 982 1160 1019 τῶν
1183 977 1442 1031 ὑπαρχόντων
1467 993 1565 1028 συμ-

241 1047 381 1102 μάχων
428 1048 535 1089 ὅπως
583 1046 833 1100 αἰχμάλωτοι
878 1045 1073 1098 γένωνται
1118 1045 1320 1099 Φιλίππῳ,
1365 1061 1565 1095 συμπαρε-

244 1115 456 1156 σκεύασεν.
518 1114 558 1154 τί
581 1114 647 1155 οὖν
671 1115 770 1165 μετὰ
789 1116 929 1160 ταῦτα;
957 1112 1162 1162 Ἀθηναῖοι
1185 1111 1398 1162 λαβόντες,
1417 1110 1568 1167 ᾔδεσαν

241 1184 314 1233 μὲν
350 1183 426 1234 γὰρ
464 1179 600 1221 πάλαι·
643 1181 686 1221 τί
717 1179 778 1227 δέ,·
820 1180 911 1222 τοὺς
947 1182 1018 1230 μὲν
1055 1177 1224 1232 χρήματ’
1253 1178 1470 1230 εἰληφότας
1507 1177 1569 1218 καὶ

243 1251 348 1300 δῶρα
373 1248 436 1289 καὶ
463 1247 805 1302 καταισχύναντας
836 1246 1010 1293 ἑαυτούς,
1035 1245 1109 1297 τὴν
1141 1246 1273 1292 πόλιν,
1298 1245 1390 1287 τοὺς
1421 1247 1569 1286 ἑαυτῶν

243 1318 395 1362 παῖδας,
437 1315 614 1366 ἀφεῖσαν
653 1314 717 1354 καὶ
754 1317 846 1355 νοῦν
883 1313 994 1366 ἔχειν
1028 1312 1197 1365 ἡγοῦντο
1240 1312 1302 1353 καὶ
1339 1310 1412 1362 τὴν
1450 1311 1568 1352 πόλιν

243 1378 568 1423 Ϋεύθενεῖσθαιΐ·
605 1380 674 1422 τὸν
707 1382 749 1422 δὲ
783 1383 1075 1433 κατηγοροῦντα
1105 1380 1163 1427 τίς
1203 1380 1567 1431 ἐμβεβροντῆσθαι,

243 1448 313 1498 τὴν
343 1449 461 1489 πόλιν
495 1449 668 1500 ἀγνοεῖν,
695 1447 764 1488 οὐκ
797 1448 906 1500 ἔχειν
937 1448 1029 1488 ὅποι
1059 1448 1109 1487 τὰ
1137 1448 1275 1488 ἑαυτοῦ
1305 1446 1435 1501 ῥίπτῃ.
1508 1444 1570 1484 καὶ

243 1516 315 1561 τίς,
343 1512 372 1554 ὦ
398 1514 537 1566 ἄνδρες
562 1514 780 1565 Ἀθηναῖοι,
806 1513 911 1554 τοῦτ’
937 1514 1029 1554 ἰδὼν
1057 1512 1102 1553 τὸ
1132 1512 1392 1564 παράδειγμα,
1421 1513 1570 1552 δίκαιον

243 1581 362 1622 αὑτὸν
389 1584 615 1634 παρασχεῖν
642 1579 847 1630 ε’θελήσει;
886 1581 943 1622 τίς
967 1583 1109 1631 προῖκα
1133 1579 1386 1631 πρεσβεύειν,
1416 1579 1449 1619 εἰ
1472 1577 1570 1629 μήτε

242 1651 387 1698 λαβεῖν
413 1646 511 1698 μήτε
536 1651 614 1688 τῶν
640 1647 867 1698 εἰληφότων
890 1645 1218 1698 ἀξιοπιστότερον
1244 1644 1335 1697 παρ’
1353 1645 1446 1696 ὑμῖν
1469 1644 1571 1685 εἶναι

243 1717 373 1756 δοκεῖν
392 1712 575 1765 ὑπάρξει;
615 1712 661 1754 οὐ
684 1714 806 1764 μόνον
834 1714 982 1764 κρίνετε
1007 1712 1166 1754 τούτους
1185 1710 1363 1763 τήμερον,
1384 1712 1442 1758 οὔ,
1463 1712 1571 1752 ἀλλὰ

245 1782 306 1821 καὶ
323 1782 442 1832 νόμον
464 1779 615 1821 τίθεσθ’
637 1781 692 1822 εἰς
712 1779 867 1821 ἅπαντα
882 1779 950 1820 τὸν
968 1781 1067 1830 μετὰ
1086 1782 1206 1819 ταῦτα
1224 1779 1384 1832 χρόνον,
1404 1778 1572 1829 πότερον

242 1846 455 1900 χρημάτων
483 1848 661 1900 αἰσχρῶς
694 1847 792 1898 ὑπὲρ
823 1850 902 1887 τῶν
934 1847 1088 1900 ἐχθρῶν
1121 1844 1362 1898 πρεσβεύειν
1395 1844 1572 1886 ἅπαντας

244 1913 436 1966 προσήκει
467 1910 491 1965 ἢ
527 1913 660 1967 προῖχ’
689 1914 786 1965 ὑπὲρ
818 1914 926 1963 ὑμῶν
958 1914 1007 1953 τὰ
1039 1911 1224 1963 βέλτιστ’
1253 1910 1570 1964 ἀδωροδοκήτως.

245 1981 351 2022 ἀλλὰ
374 1980 452 2032 μὴν
474 1980 562 2033 περὶ
586 1982 658 2031 μὲν
678 1983 755 2021 τῶν
775 1979 911 2021 ἄλλων
930 1978 1088 2022 οὐδενὸς
1107 1982 1348 2031 προσδεῖσθε
1365 1977 1571 2031 μάρτυρος·

286 2100 308 2130 9
340 2089 472 2122 λύεσθαι
497 2090 521 2122 S
536 2089 622 2129 FQ:
654 2089 734 2122 secl.
762 2089 893 2121 Cobet:
925 2090 1058 2122 λύεσθαι
1083 2090 1156 2122 τοὺς
1181 2088 1406 2130 αἰχμαλώτους
1431 2087 1458 2118 L
1482 2087 1570 2126 vulg.

248 2144 283 2164 11
310 2133 519 2175 αἰχμάλωτον
538 2134 561 2166 S
573 2134 604 2173 Q
616 2134 646 2164 Y
659 2134 689 2166 O
707 2145 714 2164 ι
738 2135 954 2174 αἰχμαλώτων
971 2133 1002 2164 Α
1113 2135 1208 2165 πλεῖν
1223 2133 1247 2164 S
1264 2132 1357 2163 solus
1374 2143 1381 2162 :
1405 2130 1505 2163 πλέον
1521 2130 1552 2160 Α
1566 2142 1572 2160 :

244 2177 374 2209 πλείους
402 2177 427 2208 L
455 2177 554 2217 vulg„
586 2178 625 2209 cf.
658 2177 737 2208 xviii
766 2187 829 2217 312
1009 2187 1047 2208 12
1087 2175 1298 2218 ὑπαρχόντων
1330 2174 1406 2206 secl.
1438 2173 1574 2205 Dobree

248 2230 285 2259 17
311 2221 449 2262 ἀφεῖσαν
466 2222 490 2253 S
503 2221 534 2252 A
549 2221 637 2261 PQ:
664 2221 801 2263 ἀφίεσαν
820 2220 845 2252 L
863 2221 952 2261 vulg.
1091 2221 1129 2251 18
1154 2222 1345 2252 εὐθενεῖσθαι
1363 2218 1388 2249 S
1401 2217 1481 2248 L²A
1494 2217 1573 2249 FY:

245 2266 443 2302 εὐθηνεῖσθαι
469 2265 495 2296 L
522 2275 607 2297 corr.
636 2265 661 2296 P
687 2274 795 2296 corr-t
830 2267 1024 2297 εὐθυνεΐσθαι
1048 2264 1114 2295 aL:
1149 2266 1363 2295 εὐσθενεΐσθαι
1387 2261 1428 2292 al.
1447 2261 1574 2292 Weilio

245 2310 415 2339 assentior
439 2308 537 2340 aliam
559 2319 676 2340 vocem
702 2308 883 2347 requirenti
909 2319 995 2347 quae
1020 2309 1052 2338 in
1078 2306 1238 2338 antithesi
1264 2310 1329 2336 stet
1350 2316 1423 2336 cum
1445 2306 1575 2345 ἀγνοεῖν

245 2361 287 2390 23
323 2353 407 2385 ὥστε
434 2357 514 2384 ante
540 2354 574 2385 οὐ
600 2353 677 2384 add.
697 2352 787 2391 vulg.
809 2350 835 2381 L
860 2351 978 2392 (supra
1002 2350 1140 2390 scripsit
1163 2360 1210 2390 pr.
1239 2350 1322 2389 m.):
1357 2359 1423 2380 om.
1449 2346 1574 2379 SAY¹

246 2397 282 2426 οὔ
297 2400 373 2434 post
389 2395 528 2437 τήμερον
545 2405 609 2426 om.
630 2394 660 2426 Y
673 2395 699 2425 P
861 2405 902 2435 24
925 2394 1051 2427 τούτοις
1068 2398 1146 2434 post
1163 2393 1259 2433 νόμον
1276 2393 1351 2425 add.
1372 2391 1461 2431 vulg.
1475 2402 1482 2425 ι
1508 2401 1573 2423 om.

247 2438 271 2468 S
283 2438 313 2469 A
326 2438 353 2468 B
365 2437 408 2468 Y¹
544 2448 584 2477 25
609 2438 735 2470 ἅπαντα
753 2436 779 2468 L
796 2437 888 2468 solus

1591 858 1630 880 10

1592 1191 1630 1223 15

1593 1524 1632 1546 20

1596 1860 1633 1891 ²5
