1747 2844
179 133 298 186 xvm]
492 138 631 176 ΠΕΡΙ
682 138 803 176 ΤΟΥ
850 138 1190 176 ΣΤΕΦΑΝΟΎ
1534 136 1655 192 [299]

176 242 286 292 δίκην
322 245 481 293 λαβεῖν,
517 241 713 294 ὁποτέρως
749 242 981 293 βούλονται,
1017 238 1041 291 ἢ
1075 240 1227 283 διέντας
1260 240 1399 283 αὐτοὺς
1433 242 1500 294 ἐφ’

173 309 273 360 ὑμᾶς
304 305 328 359 ἦ
363 310 692 360 συνεμβαλόντας
724 310 778 351 εἷς
812 309 883 359 τὴν
917 307 1114 358 Ἀττικήν·
1159 308 1221 348 καὶ
1254 309 1498 355 ἐδείκνυσαν,

175 375 226 417 ὡς
251 374 387 430 ᾤοντο,
416 376 457 416 ἐκ
483 378 556 427 μὲν
580 377 634 416 ὧν
659 376 768 416 αὐτοὶ
800 375 1095 426 συνεβούλευον
1125 376 1197 415 τάκ
1226 376 1295 425 τῆς
1320 374 1501 425 Ἀττικῆς

173 441 414 494 βοσκήματα
448 444 509 483 καὶ
541 442 767 494 ἀνδράποδα
802 442 866 482 καὶ
898 441 1012 482 τᾶλλ’
1046 441 1160 494 ἀγάθ’
1187 443 1242 484 εἰς
1274 441 1346 491 τὴν
1377 445 1498 482 Βοιω-

135 527 152 558 5
173 510 262 549 τίαν
290 507 448 560 ἥξοντα,
476 510 517 550 ἐκ
548 508 581 549 δ’
605 510 660 550 ὧν
688 508 790 559 ἡμᾶς
825 510 930 561 ἐρεῖν
962 508 1121 561 ἔφασαν
1154 509 1226 549 τάν
1259 509 1306 564 τῇ
1332 510 1501 563 Βοιωτίᾳ

173 575 535 628 διαρπασθησόμεν’
560 576 636 616 ὑπὸ
664 579 733 616 τοῦ
764 575 951 627 πολέμου.
1026 577 1088 616 καὶ
1114 575 1220 615 ἄλλα
1244 577 1378 616 πολλὰ
1404 575 1501 627 πρὸς

172 644 337 690 τούτοις,
360 644 415 685 εἷς
440 643 561 683 ταύτὰ
586 645 627 683 δὲ
653 641 782 683 πάντα
810 642 1054 684 συντείνοντ’
1080 643 1232 695 ἔλεγον.
1294 643 1317 682 ἃ
1337 641 1370 682 δ’
1390 643 1501 693 ἡμεῖς
1532 661 1601 695 214

172 709 269 762 πρὸς
302 712 434 756 ταῦτα,
469 711 518 750 τὰ
549 711 622 760 μὲν
657 709 740 749 καθ’
777 709 912 750 ἕκαστ’
940 710 1018 762 ἐγὼ
1049 712 1122 761 μὲν
1155 710 1241 750 ἀντὶ
1274 709 1418 751 παντὸς
1452 709 1500 749 ἂν

171 777 415 827 τιμησαίμην
448 778 571 817 εἰπεῖν
604 780 672 816 τοῦ
708 777 813 828 βίου,
842 777 940 827 ὑμᾶς
975 779 1017 817 δὲ
1048 776 1215 822 δέδοικα,
1247 776 1299 827 μὴ
1326 781 1497 828 παρελη-

112 858 150 880 10
171 844 350 884 λυθότων
379 847 456 884 τῶν
487 846 643 895 καιρῶν,
671 844 808 896 ὥσπερ
838 843 886 884 ἂν
918 845 951 884 εἰ
985 844 1048 884 καὶ
1074 842 1351 894 κατακλυσμὸν
1385 860 1498 895 γεγε-

170 912 315 960 νῆσθαι
339 914 417 951 τῶν
442 909 683 963 πραγμάτων
708 911 934 963 ἡγούμενοι,
961 910 1128 962 μάταιον
1153 912 1278 963 ὄχλον
1298 909 1387 952 τοὺς
1412 911 1501 962 περὶ

170 977 319 1018 τούτων
351 978 496 1030 λόγους
526 977 728 1028 νομίσητε·
766 979 788 1017 ὅ
821 995 857 1017 τι
890 977 923 1018 δ’
949 978 1017 1018 οὖν
1047 979 1263 1028 ἐπείσαμεν
1294 977 1405 1029 ἡμεῖς
1439 977 1501 1018 καὶ

169 1043 262 1095 ἡμῖν
290 1045 565 1097 ἀπεκρίναντο,
593 1044 802 1085 ἀκούσατε.
871 1044 973 1096 Λέγε
997 1044 1107 1085 ταυτὶ
1132 1044 1286 1095 λαβών.

612 1174 833 1203 ΑΠΟΚΡΙΣῙΣ
865 1174 1059 1202 ΘΗΒΑΙΩΝ.

112 1257 148 1289 15
238 1244 355 1282 Μετὰ
398 1245 519 1283 ταῦτα
562 1243 693 1283 τοίνυν
733 1241 901 1283 ἐκάλουν
942 1244 1041 1294 ὑμᾶς
1084 1243 1146 1283 καὶ
1187 1242 1498 1294 μετεπέμποντο.
1531 1260 1597 1297 215

170 1307 297 1366 ἐξῇτε,
326 1310 546 1360 ἐβοηθεῖτε,
575 1310 638 1350 ἵνα
673 1310 744 1350 τᾶν
776 1308 886 1364 μέσῳ
918 1311 1163 1362 παραλείπω,
1193 1311 1315 1352 οὕτως
1348 1311 1500 1352 οἰκείως

169 1377 268 1427 ὑμᾶς
310 1376 495 1430 ἐδέχοντο
537 1376 633 1416 ὥστ’
679 1376 753 1426 ἔξω
796 1380 875 1417 τῶν
917 1377 1092 1417 ὁπλιτῶν
1131 1377 1193 1417 καὶ
1229 1380 1307 1417 τῶν
1347 1376 1499 1417 ἱππέων

169 1445 296 1484 ὄντων
326 1445 381 1485 εἰς
413 1445 482 1485 τὰς
517 1444 641 1485 οἰκίας
677 1443 738 1483 καὶ
772 1442 816 1483 τὸ
849 1442 949 1484 ἄστυ
981 1442 1171 1497 δέχεσθαι
1203 1442 1276 1493 τὴν
1309 1445 1498 1495 στρατιὰν
1531 1439 1650 1496 [300]

169 1510 233 1550 ἐπὶ
258 1513 399 1553 παῖδας
428 1513 489 1552 καὶ
516 1515 702 1564 γυναῖκας
727 1510 790 1550 καὶ
820 1512 868 1550 τὰ
902 1510 1128 1561 τιμιώτατα.
1202 1511 1326 1550 καίτοι
1350 1510 1429 1562 τρί’
1456 1512 1498 1550 ἐν

109 1595 149 1618 20
169 1578 299 1635 ἐκείνῃ
324 1580 371 1635 τῇ
398 1578 523 1633 ἡμέρᾳ
548 1581 672 1618 πᾶσιν
698 1577 920 1629 ἀνθρώποις
947 1575 1100 1628 ἔδειξαν
1126 1576 1300 1629 ἐγκώμια
1319 1578 1499 1628 Θηβαῖοι

170 1645 254 1684 καθ’
279 1647 385 1697 ὑμῶν
410 1648 458 1686 τὰ
484 1645 698 1692 κάλλιστα,
730 1644 771 1685 ἓν
806 1646 878 1695 μὲν
903 1645 1095 1696 ἀνδρείας,
1125 1644 1259 1696 ἕτερον
1284 1646 1325 1685 δὲ
1351 1647 1496 1684 δικαιο-

169 1712 304 1763 σύνης,
341 1714 473 1765 τρίτον
507 1715 547 1754 δὲ
582 1713 860 1766 σωφροσύνης.
934 1712 996 1752 καὶ
1036 1713 1110 1764 γὰρ
1144 1710 1212 1751 τὸν
1245 1711 1380 1763 ἀγῶνα
1413 1710 1498 1762 μεθ’

168 1779 274 1829 ὑμῶν
307 1782 464 1831 μᾶλλον
488 1778 511 1831 ἢ
537 1780 633 1833 πρὸς
661 1782 760 1832 ὑμᾶς
797 1780 980 1831 ἑλόμενοι
1011 1777 1256 1828 ποιήσασθαι
1291 1778 1352 1818 καὶ
1386 1778 1496 1829 ἀμεί-

169 1862 259 1887 νους
298 1847 397 1887 εἶναι
436 1849 497 1888 καὶ
534 1847 740 1900 δικαιότερ’
777 1846 913 1899 ἀξιοῦν
948 1847 1047 1897 ὑμᾶς
1086 1845 1243 1898 ἔκριναν
1280 1846 1496 1886 Φιλίππου·

111 1923 147 1957 25
170 1913 232 1952 καὶ
263 1915 311 1953 τὰ
343 1913 435 1966 παρ’
460 1915 593 1957 αὐτοῖς
623 1916 685 1955 καὶ
720 1917 824 1968 παρὰ
859 1917 959 1955 πᾶσι
993 1913 1027 1953 δ’
1052 1915 1094 1953 ἐν
1126 1912 1298 1968 πλείστῃ
1324 1917 1496 1969 φυλακῇ,

169 1982 310 2022 παῖδας
353 1982 414 2022 καὶ
463 1986 661 2034 γυναῖκας,
705 1981 770 2034 ἐφ’
812 1983 903 2033 ὑμῖν
946 1980 1185 2031 ποιήσαντες
1233 1979 1498 2032 σωφροσύνης

214 2100 226 2120 1
256 2089 383 2123 διέντας
408 2091 430 2123 S
446 2091 471 2121 L
489 2091 623 2130 FQY:
656 2091 791 2125 διιέντας
815 2091 847 2122 Α
870 2092 961 2131 vulg.
1100 2103 1118 2122 2
1145 2089 1435 2131 συνεμβάλλοντας
1461 2088 1496 2119 F¹

168 2133 324 2174 Dionysii
343 2136 417 2166 cod.
436 2135 549 2165 Ambr.
695 2146 715 2175 3
739 2135 794 2176 ὡς]
814 2136 854 2168 ὥς
869 2135 902 2177 γ’
920 2135 1028 2166 Cobet
1161 2137 1182 2165 6
1206 2136 1265 2166 ὑπὸ
1281 2136 1339 2165 τοῦ
1355 2132 1498 2172 πολέμου

166 2188 230 2209 om.
250 2178 463 2209 Minucianus
483 2179 548 2211 Rh.
569 2178 626 2211 Gr.
645 2179 679 2209 ix
695 2180 759 2217 613
906 2189 922 2218 7
948 2180 1051 2211 ταύτὰ
1068 2178 1128 2209 A2
1145 2178 1243 2209 Vind.
1267 2187 1278 2208 1
1299 2189 1305 2208 z
1329 2189 1433 2208 ταυτα
1450 2175 1473 2207 S
1491 2188 1496 2207 :

166 2224 268 2254 ταῦτα
287 2222 311 2252 L
325 2222 354 2253 A
371 2222 396 2252 F
410 2223 498 2262 vulg.
643 2223 663 2253 8
687 2224 763 2264 πρὸς
779 2225 880 2255 ταῦτα
898 2223 934 2254 S¹
953 2223 1045 2253 solus
1061 2234 1067 2253 ε
1092 2223 1284 2261 ἀντείπομεν
1301 2222 1377 2262 πρὸς
1393 2222 1496 2252 ταῦτα

168 2264 216 2296 L:
248 2268 351 2298 ταῦτα
375 2267 567 2306 ἀντείπομεν
591 2267 682 2305 vulg.
845 2277 885 2298 10
915 2268 965 2299 καὶ
991 2270 1067 2306 post
1092 2267 1120 2298 εἰ
1143 2265 1219 2297 add.
1247 2265 1293 2295 S:
1325 2274 1393 2295 orn.
1418 2268 1494 2294 cett.

170 2318 207 2338 12
243 2310 260 2341 ὅ
290 2323 321 2341 τι
354 2309 378 2340 S
395 2309 420 2340 L
446 2323 498 2352 γρ.
519 2322 525 2340 :
565 2310 583 2342 ἃ
614 2315 691 2341 cett.
828 2311 847 2343 ἃ
877 2314 954 2349 post
986 2311 1036 2342 καὶ
1069 2309 1142 2340 add.
1173 2309 1199 2339 L
1227 2309 1314 2347 vulg*
1332 2320 1338 2338 ε
1374 2317 1439 2339 om.
1471 2307 1495 2337 S

170 2353 208 2382 16
231 2354 416 2395 παραλείπω
435 2354 458 2385 S
476 2354 562 2393 vulg.
582 2366 588 2384 z
613 2354 780 2396 παραλίπω
799 2354 824 2384 L
840 2354 864 2384 F
877 2354 907 2393 Q
922 2353 952 2384 Y
1041 2364 1082 2391 24
1106 2353 1262 2385 Φιλίππου
1281 2352 1304 2383 S
1319 2351 1344 2381 L
1359 2351 1389 2381 Α
1406 2351 1430 2381 F
1445 2351 1471 2381 Β
1489 2363 1495 2381 :

167 2396 186 2433 ἢ
203 2396 360 2429 Φίλιππον
378 2398 466 2437 vulg.
