1763 2828
133 155 215 210 [77]

132 730 217 785 [78]

659 151 1175 207 [ΔΗΜΟΣΘΕΝΟΎΣ]
1499 152 1573 207 [vu

247 259 391 316 λῃσταὶ
421 261 542 301 τόπον
573 260 839 310 καταλάβοιεν
872 257 895 309 ἦ
927 259 1085 310 Λήμνου
1114 257 1136 309 ἡ
1162 259 1330 311 Ἴμβρου
1358 257 1381 309 ἢ
1413 261 1572 311 Σκύρου,

249 328 314 367 καί
347 343 450 368 τινες
486 326 644 368 τούτους
681 326 770 368 τοὺς
806 328 960 382 λῃστὰς
996 327 1222 379 ἐκκόψαιεν,
1261 326 1372 368 εὐθὺς
1408 326 1471 366 καὶ
1507 327 1575 367 τὸν

246 394 369 434 τόπον
397 397 549 439 τοῦτον,
581 393 625 433 οὗ
656 393 759 443 ἦσαν
787 395 823 433 οἱ
855 393 1012 448 λῃσταί,
1045 392 1113 433 τὸν
1142 395 1235 433 ὄντα
1264 391 1467 445 ἡμέτερον,
1497 397 1576 433 τῶν

247 460 583 513 τιμωρησαμένων
615 460 704 501 τοὺς
736 460 890 516 λῃστὰς
923 461 1151 512 γίγνεσθαι,·
1202 460 1402 501 Φίλιππος
1439 459 1471 500 δ’
1508 459 1575 500 οὐκ

246 529 386 580 ἀγνοεῖ
414 526 519 567 ταῦτ’
548 528 593 567 οὐ
626 528 755 567 δίκαια
786 526 929 579 λέγων,
963 526 1055 567 ἀλλ’
1085 528 1118 567 εἷ
1145 528 1209 567 καί
1238 543 1296 568 τις
1331 525 1456 568 ἄλλος
1491 528 1573 567 ἐπι·
1596 544 1614 576 5

248 594 443 646 στάμενος
468 596 813 646 παρακρουσθῆναι
837 593 885 634 ἂν
909 595 1008 645 ὑμᾶς
1032 596 1154 635 οἴεται
1179 593 1254 634 ὑπὸ
1278 597 1355 634 τῶν
1379 594 1576 634 τάνταῦθα

249 660 476 712 διοικήσειν,
499 661 549 702 ὡς
574 660 623 701 ἂν
647 660 763 703 αὐτὸς
788 663 935 702 ἐκεῖνος
960 662 1169 712 βούληται,
1194 662 1255 702 καὶ
1281 661 1372 713 πρὶν
1398 662 1573 714 ὑπεσχη-

248 728 389 780 μένων,
422 728 484 768 καὶ
513 731 583 769 νῦν
611 730 653 769 δὲ
686 729 948 781 πραττόντων.
1021 729 1128 769 ἀλλὰ
1155 728 1233 779 μὴν
1262 727 1341 768 οὐδ’
1371 728 1499 768 ἐκεῖνό
1530 744 1576 780 γε

248 794 437 836 λανθάνει
463 794 593 841 αὐτόν,
622 796 682 835 ὅτι
711 795 759 835 δι’
785 795 1023 848 ἀμφοτέρων
1051 799 1130 835 τῶν
1158 794 1374 846 ὀνομάτων,
1402 794 1575 849 ὁποτέρῳ

248 862 296 903 ἂν
331 864 498 916 χρῆσθε,
536 864 645 913 ὑμεῖς
681 861 789 912 ἕξετε
825 862 896 912 τὴν
932 864 1068 912 νῆσον,
1105 862 1152 902 ἄν
1187 879 1230 903 τε
1265 861 1422 913 λάβητε
1457 861 1505 902 ἄν
1541 861 1575 900 τ’
1599 877 1638 902 10

248 929 494 980 ἀπολάβητε.
565 930 606 969 τί
630 929 698 969 οὖν
730 929 831 983 αὐτῷ
861 928 1053 981 διαφέρει,
1084 929 1136 980 μὴ
1166 932 1218 983 τῷ
1249 930 1383 982 δικαίῳ
1413 929 1577 979 ὀνόματι

246 996 503 1050 χρησάμενον
539 996 753 1036 ἀποδοῦναι
784 997 886 1046 ὑμῖν,
926 997 1032 1036 ἀλλὰ
1073 997 1222 1047 δωρεὰν
1263 994 1483 1041 δεδωκέναι,
1522 999 1575 1050 τῷ

247 1064 385 1118 ἀδίκῳ,·
435 1063 509 1116 οὐχ
552 1062 601 1103 ἵν’
638 1061 878 1115 εὐεργέτημά
914 1080 950 1103 τι
987 1063 1298 1115 καταλογίσηται
1339 1062 1436 1114 πρὸς
1476 1062 1576 1113 ὑμᾶς

245 1131 418 1183 (γελοῖον
451 1131 526 1182 γὰρ
557 1130 606 1170 ἂν
639 1131 697 1180 εἴη
731 1133 844 1170 τοῦτο
877 1129 921 1169 τὸ
955 1127 1218 1181 εὐεργέτημα),
1250 1128 1343 1169 ἀλλ’
1373 1127 1422 1169 ἵν’
1451 1129 1574 1169 ἐνδεί-

246 1197 360 1248 ξηται
390 1196 517 1237 ἅπασι
547 1201 629 1238 τοῖς
646 1195 851 1247 “Ἐλλησιν
876 1197 934 1237 ὅτι
962 1196 1163 1247 Ἀθηναῖοι
1189 1197 1237 1236 τὰ
1262 1197 1305 1236 ἐν
1328 1201 1376 1252 τῇ
1400 1194 1576 1252 θαλάττῃ
1599 1210 1636 1242 15

247 1265 373 1318 χωρία
401 1265 587 1316 ἀγαπῶσι
617 1266 720 1315 παρὰ
749 1267 817 1303 τοῦ
845 1264 1073 1305 Μακεδόνος
1102 1262 1392 1314 λαμβάνοντες.
1462 1265 1575 1302 τοῦτο

247 1330 278 1371 δ’
302 1332 392 1382 ὑμῖν
419 1332 462 1371 οὐ
487 1330 671 1381 ποιητέον
697 1331 820 1375 ἐστίν,
849 1328 878 1370 ὦ
902 1330 1039 1380 ἄνδρες
1065 1330 1280 1380 Ἀθηναῖοι.

306 1397 435 1438 ‘'O-rav
472 1400 513 1437 δὲ
548 1397 647 1453 λέγῃ
686 1398 772 1449 περὶ
808 1398 956 1437 τούτων
993 1397 1043 1438 ὡς
1087 1395 1215 1437 ἐθέλει
1257 1394 1573 1442 διαδικάσασθαι,

247 1464 358 1505 οὐδὲν
387 1464 478 1504 ἀλλ’
504 1461 526 1513 ἢ
556 1463 740 1516 χλευάζει
768 1465 878 1513 ὑμᾶς,
908 1467 1061 1514 πρῶτον
1090 1466 1161 1513 μὲν
1193 1462 1311 1513 ἀξιῶν
1342 1463 1577 1513 Ἀθηναίους

246 1533 363 1572 ὄντας
387 1530 484 1583 πρὸς
509 1530 577 1570 τὸν
604 1532 645 1570 ἐκ
673 1530 836 1580 Πέλλης
863 1531 1090 1582 ὁρμώμενον
1114 1530 1203 1582 περὶ
1229 1533 1306 1570 τῶν
1333 1529 1465 1581 νήσων
1491 1532 1572 1569 δια-
1597 1544 1638 1566 20

246 1597 483 1647 δικάζεσθαι,
516 1597 646 1648 πότερ’
671 1597 853 1649 ὑμέτεραι
882 1595 905 1647 ἢ
937 1598 1085 1638 ἐκείνου
1116 1599 1231 1638 εἰσίν.
1303 1597 1420 1638 ὁπότε
1452 1596 1574 1648 γὰρὴ

245 1667 317 1716 μὲν
342 1665 502 1715 δύναμις
530 1664 552 1714 ἡ
583 1663 760 1716 ὑμετέρα,
787 1664 809 1714 ἡ
840 1664 1147 1716 ἐλευθερώσασα
1170 1664 1258 1706 τοὺς
1276 1663 1495 1714 θΈλληνας,
1522 1662 1574 1713 μὴ

246 1732 406 1772 δύναται
430 1732 519 1781 ὑμῖν
538 1732 584 1770 τὰ
611 1732 653 1771 ἐν
672 1737 719 1787 τῇ
740 1730 915 1787 θαλάττῃ
939 1733 1067 1785 χωρία
1086 1729 1236 1787 σῴζειν,
1261 1733 1296 1772 οἱ
1317 1733 1358 1771 δὲ
1378 1731 1573 1776 δικασταί,

245 1799 303 1840 οἶς
328 1798 376 1838 ἂν
401 1797 653 1850 ἐπιτρέψητε,
682 1800 717 1838 οἱ
748 1798 871 1849 κύριοι
895 1800 963 1848 τῆς
988 1798 1143 1851 ψήφου,
1170 1799 1276 1838 οὗτοι
1300 1799 1390 1849 ὑμῖν
1416 1798 1572 1838 σώσου-

246 1881 324 1911 σιν,
353 1866 421 1905 ἐὰν
449 1865 501 1916 μὴ
533 1865 735 1907 Φίλιππος
765 1866 903 1906 αὐτοὺς
934 1867 1105 1918 πρίηται,
1134 1869 1216 1907 πῶς
1245 1866 1352 1915 ὑμεῖς
1381 1865 1455 1918 οὐχ
1480 1865 1570 1915 ὁμο-
1597 1879 1635 1911 25

244 1931 507 1984 λογουμένως,
540 1932 635 1971 ὅταν
668 1935 787 1972 ταῦτα
819 1932 1121 1984 διαπράττησθε,
1156 1936 1234 1973 τῶν
1270 1933 1312 1972 ἐν
1347 1932 1392 1988 τῇ
1426 1931 1572 1986 ἠπείρῳ

244 1998 429 2039 ἁπάντων
472 1997 735 2051 ἀφεστήκατε,
777 1999 837 2039 καὶ
881 2000 1120 2040 ἐπιδείκνυτε
1162 1999 1311 2040 ἅπασιν
1353 1999 1574 2051 ἀνθρώποις

244 2067 305 2106 ὅτι
341 2065 429 2106 οὐδὲ
466 2066 552 2118 περὶ
589 2065 676 2107 ἑνὸς
714 2066 815 2120 αὐτῷ
854 2069 1143 2118 διαγωνιεῖσθε,
1176 2068 1257 2118 εἴγε
1293 2067 1381 2117 περὶ
1418 2068 1494 2106 τῶν
1531 2066 1573 2104 ἐν

287 2177 351 2214 5-8
376 2176 450 2208 ἀλλ’
470 2177 497 2208 εἴ
514 2176 564 2207 καὶ
583 2199 589 2206 .
613 2200 619 2206 .
640 2200 645 2205 .
664 2174 886 2216 πραττόντων]
903 2185 966 2206 om.
990 2176 1013 2206 S
1027 2176 1063 2205 L¹
1242 2185 1258 2213 7
1284 2174 1474 2213 μελλόντων
1495 2180 1572 2213 post

244 2219 416 2257 διοικήσειν
433 2219 509 2250 add.
529 2218 617 2257 vulg.
637 2229 644 2248 z
669 2229 732 2249 om.
753 2218 793 2248 A¹
813 2218 956 2249 Vrbinas
1079 2229 1117 2259 14
1141 2220 1179 2250 τὸ
1198 2218 1221 2249 S
1235 2218 1261 2248 L
1274 2218 1322 2249 B:
1345 2231 1385 2258 γε
1403 2219 1441 2249 τὸ
1458 2217 1569 2256 vulg:

243 2276 283 2303 γε
303 2262 518 2293 Herwerden
633 2271 670 2301 17
696 2261 864 2301 ποιητέον]
882 2262 1073 2303 περιοπτέον
1091 2262 1304 2292 Herwerden
1415 2262 1451 2291 18
1475 2263 1571 2292 διαδι-

243 2306 402 2338 κάσασθαι
421 2305 486 2336 ΞΑ
500 2305 548 2336 Y:
576 2304 809 2345 διαδικάζεσθαι
829 2305 916 2344 vulg.
933 2317 939 2337 :
967 2305 1148 2345 δικάζεσθαι
1165 2305 1207 2336 al.
1343 2315 1383 2342 24
1409 2304 1571 2335 σώσουσιν

245 2349 288 2381 S:
316 2348 472 2389 σώζουσιν
489 2349 576 2387 vulg.
596 2361 601 2379 ε
629 2347 773 2388 σώζωσιν
790 2348 830 2378 al.
932 2359 972 2387 25
998 2351 1084 2388 ὑμεῖς
1101 2351 1162 2389 οὐχ
1180 2346 1442 2388 ὁμολογουμένως
1456 2347 1544 2385 vulg.
1563 2358 1570 2376 z

243 2393 333 2432 ἡμεῖς
350 2395 411 2432 οὐχ
430 2395 652 2432 ὁμολογοῦμεν
669 2394 709 2423 ὡς
727 2391 751 2421 S
765 2391 801 2421 L¹
907 2393 948 2422 28
973 2395 1057 2433 αὐτῷ
1075 2394 1294 2432 διαγωνιεῖσθε
1313 2390 1419 2421 Bekk.
1434 2401 1440 2422 :
1466 2392 1570 2422 αὐτῶν

244 2438 463 2477 διαγωνιεῖσθε
482 2435 504 2465 S
519 2435 544 2465 L
562 2445 648 2466 corr.
668 2445 674 2465 z
699 2436 736 2466 ἂν
755 2437 837 2475 αὐτῷ
856 2435 1083 2476 διαγωνίζησθε
1103 2435 1360 2475 ιῖζδιαγωνῖσαισθε
1378 2433 1419 2464 Y*
1444 2433 1531 2471 vulg.
