1747 2844
788 423 866 460 XV

290 551 452 592 THEP
509 546 627 594 ΤΗΣ
686 549 920 590 ΡΟΔΙΩΝ
982 545 1363 594 ΕΛΕΥΘΕΡΙΑΣ

722 680 941 710 ΎΠΟΘΕΣῙΣ.

218 754 290 792 Τὸν
319 754 557 804 συμμαχικὸν
587 752 770 802 κληθέντα
799 754 965 802 πόλεμον
994 752 1128 802 ἤραντο
1160 753 1251 803 πρὸς
1277 751 1495 803 Ἀθηναίους

165 811 250 846 Χῖοι
285 808 343 846 καὶ
375 807 510 845 Ῥόδιοι
550 807 609 845 καὶ
647 808 850 853 Βυζάντιοι,
881 807 1060 856 πρότερον
1092 808 1160 857 μὲν
1192 809 1309 846 αὐτῶν
1341 809 1495 858 ὑπήκοοι

166 863 368 914 γεγονότες,
397 863 481 900 τότε
510 861 540 899 δ’
569 862 751 911 ἀλλήλοις
783 861 1002 911 συμμαχίαν
1029 863 1266 910 πεποιημένοι
1301 864 1392 900 κατὰ
1423 865 1495 901 τῶν

165 916 381 965 Ἀθηναίων.
454 916 613 968 γείτονες
646 915 675 953 δ’
709 916 809 955 ὄντες
842 917 876 953 οἱ
908 914 1042 953 Ῥόδιοι
1074 918 1121 965 τῇ
1156 916 1277 967 Καρίᾳ
1309 917 1401 966 πρὸς
1431 917 1496 955 τὸν

128 992 146 1023 5
166 972 300 1020 ταύτης
333 971 499 1021 ὕπαρχον
533 971 750 1008 Μαύσωλον
784 970 920 1010 οἰκείως
955 969 1050 1020 ἔχειν
1084 969 1241 1008 ἐδόκουν.
1299 972 1319 1008 ὁ
1350 971 1388 1008 δὲ
1419 969 1495 1008 κατ’

170 1025 298 1077 ὀλίγον
335 1025 598 1074 πιστευόμενος
638 1024 698 1062 ὑπ’
740 1025 858 1062 αὐτῶν
895 1023 1103 1073 ἐπιβουλὴν
1140 1025 1231 1062 κατὰ
1271 1027 1336 1062 τοῦ
1378 1024 1495 1074 δήμου

169 1079 440 1128 συνεστήσατο,
482 1079 540 1116 καὶ
582 1078 650 1127 τὴν
688 1077 934 1128 δημοκρατίαν
969 1080 1041 1116 τῶν
1077 1077 1226 1116 Ῥοδίων
1264 1079 1496 1128 ἀφελόμενος

170 1134 311 1185 ὀλίγοις
333 1136 408 1174 τοῖς
428 1133 684 1183 δυνατωτέροις
706 1133 774 1181 τὴν
792 1133 903 1170 πόλιν
923 1131 1187 1170 κατεδούλωσε.
1243 1134 1496 1182 συμβουλεύει

168 1188 290 1227 τοίνυν
324 1190 344 1226 ὃ
378 1188 624 1238 Δημοσθένης
661 1187 714 1237 μὴ
751 1189 924 1237 περιορᾶν
956 1188 1081 1233 ταῦτα,
1119 1187 1220 1224 ἀλλὰ
1257 1187 1413 1236 βοηθεῖν
1445 1190 1495 1238 τῷ

110 1260 148 1282 10
169 1242 270 1294 δήμῳ
293 1246 365 1281 τῶν
382 1241 541 1291 Ῥοδίων,
566 1242 770 1291 συμφέρειν
789 1241 910 1292 λέγων
929 1242 1003 1280 τοῖς
1022 1238 1230 1288 Ἀθηναίοις
1248 1242 1291 1279 τὸ
1315 1241 1496 1291 δημοκρα-

168 1297 312 1335 τεῖσθαι
331 1299 396 1337 τὰς
415 1297 553 1336 πόλεις.
612 1297 642 1333 εἰ
665 1294 695 1333 δ’
714 1295 932 1344 ἠδικήκασιν
950 1295 1057 1344 ἡμᾶς,
1079 1295 1208 1343 φησίν,
1229 1293 1373 1340 Ῥόδιοι,
1395 1297 1496 1333 ἀλλὰ

167 1352 309 1400 πρέπον
332 1351 434 1389 ἐστὶν
456 1351 544 1400 ἡμῖν
569 1350 627 1388 καὶ
653 1349 810 1398 σύνηθες
834 1349 877 1387 τὸ
905 1348 965 1386 καὶ
990 1348 1074 1388 τοὺς
1099 1349 1340 1398 λυπήσαντάς
1364 1366 1399 1387 τι
1424 1352 1496 1388 τῶν

167 1404 358 1454 Ἑλλήνων
385 1405 599 1455 ἐλευθεροῦν
625 1403 683 1442 καὶ
711 1403 763 1453 μὴ
787 1404 1029 1453 μνησικακεῖν
1054 1403 1327 1453 ἁμαρτάνουσιν
1353 1405 1402 1444 εἷς
1429 1403 1496 1453 τὴν

164 1460 287 1497 πόλιν.

109 1598 146 1631 15
235 1584 358 1636 Οἶμαι
391 1588 485 1631 δεῖν,
518 1583 548 1625 ὦ
581 1583 719 1636 ἄνδρες
753 1581 969 1633 ἳΑθηναῖοι,
1005 1582 1094 1634 περὶ
1127 1583 1367 1632 τηλικούτων
1399 1587 1495 1634 βου-

167 1652 402 1703 λευομένους
422 1652 571 1692 διδόναι
590 1651 815 1703 παρρησίαν
840 1648 993 1704 ἑκάστῳ
1019 1652 1097 1690 τῶν
1124 1650 1494 1701 συμβουλευόντων.

170 1719 247 1771 ἐγὼ
269 1718 301 1759 δ’
318 1718 561 1760 οὐδεπώποθ’
578 1716 791 1771 ἡγησάμην
811 1715 991 1769 χαλεπὸν
1010 1715 1054 1756 τὸ
1073 1714 1224 1766 διδάξαι
1243 1718 1292 1756 τὰ
1310 1715 1496 1768 βέλτισθ’

167 1786 266 1836 ὑμᾶς
297 1785 364 1837 (ὡς
395 1787 472 1838 γὰρ
505 1787 628 1827 εἰπεῖν
661 1785 810 1829 ἁπλῶς,
847 1782 1017 1824 ἅπαντες
1052 1782 1245 1836 ὑπάρχειν
1280 1784 1497 1835 ἐγνωκότες

167 1869 234 1902 μοι
280 1849 456 1903 δοκεῖτε),
497 1853 602 1893 ἀλλὰ
642 1851 688 1892 τὸ
731 1853 868 1891 πεῖσαι
915 1848 1102 1901 πράττειν
1147 1853 1280 1890 ταῦτα·
1336 1851 1496 1891 ἐπειδὰν

111 1934 150 1956 20
167 1917 243 1970 γάρ
291 1935 327 1959 τι
379 1917 475 1975 δόξῃ
524 1919 586 1960 καὶ
633 1920 839 1975 ψηφισθῇ,
889 1915 970 1956 τότ’
1018 1917 1108 1956 ἴσον
1154 1920 1224 1956 τοῦ
1271 1919 1496 1969 πραχθῆναι

168 1984 308 2038 ἀπέχει
351 1986 525 2038 ὅσονπερ
565 1985 655 2037 πρὶν
698 1983 822 2035 δόξαι.
893 1983 980 2024 ἔστι
1027 1984 1098 2032 μὲν
1137 1982 1205 2023 οὖν
1243 1983 1284 2023 ἓν
1325 1983 1379 2022 ὧν
1417 1983 1495 2035 ἐγὼ

168 2052 310 2102 νομίζω
346 2051 462 2106 χάριν
497 2053 596 2103 ὑμᾶς
631 2054 713 2093 τοῖς
750 2053 853 2092 θεοῖς
887 2051 1081 2103 ὀφείλειν,
1121 2048 1166 2089 τὸ
1201 2049 1290 2090 τοὺς
1326 2051 1389 2089 διὰ
1424 2048 1494 2099 τὴν

169 2118 294 2159 αὐτῶν
330 2119 448 2171 ὕβριν
486 2120 575 2170 ὑμῖν
613 2116 920 2169 πολεμήσαντας
961 2117 1006 2157 οὐ
1048 2115 1174 2156 πάλαι
1214 2118 1282 2155 νῦν
1321 2116 1363 2155 ἐν
1403 2116 1494 2166 ὑμῖν

211 2228 233 2257 6
255 2227 502 2269 πιστευόμενος]
520 2228 660 2260 πεισθεὶς
679 2226 741 2257 FB
760 2226 837 2266 (pro
855 2225 1051 2267 πιστευθεὶς)
1152 2227 1189 2262 ἐξ
1212 2233 1270 2254 Ι-2
1289 2239 1316 2249 =
1335 2223 1488 2255 Prooem.

169 2271 261 2300 xxvii
368 2282 405 2310 17
429 2273 468 2303 τὸ
483 2281 547 2302 om.
566 2271 656 2309 vulg.
673 2281 680 2300 t
704 2271 779 2301 add.
803 2269 869 2301 SA
983 2270 1020 2300 18
1046 2268 1201 2310 ὑπάρχειν
1218 2272 1297 2298 ante
1316 2267 1494 2308 ἐγνωκότες

171 2312 194 2343 S
211 2319 244 2344 et
262 2314 415 2346 prooem.
431 2330 436 2347 :
463 2319 540 2354 post
558 2313 736 2356 ἐγνωκότες
753 2313 841 2352 vulg.
975 2322 1018 2342 20
1041 2312 1118 2343 τότε
1134 2314 1206 2343 ἴσον
1224 2311 1247 2341 S
1265 2315 1298 2341 et
1315 2310 1467 2341 Prooem.
1479 2321 1493 2340 a

169 2359 326 2389 τοσοῦτον
350 2359 438 2397 vulg.
466 2359 489 2389 S
513 2370 589 2399 γρ.;
620 2357 698 2389 τότε
722 2359 881 2389 τοσοῦτον
905 2355 937 2386 Α
1100 2364 1137 2385 21
1173 2354 1206 2386 ἓν
1232 2355 1256 2384 S
1280 2355 1394 2394 vulg-t
1425 2363 1488 2385 om.

171 2398 324 2432 Prooem.
340 2411 347 2432 :
374 2403 406 2442 ἐξ
422 2401 452 2431 Α

1525 548 1640 604 [190]

1528 1779 1629 1835 [191]

1526 1997 1545 2022 2
