1731 2844
176 120 231 173 1x]
528 126 688 163 ΚΑΤΑ
736 126 1055 163 ΦΙΛΙΠΠΟΎ
1102 127 1132 163 Γ

173 228 247 278 γὰρ
274 226 345 276 ἤδη
379 228 602 280 τοῦσχατόν
635 228 756 267 ἐστιν.
827 226 871 267 οὐ
903 227 1120 277 Κορινθίων
1153 226 1212 266 ἐπ’
1243 226 1491 278 Ἀμβρακίαν

173 291 340 343 ἐλήλυθε
378 294 439 333 καὶ
469 292 665 339 Λευκάδα;
715 293 782 333 οὐκ
811 292 984 345 Ἀχαιῶν
1017 293 1256 333 Ναύπακτον
1289 293 1492 343 ὀμώμοκεν

173 360 365 402 Αἰτωλοῖς
383 360 631 411 παραδώσειν
639 376 651 406 ,·
689 359 777 412 οὐχὶ
798 359 994 409 Θηβαίων
1013 358 1177 411 Ἐχῖνον
1197 357 1408 415 ἀφῄρηται,
1432 360 1493 400 καὶ

172 429 239 466 νῦν
264 426 327 466 ἐπὶ
354 427 584 476 Βυζαντίους
613 426 818 477 πορεύεται
845 424 1075 478 συμμάχους
1099 427 1234 472 ὄντας;
1273 425 1345 478 οὐχ
1370 426 1490 476 ἡμῶν,

133 508 150 540 5
171 493 220 532 ἐῶ
236 491 377 538 τᾶλλα,
392 493 496 532 ἀλλὰ
509 490 761 544 Χερρονήσου
776 491 846 541 τὴν
859 493 1053 543 μεγίστην
1067 492 1152 545 ἔχει
1167 492 1285 532 πόλιν
1299 493 1491 543 Καρδίαν;

169 562 290 598 ταῦτα
321 559 452 599 τοίνυν
484 557 710 611 πάσχοντες
743 557 913 600 ἅπαντες
945 557 1148 609 μέλλομεν
1181 559 1244 598 καὶ
1275 559 1493 609 μαλκίομεν

171 625 233 665 καὶ
258 624 353 676 πρὸς
378 625 466 666 τοὺς
490 625 662 674 πλησίον
687 624 904 675 βλέπομεν,
933 625 1191 667 ἀπιστοῦντες
1215 623 1420 673 ἀλλήλοις,
1448 625 1493 664 οὐ

168 694 220 745 τῷ
258 690 406 733 πάντας
442 691 541 741 ἡμᾶς
578 691 787 731 ἀδικοῦντι.
859 692 983 731 καίτοι
1019 691 1088 731 τὸν
1123 690 1274 732 ἅπασιν
1309 692 1492 743 ἀσελγῶς

168 758 267 797 οὕτω
299 757 504 809 χρώμενον
536 758 576 797 τί
606 758 752 803 οἴεσθε,
787 759 945 798 ἐπειδὰν
980 756 1062 797 καθ’
1096 756 1151 798 ἕν’
1180 758 1290 809 ἡμῶν
1323 757 1492 798 ἑκάστου

111 838 150 861 ιο
169 824 296 875 κύριος
320 822 492 875 γένηται,
519 824 559 863 τί
579 822 782 873 ποιήσειν,·

232 890 285 929 Τί
312 889 379 930 οὖν
408 891 534 930 αἴτιον
562 891 743 937 τουτωνί,·
787 889 832 929 οὐ
860 891 935 942 γὰρ
966 888 1058 930 ἄνευ
1089 890 1214 943 λόγου
1247 891 1309 931 καὶ
1341 891 1492 932 δικαίας

166 956 293 997 αἰτίας
326 956 414 996 οὕτε
445 955 526 996 τόθ’
559 957 681 998 οὕτως
715 956 825 1010 εἶχον
862 957 1026 1006 ἑτοίμως
1061 956 1158 1008 πρὸς
1195 958 1422 1008 ἐλευθερίαν
1456 958 1492 996 οἱ

159 1020 362 1072 ’Έλληνες
395 1022 484 1062 οὔτε
515 1026 584 1063 νῦν
620 1022 716 1074 πρὸς
747 1021 791 1062 τὸ
827 1022 1039 1063 δουλεύειν.
1110 1023 1157 1073 ἦν
1186 1039 1223 1063 τι
1255 1022 1348 1068 τότ’,
1375 1022 1435 1073 ἧν,
1462 1020 1491 1061 ὦ

167 1087 304 1139 ἄνδρες
327 1087 541 1139 Ἀθηναῖοι,
571 1090 614 1129 ἐν
638 1092 722 1131 ταῖς
752 1092 830 1129 τῶν
859 1092 1022 1129 πολλῶν
1052 1088 1253 1135 διανοίαις,
1280 1088 1301 1128 ὃ
1331 1092 1400 1129 νῦν
1423 1088 1491 1129 οὐκ

109 1169 146 1201 15
167 1154 290 1200 ἔστιν,
317 1153 338 1193 ὃ
369 1155 430 1195 καὶ
460 1159 528 1195 τοῦ
560 1158 730 1207 Περσῶν
761 1154 952 1207 ἐκράτησε
984 1155 1157 1196 πλούτου
1188 1156 1249 1195 καὶ
1282 1154 1491 1207 ἐλευθέραν

166 1220 238 1273 ἦγε
267 1220 337 1271 τὴν
362 1220 541 1261 Ἑλλάδα
568 1222 630 1262 καὶ
655 1221 743 1261 οὔτε
772 1222 988 1274 ναυμαχίας
1014 1221 1103 1262 οὔτε
1127 1222 1245 1272 πεζῆς
1270 1221 1399 1274 μάχης
1425 1222 1487 1262 οὐ-

166 1289 298 1337 δεμιᾶς
322 1287 475 1337 ἡττᾶτο,
498 1291 566 1328 νῦν
591 1287 623 1327 δ’
643 1287 853 1329 ἀπολωλὸς
877 1286 1032 1328 ἅπαντα
1056 1289 1299 1338 λελύμανται
1325 1288 1386 1328 καὶ
1410 1287 1489 1329 ἄνω

167 1353 228 1393 καὶ
254 1353 356 1394 κάτω
382 1355 569 1403 πεποίηκε
593 1356 641 1394 τὰ
664 1357 740 1394 τῶν
764 1352 974 1403 Ἑλλήνων
998 1354 1220 1406 πράγματα.
1290 1355 1330 1394 τί
1351 1354 1419 1394 οὗν
1443 1353 1490 1404 ἦν

164 1423 296 1466 τοῦτο,·
346 1421 448 1460 οὐδὲν
475 1423 645 1460 ποικίλον
675 1422 756 1460 οὐδὲ
785 1423 918 1470 σοφόν,
951 1420 1039 1460 ἀλλ’
1062 1422 1122 1461 ὅτι
1153 1420 1242 1462 Τοὺς
1275 1422 1380 1472 παρὰ
1412 1424 1490 1461 τῶν

107 1499 146 1522 20
164 1485 301 1539 ἄρχειν
337 1486 595 1538 βουλομένων
632 1484 654 1537 ἢ
692 1488 933 1540 διαφθείρειν
975 1487 1046 1537 τὴν
1087 1486 1267 1527 Ἑλλάδα
1309 1486 1490 1540 χρήματα

163 1552 445 1603 λαμβάνοντας
474 1553 642 1596 ἅπαντες
673 1555 849 1605 ἐμίσουν,
878 1553 940 1594 καὶ
963 1554 1249 1607 χαλεπώτατον
1275 1552 1320 1604 ἦν
1346 1553 1390 1593 τὸ
1414 1556 1485 1593 δω-

163 1619 382 1670 ροδοκοῦντ’
402 1621 654 1674 ἐλεγχθῆναι,
677 1621 738 1661 καὶ
757 1621 921 1675 τιμωρίᾳ
939 1621 1109 1677 μεγίστῃ
1128 1623 1266 1661 τοῦτον
1285 1620 1486 1670 ἐκόλαζον,

165 1687 224 1725 καὶ
252 1688 473 1737 παραίτησις
504 1688 645 1738 οὐδεμί’
673 1688 718 1737 ἦν
747 1689 828 1727 οὐδὲ
861 1689 1076 1741 συγγνώμη.
1146 1686 1215 1727 τὸν
1250 1687 1318 1727 οὖν
1355 1686 1488 1739 καιρὸν

165 1752 334 1795 ἑκάστου
359 1758 436 1794 τῶν
454 1753 705 1807 πραγμάτων,
726 1753 812 1805 ὃνὴ
837 1755 936 1808 τύχη
963 1754 1024 1794 καὶ
1048 1757 1129 1796 τοῖς
1153 1754 1370 1804 ἀμελοῦσιν
1390 1754 1487 1793 κατὰ

107 1830 144 1862 25
164 1823 242 1860 τῶν
266 1821 547 1875 προσεχόντων
576 1820 768 1864 πολλάκις
800 1819 1098 1873 παρασκευάζει,
1125 1820 1193 1860 οὐκ
1223 1819 1270 1871 ἦν
1294 1820 1486 1872 πρίασθαι

209 1940 228 1960 2
253 1934 331 1969 post
347 1929 539 1963 Ναύπακτον
555 1931 629 1962 add.
644 1930 843 1972 ἀφελόμενος
856 1930 945 1970 vulg.
962 1941 967 1962 :
992 1940 1056 1961 om.
1072 1929 1095 1961 S
1108 1930 1134 1960 L
1222 1939 1284 1969 3-4
1302 1930 1353 1962 καὶ
1367 1931 1439 1961 νῦν.
1454 1953 1461 1961 .
1476 1953 1483 1960 .

166 1972 260 2005 ὄντας
273 1977 348 2012 post
363 1974 550 2012 Φιλιστίδην
567 1974 834 2012 καταστήσοντας
850 1974 881 2013 (ξ
897 1975 954 2013 33)
973 1974 1104 2004 traiecit
1123 1973 1274 2012 Spengel
1362 1974 1383 2001 6
1405 1979 1485 2012 μαλ-

166 2016 275 2055 κίομεν
298 2021 365 2047 ant.
388 2016 454 2047 ν.1.
478 2017 510 2046 in
538 2017 725 2056 Harpocr.:
757 2016 996 2056 μαλακιζόμεθα
1020 2017 1130 2053 codd.‚
1155 2017 1193 2047 cf.
1222 2016 1287 2046 Dio
1311 2016 1403 2046 Cass.
1428 2015 1486 2045 xlv

166 2069 197 2099 p.
218 2059 279 2098 287
293 2059 333 2097 D,
353 2059 488 2090 Sallust.
509 2060 581 2091 Cat.
601 2070 642 2099 52
787 2070 803 2098 7
828 2062 863 2092 οὐ
880 2064 924 2100 τῷ
941 2059 1062 2092 πάντας
1080 2060 1103 2091 S
1117 2059 1196 2089 LY¹
1215 2070 1222 2089 2
1246 2060 1327 2090 οὕτω
1346 2061 1485 2099 φανερῶς

166 2102 286 2135 πάντας
302 2102 389 2142 vulg.
536 2104 556 2133 8
580 2105 739 2135 ἀδικοῦντι
758 2104 781 2133 S
795 2103 820 2133 L
832 2103 914 2133 AY*
932 2114 938 2133 τ
963 2104 1147 2135 ἀδικοῦντος
1164 2103 1252 2141 vulg.
1392 2112 1431 2132 10
1453 2102 1487 2133 τί

166 2156 229 2177 orn.
249 2146 281 2176 A
293 2146 318 2176 F
482 2156 517 2176 ΙΙ
545 2149 668 2179 ταῖτιον
687 2147 822 2177 Dobree
988 2148 1026 2176 18
1050 2147 1092 2177 τὰ
1108 2149 1172 2177 τῶν
1189 2145 1354 2182 Ἑλλήνων
1370 2145 1460 2183 vulg.
1478 2155 1487 2176 t

166 2189 272 2221 πάντα
295 2189 335 2221 τὰ
362 2193 426 2222 τῶν
450 2190 615 2228 Ἑλλήνων
638 2190 687 2220 A:
720 2190 826 2222 πάντα
849 2191 890 2222 τὰ
916 2189 986 2219 SL¹
1013 2189 1153 2219 Aristid.
1182 2188 1248 2218 Rh.
1277 2188 1332 2218 Gr.
1362 2187 1395 2217 ix
1423 2196 1487 2226 353

170 2241 209 2271 19
232 2232 324 2265 οὐδὲν
338 2233 486 2264 ποικίλον
502 2257 508 2263 .
529 2257 536 2264 .
557 2258 563 2264 .
583 2234 658 2265 ἀλλ’
676 2234 724 2264 ὅτι
740 2243 804 2264 0111.
827 2233 859 2264 S*
876 2232 914 2263 L¹
928 2233 958 2263 Y
1057 2243 1099 2262 20
1123 2236 1200 2270 post
1218 2232 1330 2272 ἄρχειν
1347 2231 1422 2262 add.
1438 2231 1486 2262 ἀεὶ

167 2274 256 2315 vulg.
273 2288 280 2307 :
305 2286 368 2307 om.
390 2277 423 2306 S¹
439 2275 477 2306 L¹
494 2277 555 2307 soli
574 2276 713 2307 Aristid.
850 2287 890 2306 22
916 2278 1113 2316 ἐλεγχθῆναι
1132 2275 1155 2305 S
1169 2274 1204 2304 L¹
1221 2289 1227 2306 z
1255 2275 1486 2315 ἐξελεγχθῆναι

167 2318 256 2357 vulg.
391 2329 431 2358 23
456 2321 507 2351 καὶ
524 2320 736 2361 παραίτησις.
757 2343 763 2350 .
785 2344 791 2350 .
812 2320 987 2360 συγγνώμη
1005 2329 1068 2349 om.
1091 2318 1124 2349 5¹
1140 2317 1218 2348 L¹Y
1346 2327 1386 2356 25
1412 2321 1487 2357 post

169 2362 396 2402 προσεχόντων
422 2363 496 2393 add.
528 2364 579 2394 καὶ
608 2365 675 2394 τοῖς
702 2362 802 2401 μηδὲν
830 2363 976 2395 ἐθέλουσι
1006 2364 1107 2393 ποιεῖν
1135 2361 1217 2393 κατὰ
1245 2363 1310 2393 τῶν
1337 2360 1442 2393 πάντα
1469 2360 1488 2391 ἃ

169 2404 320 2442 προσήκει
345 2405 551 2445 πραττόντων
577 2405 707 2436 5¹L¹Y
733 2411 879 2445 gsumpta
904 2416 921 2435 e
948 2405 980 2435 iv
1004 2414 1035 2444 5,
1060 2404 1081 2434 ii
1106 2405 1162 2443 23)

1522 127 1622 181 [119]

1524 297 1630 351 [120]

1524 444 1564 480 35

1523 899 1567 941 36

1516 1816 1611 1871 [121]
