1763 2828
97 105 217 161 fflmfl

153 289 217 332 156

153 692 215 729 Ι57

153 1284 216 1329 158

111 1812 219 1867 mm]

155 1895 221 1932 ιφ

675 108 1159 147 ΔΗΜΟΣΘΕΝΟΎΣ
1485 105 1573 160 μω

248 212 338 262 πρὶν
358 211 563 252 Φίλιππον
583 212 726 257 ἐλθεῖν,
749 211 823 252 σὺν
849 213 909 254 αἶς
939 212 1202 264 ἐπορεύθημεν
1227 214 1322 263 ὁμοῦ
1348 211 1577 263 πεντήκονθ’

247 278 355 320 ὅλας.
427 279 469 319 ἐν
494 281 535 319 δὲ
561 279 683 333 τούτῳ
706 280 918 330 Δορίσκον,
951 277 1126 332 Θρᾴκην,
1153 279 1247 320 τάπὶ
1271 283 1428 333 τειχῶν,
1453 278 1578 332 Ἱερὸν

246 347 346 397 ὄρος,
374 344 502 386 πάντα
529 347 577 385 τὰ
608 345 830 398 πράγματα,
860 347 902 386 ἐν
933 344 1065 402 εἰρήνῃ
1100 345 1162 385 καὶ
1193 349 1383 388 σπονδαῖς
1405 344 1489 403 ᾕρει
1515 347 1578 388 καὶ

246 411 412 466 διῳκεῖθ’
438 413 458 452 ὁ
489 413 701 459 Φίλιππος,
734 413 868 453 πολλὰ
902 411 1092 464 λέγοντος
1128 412 1223 462 ἐμοῦ
1253 413 1315 453 καὶ
1344 415 1578 464 θρυλοῦντος

245 479 318 525 ἀεί,
339 478 383 518 τὸ
407 481 480 529 μὲν
499 483 653 531 πρῶτον
679 479 729 521 ὡς
754 478 802 519 ἂν
829 480 884 521 εἰς
911 479 1042 520 κοινὸν
1063 479 1224 531 γνώμην
1244 478 1577 532 ἀποφαινομένου,

245 547 344 596 μετὰ
372 548 494 586 ταῦτα
523 545 555 585 δ’
590 545 642 588 ὡς
670 546 909 598 ἀγνοοῦντας
944 545 1215 592 διδάσκοντος,
1251 549 1514 589 τελευτῶντος
1544 546 1578 586 δ’

247 612 298 654 ὡς
323 612 372 653 ἂν
390 611 486 663 πρὸς
510 612 758 664 πεπρακότας
782 613 921 655 αὐτοὺς
948 614 1010 653 καὶ
1037 611 1326 656 ἀνοσιωτάτους
1351 613 1579 665 ἀνθρώπους

246 679 359 720 οὐδὲν
393 677 754 729 ὑποστελλομένου.
826 680 846 718 ὁ
882 681 924 720 δὲ
959 679 1112 721 τούτοις
1147 679 1365 731 ἀντιλέγων
1398 683 1579 732 φανερῶς

249 746 310 786 καὶ
340 744 491 786 ἅπασιν
516 745 812 796 ἐναντιούμενος
838 746 896 788 οἷς
921 746 1061 798 ἔλεγον
1087 748 1160 796 μὲν
1191 746 1281 798 ἐγώ,
1307 745 1515 799 ἐψήφιστο
1545 745 1578 786 δ’

246 811 313 863 ὑφ’
344 812 462 862 ὑμῶν,
495 811 607 853 οὗτος
639 810 700 861 ἦν.
773 813 805 852 εἰ
838 814 879 853 δὲ
914 813 977 853 καὶ
1008 815 1131 853 πᾶσιν
1163 812 1307 865 ἤρεσκε
1340 816 1461 853 ταῦτα
1495 816 1578 855 τοῖς

247 877 386 920 ἄλλοις
411 878 650 930 πρέσβεσιν,
678 878 801 919 αὐτίκ’
827 879 999 920 εἴσεσθε.
1071 879 1148 930 ἐγὼ
1179 881 1251 929 μὲν
1277 880 1352 931 γὰρ
1381 878 1493 920 οὐδέν
1519 895 1578 919 πω

245 944 351 996 λέγω
382 945 469 996 περὶ
499 944 656 986 οὐδενὸς
689 944 768 985 οὐδ’
799 946 992 996 αἰτιῶμαι,
1025 944 1104 985 οὐδ’
1136 944 1424 997 ἀναγκασθέντ’
1453 944 1578 986 αὐτῶν

247 1010 387 1052 οὐδένα
411 1014 472 1052 δεῖ
494 1014 621 1052 δοκεῖν
647 1011 823 1064 χρηστὸν
849 1011 948 1052 εἶναι
972 1010 1153 1063 τήμερον,
1178 1012 1285 1052 ἀλλὰ
1309 1010 1358 1052 δι’
1378 1011 1495 1052 αὑτὸν
1516 1013 1579 1053 καὶ

247 1077 289 1118 τὸ
314 1078 365 1128 μὴ
393 1077 714 1128 κεκοινωνηκέναι
738 1082 815 1119 τῶν
835 1077 1096 1129 ἀδικημάτων.
1155 1079 1214 1119 ὅτι
1238 1080 1311 1129 μὲν
1330 1079 1406 1130 γὰρ
1429 1079 1580 1132 αἰσχρὰ

249 1145 309 1185 καὶ
351 1146 459 1185 δεινὰ
503 1145 564 1185 καὶ
607 1145 652 1185 οὐ
700 1148 840 1196 προῖκα
881 1146 929 1185 τὰ
971 1144 1239 1198 πεπραγμένα,
1287 1144 1429 1187 πάντες
1470 1145 1578 1195 ὑμεῖς

247 1211 446 1263 ἑοράκατε·
484 1212 625 1253 οἵτινες
650 1211 682 1251 δ’
708 1213 743 1252 οἱ
768 1212 915 1253 τούτων
939 1212 1243 1266 μετεσχηκότες,
1273 1211 1365 1252 αὐτὸ
1390 1211 1576 1261 δηλώσει.

314 1277 445 1318 Ἀλλὰ
476 1278 522 1329 νὴ
551 1278 619 1319 Δί’
649 1280 692 1319 ἐν
725 1279 848 1333 τούτῳ
882 1282 934 1333 τῷ
967 1279 1097 1333 χρόνῳ
1130 1278 1220 1321 τοὺς
1254 1279 1391 1330 ὅρκους
1424 1278 1578 1330 ἔλαβον

248 1347 352 1396 παρὰ
376 1348 453 1386 τῶν
479 1344 712 1398 συμμάχων,
739 1342 762 1395 ἢ
787 1344 901 1386 τᾶλλ’
927 1345 951 1385 ἃ
975 1347 1176 1397 προσῆκεν
1201 1346 1408 1396 ἐποίησαν.
1477 1351 1574 1386 πολ-

246 1415 319 1451 λοῦ
348 1429 393 1463 γε
424 1412 485 1452 καὶ
515 1414 584 1458 δεῖ,
612 1413 718 1452 ἀλλὰ
742 1416 845 1463 τρεῖς
869 1415 994 1463 μῆνας
1019 1413 1136 1454 ὅλους
1162 1411 1489 1463 ἀποδημήσαντες
1515 1411 1578 1452 καὶ

247 1479 382 1531 χιλίας
405 1479 601 1528 λαβόντες
626 1480 804 1531 δραχμὰς
829 1479 993 1530 ἐφόδιον
1018 1478 1108 1530 παρ’
1135 1479 1254 1529 ὑμῶν,
1282 1478 1370 1530 παρ’
1397 1479 1578 1529 οὐδεμιᾶς

249 1545 415 1590 πόλεως,
448 1544 528 1585 οὔθ’
560 1544 614 1584 ὅτ’
648 1544 768 1585 ἐκεῖσ’
800 1545 1034 1596 ἐπορεύοντο
1069 1544 1148 1585 οὔθ’
1179 1544 1236 1584 ὅτ’
1269 1546 1417 1586 ἐκεῖθεν
1451 1547 1574 1596 δεῦρο,

248 1611 336 1654 τοὺς
378 1612 515 1663 ὅρκους
556 1612 719 1662 ἔλαβον,
758 1611 850 1651 ἀλλ’
888 1612 930 1651 ἐν
966 1614 1017 1665 τῷ
1056 1613 1271 1665 πανδοκείῳ
1310 1615 1362 1666 τῷ
1398 1611 1473 1663 πρὸ
1509 1614 1578 1651 τοῦ

251 1679 508 1730 Διοσκορείου
537 1678 589 1729 (εἴ
616 1694 673 1720 τις
703 1678 809 1728 ὑμῶν
840 1679 894 1719 εἰς
920 1679 1050 1730 Φερὰς
1081 1679 1256 1730 ἀφῖκται,
1288 1677 1359 1718 οἷδ’
1391 1677 1412 1718 ὃ
1442 1675 1575 1731 λέγω),

250 1744 400 1786 ἐνταῦθ’
427 1744 622 1797 ἐγίγνονθ’
647 1746 683 1785 οἱ
707 1745 827 1796 ὅρκοι,
855 1745 920 1785 ὅτε
945 1744 1045 1796 δεῦρ’
1070 1744 1141 1795 ἤδη
1167 1745 1211 1785 τὸ
1237 1744 1445 1797 στράτευμ’
1471 1744 1579 1796 ἄγων

251 1811 408 1862 ἐβάδιζε
440 1812 654 1858 Φίλιππος,
687 1813 875 1864 αἰσχρῶς,
907 1811 1044 1864 ἄνδρες
1072 1811 1285 1862 Ἀθηναῖοι,
1319 1812 1381 1852 καὶ
1411 1810 1579 1862 ἀναξίως

250 1879 368 1929 ὑμῶν.
431 1880 554 1919 καίτοι
579 1882 691 1919 τοῦτο
717 1879 918 1921 Φίλιππος
943 1878 1127 1920 ἁπάντων
1152 1878 1199 1919 ἂν
1226 1877 1439 1930 ἐτιμήσατο
1464 1879 1576 1919 πλεί-

251 1963 347 1986 στου
384 1949 521 1986 τοῦτον
552 1945 620 1987 τὸν
653 1946 799 1998 τρόπον
831 1947 1069 1999 πραχθῆναι.
1141 1944 1212 1996 τήν
1242 1962 1284 1987 τε
1314 1947 1389 1997 γὰρ
1420 1944 1577 1997 εἰρήνην

250 2012 339 2066 οὐχὶ
371 2012 614 2063 δυνηθέντων
646 2012 696 2054 ὣς
728 2013 992 2066 ἐπεχείρησαν
1025 2013 1142 2058 οὗτοι,
1173 2012 1305 2062 (πλὴν
1332 2011 1484 2053 ςΑλέων
1516 2011 1578 2052 καὶ

251 2079 450 2126 Φωκέων,’
475 2079 642 2132 γράψαι,
669 2079 760 2119 ἀλλ’
787 2078 1106 2131 ἀναγκασθέντος
1135 2078 1202 2130 ὑφ’
1227 2080 1334 2129 ὑμῶν
1358 2081 1426 2118 τοῦ
1452 2081 1575 2118 Φιλο-

294 2199 311 2227 7
337 2190 375 2221 ἂν
391 2199 456 2220 om.
476 2188 508 2219 A
673 2189 713 2218 16
737 2189 814 2220 αὐτὸ
833 2187 856 2218 5
869 2187 915 2217 L:
941 2188 1021 2219 αὐτὰ
1038 2192 1116 2218 cett.
1274 2197 1316 2217 20
1340 2187 1483 2227 δραχμὰς
1500 2191 1578 2226 post

250 2232 409 2268 λαβόντες
425 2233 447 2262 S
462 2232 529 2262 LA
541 2232 571 2263 Y
586 2243 592 2263 :
617 2237 696 2263 ante
709 2233 871 2269 λαβόντες
885 2231 990 2270 vulg:
1016 2231 1079 2261 del.
1096 2229 1195 2261 Blass
1255 2236 1335 2262 ante
1347 2229 1490 2260 alterum
1504 2230 1576 2269 παρ’

249 2277 325 2307 add.
346 2277 407 2308 ὅσα
426 2276 491 2315 FQ
505 2276 534 2307 Ο
551 2287 557 2306 :
583 2277 659 2308 ὅσον
675 2275 706 2306 Α
721 2286 728 2305 ;
757 2285 821 2305 om.
840 2275 864 2305 S
878 2274 903 2304 L
915 2274 945 2304 Y
1067 2284 1107 2304 22
1132 2275 1207 2314 πρὸς
1223 2277 1267 2314 τῷ
1285 2274 1460 2314 Διοσκορίῳ
1479 2273 1576 2304 Blass

250 2330 325 2350 cum
343 2320 549 2351 Theodoret.
569 2320 602 2349 iv
617 2329 692 2358 907,
711 2318 784 2349 coll.
807 2321 822 2355 ξ
842 2328 915 2357 249,
936 2318 1014 2348 xviii
1038 2327 1096 2356 129
1186 2327 1226 2355 23
1251 2316 1470 2358 Διοσκορείου]
1490 2320 1575 2349 διοσ-

250 2364 390 2404 κουρείου
409 2364 431 2394 S
450 2363 537 2402 vulg.
557 2373 564 2393 ε
589 2362 766 2402 διοσκορίου
783 2361 813 2391 Α
947 2371 987 2399 25
1012 2361 1034 2392 ὦ
1053 2366 1130 2391 ante
1148 2362 1256 2401 ἄνδρες
1273 2361 1348 2391 add.
1369 2360 1457 2399 vulg.
1478 2372 1484 2391 :
1509 2370 1572 2391 om.

252 2407 275 2437 S
288 2406 314 2437 L
447 2408 487 2437 28
503 2407 542 2438 τὸ
560 2410 684 2447 πρῶτον
703 2406 752 2444 ζτὸ
771 2415 832 2436 om.
848 2403 885 2435 A*
915 2410 989 2444 post
1006 2403 1092 2436 οὗτοι
1105 2404 1179 2435 add.
1191 2404 1292 2443 vulg.:
1318 2414 1383 2435 om.
1401 2404 1424 2436 S
1441 2403 1533 2435 solus

1598 497 1616 528 5

1603 831 1642 854 10

1602 1161 1639 1195 ¹5

1601 1495 1640 1518 20

1601 1832 1639 1863 ²5
