1763 2828
88 122 203 176 [293]

142 233 207 277 196

85 631 204 686 [294]

141 714 204 749 197

141 1443 204 1487 198

136 2117 201 2154 199

664 123 1150 162 ΔΗΜΟΣΘΕΝΟΎΣ
1447 122 1566 173 [xvffl

299 225 422 266 ’Έστι
447 229 486 268 δὲ
512 227 620 267 ταυτὶ
647 226 775 268 πάντα
804 244 883 279 μοι,
912 229 959 268 τὰ
989 227 1136 275 πολλά,
1164 227 1261 280 πρὸς
1289 229 1399 280 ὑμᾶς,
1427 227 1567 281 ἄνδρες

239 295 434 339 δικασταί,
464 294 525 334 καὶ
555 294 646 336 τοὺς
674 296 984 347 περιεστηκότας
1014 293 1160 345 ἔξωθεν
1192 295 1254 336 καὶ
1285 295 1564 348 ἀκροωμένους,

238 360 324 401 ἐπεὶ
354 361 451 412 πρός
484 378 530 413 γε
558 364 698 402 τοῦτον
730 361 800 402 τὸν
835 361 1111 402 κατάπτυστον
1144 362 1300 416 βραχὺς
1334 362 1397 403 καὶ
1431 363 1567 416 σαφὴς

237 426 392 480 ἐξήρκει
424 429 559 480 λόγος.
631 430 664 469 εἶ
696 431 768 479 μὲν
802 431 877 481 γὰρ
909 428 955 479 ἦν
986 429 1051 469 σοὶ
1077 430 1258 481 πρόδηλα
1286 430 1334 469 τὰ
1365 429 1565 480 μέλλοντ’,

239 496 426 548 Αἰσχίνη,
464 496 569 549 μόνῳ
606 498 683 535 τῶν
718 495 868 542 ἄλλων,
903 496 959 536 ὅτ’
997 495 1227 547 ἐβουλεύεθ’
1263 496 1287 547 ἡ
1324 496 1441 538 πόλις
1477 497 1566 549 περὶ

236 562 399 607 τούτων,
426 561 506 601 τότ’
533 563 610 602 ἔδει
635 562 860 614 προλέγειν·
899 564 932 603 εἰ
967 565 1007 603 δὲ
1040 563 1093 614 μὴ
1124 564 1318 619 προῄδεις,
1345 565 1414 614 τῆς
1447 563 1566 614 αὐτῆς

238 629 400 681 ἀγνοίας
424 628 639 670 ὑπεύθυνος
665 629 703 669 εἶ
723 632 805 671 τοῖς
830 629 982 676 ἄλλοις,
1012 631 1118 671 ὥστε
1142 632 1183 670 τί
1211 633 1370 681 μᾶλλον
1395 632 1489 681 ἐμοῦ
1515 631 1566 671 σὺ

236 699 358 735 ταῦτα
391 699 620 747 κατηγορεῖς
651 693 674 746 ἢ
703 697 782 748 ἐγὼ
818 700 910 743 σοῦ,·
949 700 1141 738 τοσοῦτον
1172 699 1249 749 γὰρ
1283 698 1453 747 ἀμείνων
1486 699 1565 750 ἐγὼ

238 766 311 802 σοῦ
337 763 501 812 πολίτης
534 762 666 815 γέγον’
693 764 748 805 εἰς
781 763 879 803 αὐτὰ
911 763 1019 804 ταῦθ’
1046 764 1070 804 ἃ
1093 763 1200 816 λέγω
1224 763 1304 813 (καὶ
1337 764 1442 805 οὔπω
1476 765 1564 817 περὶ

236 833 314 869 τῶν
345 829 482 869 ἄλλων
515 828 774 882 διαλέγομαι),
810 831 909 871 ὅσον
943 832 1020 883 ἐγὼ
1053 833 1124 882 μὲν
1160 830 1270 872 ἔδωκ’
1304 831 1470 882 ἐμαυτὸν
1508 832 1564 874 εἷς

236 899 284 936 τὰ
311 898 411 936 πᾶσι
431 899 621 937 δοκοῦντα
646 896 879 949 συμφέρειν,
902 897 1042 938 οὐδένα
1070 898 1247 938 κίνδυνον
1267 896 1440 948 ὀκνήσας
1464 900 1563 939 ἴδιον

236 962 314 1003 οὐδ’
332 963 688 1016 ὑπολογισάμενος,
707 964 756 1004 σὺ
778 963 810 1004 δ’
829 963 910 1004 οὔθ’
927 964 1026 1016 ἕτερ’
1045 964 1150 1007 εἶπες
1170 965 1321 1015 βελτίω
1341 963 1565 1016 τούτων(οὐ

235 1032 310 1083 γὰρ
327 1030 376 1071 ἂν
388 1031 540 1073 τούτοις
557 1030 758 1084 ἐχρῶντο),
775 1030 855 1072 οὔτ’
869 1032 924 1073 εἰς
939 1035 1060 1072 ταῦτα
1076 1030 1276 1085 χρήσιμον
1293 1031 1406 1072 οὐδὲν
1418 1031 1564 1072 σαυτὸν

235 1097 450 1152 παρέσχες,
489 1098 584 1150 ὅπερ
621 1098 652 1138 δ’
690 1098 738 1138 ἂν
780 1099 800 1137 ὁ
843 1099 1095 1151 φαυλότατος
1138 1100 1201 1140 καὶ
1245 1097 1564 1149 δυσμενέστατος

236 1164 440 1217 ἄνθρωπος
475 1166 520 1221 τῇ
559 1166 688 1212 πόλει,
726 1168 842 1205 τοῦτο
879 1166 1101 1216 πεποιηκὼς
1135 1166 1199 1207 ἐπὶ
1237 1168 1319 1207 τοῖς
1355 1167 1564 1216 συμβᾶσιν

236 1230 440 1282 ἐξήτασαι,
478 1233 540 1273 καὶ
574 1232 640 1283 ἅμ’
675 1232 933 1285 Ἀρίστρατος
968 1234 1010 1274 ἐν
1045 1230 1166 1288 Νάξῳ
1203 1233 1265 1274 καὶ
1295 1232 1564 1285 Ἀριστόλεως

235 1300 277 1338 ἐν
304 1298 446 1354 Θάσῳ,
474 1300 509 1340 οἱ
543 1298 726 1350 καθάπαξ
753 1301 889 1353 ἐχθροὶ
920 1302 989 1350 τῆς
1021 1300 1188 1346 πόλεως,
1222 1300 1312 1342 τοὺς
1343 1299 1564 1351 Ἀθηναίων

237 1366 412 1417 κρίνουσι
460 1367 602 1419 φίλους
651 1368 713 1407 καὶ
761 1366 982 1418 Ἀθήνησιν
1031 1369 1228 1420 Αἰσχίνης
1279 1367 1564 1418 Δημοσθένους

238 1437 458 1485 κατηγορεῖ.
531 1434 654 1474 καίτοι
679 1435 754 1488 ὅτῳ
788 1435 836 1474 τὰ
863 1437 943 1474 τῶν
967 1433 1178 1484 Ἑλλήνων
1209 1433 1427 1487 ἀτυχήματ’
1455 1435 1560 1474 ἐνευ-

236 1503 408 1550 δοκιμεῖν
442 1499 637 1546 ἀπέκειτο,
666 1499 921 1541 ἀπολωλέναι
953 1503 1112 1551 μᾶλλον
1147 1501 1259 1543 οὗτός
1293 1502 1382 1541 ἐστι
1414 1502 1563 1543 δίκαιος

234 1563 257 1616 ἢ
284 1570 515 1619 κατηγορεῖν
541 1567 687 1619 ἑτέρου·
726 1568 787 1607 καὶ
807 1568 882 1622 ὅτῳ
905 1569 1224 1621 συνενηνόχασιν
1245 1569 1280 1608 οῖ
1307 1566 1416 1608 αὐτοὶ
1437 1568 1561 1619 καιροὶ

235 1633 297 1673 καὶ
329 1637 411 1676 τοῖς
443 1635 512 1684 τῆς
544 1635 699 1676 πόλεως
733 1635 902 1687 ἐχθροῖς,
931 1634 999 1675 οὐκ
1035 1635 1093 1675 ἔνι
1122 1638 1259 1675 τοῦτον
1296 1635 1433 1675 εὔνουν
1463 1633 1562 1675 εἶναι

233 1706 280 1757 τῇ
306 1702 474 1753 πατρίδι.
546 1704 680 1751 δηλοῖς
705 1703 747 1742 δὲ
773 1702 835 1742 καὶ
861 1700 907 1752 ἐξ
930 1702 985 1742 ὧν
1013 1701 1082 1758 ζῇς
1107 1701 1168 1741 καὶ
1195 1705 1320 1743 ποιεῖς
1354 1702 1416 1742 καὶ
1446 1706 1561 1742 πολι-

231 1768 333 1808 τεύει
376 1768 438 1808 καὶ
479 1765 601 1808 πάλιν
643 1768 687 1808 οὐ
731 1768 942 1809 πολιτεύει.
1014 1768 1231 1820 πράττεταί
1275 1785 1312 1808 τι
1351 1771 1429 1809 τῶν
1471 1769 1562 1819 ὑμῖν

232 1835 453 1875 δοκούντων
490 1834 722 1888 συμφέρειν·
774 1835 935 1887 ἄφωνος
971 1836 1181 1889 Αἰσχίνης.
1253 1833 1493 1886 ἀντέκρουσέ
1525 1851 1562 1875 τι

232 1901 294 1942 καὶ
329 1901 462 1954 γέγον’
495 1902 577 1942 οἷον
611 1902 679 1942 οὐκ
714 1902 806 1943 ἔδει·
844 1901 1038 1954 πάρεστιν
1064 1903 1272 1955 Αἰσχίνης.
1343 1902 1480 1954 ὥσπερ
1512 1903 1562 1942 τὰ

229 1967 410 2020 ῥήγματα
442 1969 503 2009 καὶ
532 1970 580 2009 τὰ
613 1968 844 2020 σπάσματα,
873 1970 968 2009 ὅταν
998 1985 1033 2008 τι
1068 1968 1186 2009 κακὸν
1211 1969 1256 2009 τὸ
1287 1972 1402 2020 σῶμα
1433 1967 1559 2025 λάβῃ,

230 2036 319 2076 τότε
345 2039 521 2077 κινεῖται.

298 2102 461 2154 Ἐπειδὴ
489 2106 531 2145 δὲ
556 2104 680 2146 πολὺς
704 2106 786 2145 τοῖς
812 2103 1121 2154 συμβεβηκόσιν
1151 2103 1334 2155 ἔγκειται,
1361 2102 1564 2153 βούλομαί

231 2186 267 2210 τι
305 2170 366 2210 καὶ
405 2170 628 2223 παράδοξον
665 2172 801 2211 εἰπεῖν.
875 2171 940 2210 καί
974 2187 1048 2221 μου
1087 2170 1184 2222 πρὸς
1222 2169 1318 2211 Διὸς
1359 2170 1420 2209 καὶ
1460 2171 1560 2210 θεῶν

230 2239 366 2287 μηδεὶς
392 2238 463 2288 τὴν
493 2237 724 2290 ὑπερβολὴν
759 2237 955 2293 θαυμάσῃ,
984 2238 1090 2277 ἀλλὰ
1122 2235 1205 2287 μετ’
1231 2236 1383 2278 εὐνοίας
1408 2235 1428 2275 ὃ
1453 2235 1560 2288 λέγω

273 2359 294 2386 9
318 2349 406 2379 ταῦθ’
422 2348 453 2388 &T
475 2351 578 2380 ταῦτα
597 2348 633 2379 S¹
728 2357 764 2378 12
788 2347 913 2379 τούτων
931 2348 1010 2378 secl.
1026 2347 1228 2385 Rosenberg
1321 2355 1359 2384 15
1383 2346 1559 2387 ἅνθρωπος]

230 2392 306 2422 add.
337 2393 481 2430 ποιήσειε
512 2392 536 2421 F
564 2392 651 2430 vulg.
836 2392 875 2420 16
908 2390 1122 2432 Ἀριστόλεως
1151 2390 1241 2420 LA:
1278 2389 1485 2432 Ἀριστόλεος
1513 2389 1559 2420 S:

230 2435 440 2474 Ἀριστόλαος
466 2435 554 2473 vulg.

1586 514 1604 546 5

1589 847 1627 869 10

1588 1181 1624 1214 ¹5

1583 1515 1624 1538 20

1584 1850 1622 1881 ²5

1581 2182 1622 2215 30
