1763 2828
142 157 244 211 [251]

198 938 243 974 79

134 1124 241 1179 [252]

199 1533 245 1567 80

201 2134 242 2167 81

700 158 1185 197 ΔΗΜΟΣΘΕΝΟΎΣ
1482 153 1602 206 [xvxu

276 254 392 305 δήμου
411 257 476 293 τοῦ
495 254 710 305 Ἀθηναίων,
731 258 802 295 ὑπὸ
827 256 866 294 δέ
890 273 996 295 τινων
1016 257 1201 308 ἀρχόντων
1222 256 1281 295 καὶ
1307 257 1436 306 ἑτέρων
1456 256 1604 295 ἰδιωτῶν

274 311 341 359 μὲν
367 312 429 349 νῦν
449 310 571 355 ὄντων,
593 313 632 348 ἐκ
658 312 793 352 παντὸς
819 311 857 349 δὲ
886 311 1024 360 τρόπου
1047 311 1289 361 βουλομένων
1307 312 1371 350 τὸν
1388 311 1505 361 δῆμον
1524 311 1604 350 ἀντὶ

273 366 339 414 τῆς
368 367 430 403 νῦν
458 366 698 416 ὑπαρχούσης
730 366 821 415 πρὸς
851 367 913 415 ἐμὲ
943 367 1072 414 φιλίας
1099 367 1162 404 τὸν
1191 366 1358 415 πόλεμον
1387 366 1602 415 ἀναλαβεῖν,

274 420 406 470 πολλῷ
449 421 598 469 μᾶλλον
635 420 955 470 φιλοτιμουμένων
992 423 1101 459 τοῦτο
1143 419 1430 459 συντετελέσθαι
1467 419 1492 470 ἢ
1527 421 1604 461 τοῖς

274 473 576 523 Σηλυμβριανοῖς
621 475 825 524 βοηθῆσαι.
903 474 961 512 καὶ
1007 475 1345 525 ὑπολαμβάνουσιν
1394 476 1515 514 αὑτοῖς
1560 475 1603 513 τὸ

273 530 417 566 τοιοῦτο
443 528 630 578 πρόσοδον
653 529 818 567 ἔσεσθαι·
852 530 893 567 οὗ
919 530 1043 579 μέντοι
1069 546 1132 579 μοι
1159 529 1259 567 δοκεῖ
1280 531 1390 567 τοῦτο
1416 529 1604 580 χρήσιμον

273 583 451 634 ὑπάρχειν
484 581 560 621 οὔθ’
593 584 678 633 ὗμῖν
710 582 784 622 οὔτ
818 584 909 632 ἐμοί.
968 583 1093 633 διόπερ
1127 584 1174 622 τά
1206 601 1246 622 τε
1280 585 1342 622 νῦν
1375 583 1604 634 καταχθέντα

273 639 389 675 πλοῖα
418 638 510 686 πρὸς
539 638 634 686 ἡμᾶς
665 638 799 687 ἀφιημι
830 639 926 687 υμῖν,
958 655 1017 676 και
1046 640 1111 676 τοῦ
1141 640 1285 683 λοιποῦ,
1317 638 1379 676 ἐὰν
1405 637 1603 687 βούλησθε

273 691 326 740 μὴ
356 692 560 741 ἐπιτρέπειν
583 693 659 732 τοῖς
686 692 960 741 προεστηκόσιν
984 694 1085 741 ὑμῶν
1112 692 1298 741 κακοήθως
1326 691 1602 737 πολιτεύεσθαι,

274 744 361 783 ἀλλ’
398 748 597 795 ἐπιτιμᾶτε,
636 762 862 795 πειρασομαι
900 748 1000 798 κάγὼ
1040 746 1302 796 διαφυλάττειν
1338 746 1406 795 τὴν
1445 747 1601 796 εἰρήνην.

274 797 481 851 εὐτυχεῖτε]

339 921 520 962 Ἐνταῦθ’
563 922 735 972 οὐδαμοῦ
779 921 1046 972 Δημοσθένην
1088 922 1308 975 γέγραφεν,
1351 921 1430 962 οὐδ’
1473 923 1602 962 αἰτίαν

273 988 457 1040 οὐδεμίαν
482 988 563 1028 κατ’
590 989 698 1038 ἐμοῦ.
770 989 811 1029 τί
832 988 918 1028 ποτ’
944 988 1012 1028 οὖν
1037 992 1118 1030 τοῖς
1148 988 1288 1031 ἄλλοις
1319 990 1500 1040 ἐγκαλῶν
1525 992 1602 1029 τῶν

275 1057 360 1108 ἐμοὶ
386 1054 675 1108 πεπραγμένων
701 1054 790 1108 οὐχὶ
823 1054 1035 1106 μέμνηται;
1073 1056 1134 1095 ὅτι
1167 1059 1246 1096 τῶν
1275 1054 1525 1106 ἀδικημάτων
1553 1053 1602 1095 ἂν

275 1122 468 1174 ἐμέμνητο
500 1126 579 1163 τῶν
611 1118 756 1173 αὑτοῦ[,
792 1122 829 1162 εἴ
861 1138 898 1162 τι
931 1122 1019 1174 περὶ
1053 1123 1147 1173 ἐμοῦ
1181 1118 1414 1175 γέγραφεν]·
1453 1121 1602 1162 τούτων

273 1191 349 1242 γὰρ
385 1190 550 1243 εἰχόμην
587 1190 666 1241 ἐγὼ
706 1189 767 1230 καὶ
807 1189 959 1230 τούτοις
998 1189 1272 1240 ἠναντιούμην.
1345 1189 1408 1229 καὶ
1445 1192 1602 1240 πρῶτον

272 1259 345 1307 μὲν
369 1256 441 1307 τὴν
471 1258 525 1298 εἰς
551 1256 870 1306 Πελοπόννησον
900 1257 1123 1309 πρεσβείαν
1154 1256 1326 1310 ἔγραψα,
1353 1256 1419 1297 ὅτε
1447 1259 1601 1307 πρῶτον

273 1324 422 1366 ἐκεῖνος
447 1325 501 1365 εἰς
521 1324 839 1374 Πελοπόννησον
866 1323 1093 1375 παρεδύετο,
1125 1323 1209 1364 εἶτα
1233 1323 1305 1374 τὴν
1332 1324 1388 1365 εἰς
1408 1322 1599 1373 Εὔβοιαν,

273 1390 372 1441 ἡνίκ’
406 1390 582 1441 Εὐβοίας
614 1390 772 1442 ἥπτετο,
810 1390 895 1430 εἶτα
927 1389 998 1440 τὴν
1032 1390 1093 1431 ἐπ’
1118 1389 1265 1443 Ὠρεὸν
1297 1388 1446 1440 ἔξοδον,
1473 1388 1601 1430 οὐκέτι

273 1459 509 1509 πρεσβείαν,
538 1458 600 1498 καὶ
625 1456 697 1507 τὴν
723 1458 778 1499 εἰς
803 1456 1022 1508 Ἐρέτριαν,
1053 1456 1185 1507 ἐπειδὴ
1211 1456 1424 1509 τυράννους
1454 1457 1601 1497 ἐκεῖνος

275 1525 317 1564 ἐν
341 1524 499 1565 ταύταις
523 1527 608 1566 ταῖς
631 1524 802 1564 πόλεσιν
836 1522 1097 1573 κατέστησεν.
1168 1524 1267 1574 μετὰ
1292 1526 1411 1563 ταῦτα
1441 1524 1483 1563 δὲ
1511 1522 1601 1564 τοὺς

275 1591 526 1632 ἀποστόλους
545 1589 720 1631 ἅπαντας
739 1589 972 1636 ἀπέστειλα,
997 1589 1082 1630 καθ’
1102 1589 1168 1632 οὓς
1188 1590 1443 1642 Χερρόνησος
1467 1589 1600 1639 ἐσώθη

276 1658 339 1697 καὶ
370 1656 581 1707 Βυζάντιον
615 1656 678 1696 καὶ
710 1655 853 1698 πάντες
888 1658 924 1697 οἱ
959 1657 1173 1710 σύμμαχοι.
1246 1655 1293 1707 ἐξ
1320 1657 1376 1697 ὧν
1408 1657 1497 1707 ὑμῖν
1529 1657 1601 1707 μὲν

275 1726 324 1764 τὰ
350 1723 560 1770 κάλλιστα,
589 1723 755 1769 ἔπαινοι,
787 1722 910 1774 δόξαι,
932 1725 1053 1774 τιμαί,
1078 1723 1285 1776 στέφανοι,
1312 1722 1472 1776 χάριτες
1496 1722 1602 1774 παρὰ

275 1795 353 1831 τῶν
379 1791 419 1832 εὖ
444 1791 697 1832 πεπονθότων
723 1791 916 1843 ὑπῆρχον·
955 1794 1034 1831 τῶν
1064 1789 1096 1830 δ’
1122 1789 1388 1841 ἀδικουμένων
1416 1793 1498 1831 τοῖς
1529 1791 1601 1840 μὲν

275 1859 366 1909 ὑμῖν
389 1857 479 1898 τότε
503 1860 729 1898 πεισθεῖσιν
753 1857 776 1908 ἡ
803 1859 978 1910 σωτηρία
1004 1857 1266 1911 περιεγένετο,
1293 1860 1374 1899 τοῖς
1399 1856 1432 1897 δ’
1456 1857 1599 1909 ὀλιγω-

274 1923 426 1976 ρήσασι
460 1924 505 1965 τὸ
540 1924 733 1967 πολλάκις
771 1925 826 1965 ὧν
866 1926 976 1976 ὑμεῖς
1011 1927 1226 1978 προείπατε
1260 1926 1498 1977 μεμνῆσθαι,
1540 1923 1602 1963 καὶ

275 1992 447 2042 νομίζειν
471 1991 570 2042 ὑμᾶς
593 1991 645 2043 μὴ
670 1992 793 2043 μόνον
819 1992 952 2034 εὔνους
979 1995 1143 2040 ἑαυτοῖς,
1166 1993 1273 2033 ἀλλὰ
1298 1992 1361 2033 καὶ
1387 1991 1602 2044 φρονίμους

275 2058 502 2110 ἀνθρώπους
527 2060 590 2100 καὶ
614 2058 773 2110 μάντεις
800 2059 911 2100 εἶναι·
950 2059 1078 2101 πάντα
1102 2061 1177 2112 γὰρ
1204 2058 1399 2112 ἐκβέβηχ’
1419 2059 1443 2099 ἃ
1467 2057 1599 2110 προεί-

277 2142 386 2166 πατε.
459 2127 521 2167 καὶ
557 2126 635 2178 μὴν
672 2127 732 2167 ὅτι
768 2127 901 2166 πολλὰ
936 2129 1009 2177 μὲν
1044 2126 1093 2167 ἂν
1129 2125 1298 2180 χρήματ’
1335 2125 1455 2166 ἔδωκε
1484 2127 1599 2164 Φιλι-

277 2193 412 2243 στίδης
438 2193 532 2233 ὥστ’
558 2194 666 2247 ἔχειν
693 2192 851 2245 Ὠρεόν,
873 2195 1007 2233 πολλὰ
1033 2196 1075 2234 δὲ
1102 2194 1348 2246 Κλείταρχος
1373 2190 1468 2231 ὥστ’
1493 2190 1603 2242 ἔχειν

322 2313 335 2332 1
367 2305 425 2335 τοῦ
450 2302 475 2334 S
490 2302 537 2333 L·-
562 2305 627 2335 τῶν
650 2301 740 2341 vulg.
900 2311 937 2340 15
970 2305 1001 2334 εἴ
1020 2316 1052 2334 τι
1070 2327 1076 2333 .
1095 2326 1103 2334 .
1125 2327 1131 2333 .
1151 2302 1318 2344 γέγραφεν
1341 2301 1419 2332 secl.
1449 2300 1602 2331 Badham

274 2346 470 2388 γέγραφεζν)
486 2346 583 2377 codd.
599 2357 605 2377 :
621 2347 653 2387 γ’
665 2345 806 2387 ἔγραφεν
815 2344 988 2384 Droysen:
1010 2346 1183 2388 ἐγεγράφει
1197 2345 1361 2376 Devarius
1442 2354 1479 2374 21
1499 2346 1603 2375 ταῦτα

276 2395 355 2420 ante
373 2389 407 2421 δὲ
424 2389 512 2428 vulg.
531 2400 538 2419 t
563 2394 640 2428 post
657 2388 692 2421 δὲ
710 2388 747 2420 S¹
765 2389 857 2430 (cum
874 2388 980 2427 signis
997 2389 1251 2429 transponendi]
1393 2396 1434 2426 25
1459 2389 1602 2428 ὑπῆρχον

277 2433 302 2463 S
315 2432 352 2463 L¹
364 2432 394 2462 A
412 2445 418 2463 z
443 2433 613 2474 ἐγίγνοντο
630 2433 718 2471 vulg.

1622 491 1641 523 5

1625 760 1665 782 10

1625 1139 1662 1171 15

1623 1473 1663 1496 20

1624 1805 1662 1837 25

1624 2139 1664 2169 30
