1763 2828
80 140 196 193 [304]

129 596 148 621 u

152 598 171 631 ω

178 596 196 621 Ν

77 714 194 769 [305]

125 1532 194 1567 234

125 2003 190 2040 235

658 139 1146 177 ΔΗΜΟΣΘΕΝΟὙΣ
1437 135 1558 189 [xv111

230 246 270 285 ἐν
296 241 563 295 οἶςκαθάπαξ
585 248 701 286 τινῶν
728 244 896 295 κατέστη
925 245 1054 297 κύριος
1081 246 1285 287 Φίλιππος
1311 245 1422 286 ἔστιν
1448 247 1554 292 ἰδεῖν,

230 311 377 364 ἑτέροις
416 314 648 364 πειραθῆναι
685 312 852 363 συνέβη,
892 314 960 363 τῆς
997 314 1038 354 δὲ
1077 313 1390 364 φιλανθρωπίας,
1428 311 1476 363 ἢν
1511 315 1559 352 τὸ,

230 381 351 419 λοιπὰ
376 383 453 420 τῶν
484 378 726 431 πραγμάτων
761 381 909 422 ἐκεῖνος
944 379 1291 431 περιβαλλόμενος
1325 378 1556 426 ἐπλάττετο,

229 447 337 497 ὑμεῖς
370 451 499 489 καλῶς
532 450 736 489 ποιοῦντες
769 447 859 489 τοὺς
894 447 1064 499 καρποὺς
1100 447 1319 498 κεκόμισθε.
1391 446 1483 487 ἀλλ’
1509 449 1558 488 ἐῶ

229 517 359 553 ταῦτα.
1580 533 1598 564 5

297 581 372 621 Καὶ
413 580 489 631 μὴν
526 580 613 622 οὐδὲ
656 580 757 621 τοῦτ’
794 582 917 621 εἰπεῖν
954 579 1124 631 ὀκνήσω,
1162 581 1222 620 ὅτι
1259 580 1278 619 ὁ
1313 579 1380 620 τὸν
1416 579 1561 632 ῥήτορα

227 648 475 698 βουλόμενος
508 648 666 688 δικαίως
700 646 896 697 ἐξετάζειν
927 647 989 687 καὶ
1022 647 1074 698 μὴ
1110 651 1378 699 συκοφαντεῖν
1410 647 1478 687 οὐκ
1511 647 1560 688 ἂν

227 715 291 754 οἶα
321 714 370 754 σὺ
396 718 465 754 νῦν
490 713 638 766 ἔλεγες,
666 717 826 754 τοιαῦτα
857 715 1075 767 κατηγόρει,
1106 715 1403 766 παραδείγματα
1432 714 1556 755 πλάτ-

226 797 305 821 των
336 780 397 820 καὶ
428 779 581 832 ῥήματα
615 781 676 821 καὶ
710 780 896 834 σχήματα
927 781 1165 832 μιμούμενος
1198 780 1314 832 (πάνυ
1347 782 1421 833 γὰρ
1454 783 1558 833 παρὰ

226 850 352 893 τοῦτο,
388 847 461 901 οὐχ
495 847 607 902 ὁρᾷς;
655 847 822 900 γέγονεν
857 850 906 888 τὰ
942 851 1020 888 τῶν
1053 846 1277 897 Ἑλλήνων,
1312 848 1345 888 εἰ
1377 848 1483 888 τουτὶ
1515 847 1559 888 τὸ
1581 864 1621 887 10

225 915 341 965 ῥῆμα,
376 914 483 954 ἀλλὰ
518 913 569 964 μὴ
604 914 710 955 τουτὶ
746 914 957 967 διελέχθην
994 914 1086 966 ἐγώ,
1122 911 1145 964 ἢ
1181 914 1285 966 δευρὶ
1323 913 1393 964 τὴν
1428 918 1556 967 χεῖρα,

227 982 333 1021 ἀλλὰ
361 981 413 1031 μὴ
444 981 548 1033 δευρὶ
578 978 832 1033 παρήνεγκα),
865 980 956 1021 ἀλλ’
991 980 1051 1022 ἐπ’
1082 980 1210 1021 αὐτῶν
1243 984 1320 1021 τῶν
1355 980 1480 1032 ἔργων
1510 980 1559 1021 ἂν

227 1048 390 1088 ἐσκόπει
409 1048 517 1090 τίνας
537 1048 644 1101 εἶχεν
664 1049 846 1100 ἀφορμὰς
870 1048 892 1099 ἡ
920 1049 1036 1090 πόλις
1063 1048 1125 1088 καὶ
1149 1049 1258 1089 τίνας
1283 1046 1478 1098 δυνάμεις,
1501 1047 1558 1087 ὅτ’

225 1116 280 1156 εἰς
313 1117 361 1155 τὰ
394 1114 589 1167 πράγματ’
625 1113 787 1171 εἰσῄειν,
823 1115 886 1155 καὶ
920 1117 1029 1157 τίνας
1063 1114 1293 1167 συνήγαγον
1326 1114 1425 1172 αὐτῇ
1461 1116 1560 1166 μετὰ

223 1181 329 1222 ταῦτ’
363 1183 528 1224 ἐπιστὰς
561 1183 651 1234 ἐγώ,
688 1183 751 1223 καὶ
787 1186 868 1224 πῶς
906 1183 990 1236 εἶχε
1023 1184 1071 1222 τὰ
1103 1186 1182 1223 τῶν
1215 1183 1417 1223 ἐναντίων.
1492 1180 1559 1222 εἶτ’
1584 1197 1620 1229 15

225 1250 258 1289 εἰ
286 1251 359 1299 μὲν
390 1249 576 1291 ἐλάττους
606 1250 777 1300 ἐποίησα
805 1251 875 1292 τὰς
909 1249 1105 1300 δυνάμεις,
1138 1248 1228 1301 παρ’
1260 1249 1346 1300 ἐμοὶ
1381 1247 1559 1300 τάδίκημ’

223 1316 272 1356 ἂν
297 1318 492 1357 ἐδείκνυεν
521 1318 578 1362 ὅν,
607 1317 640 1357 εἰ
670 1318 711 1357 δὲ
736 1320 874 1371 πολλῷ
904 1316 1070 1367 μείζους,
1103 1316 1171 1356 οὐκ
1202 1315 1250 1356 ἂν
1282 1315 1558 1368 ἐσυκοφάντει.

223 1382 358 1433 ἐπειδὴ
388 1385 430 1424 δὲ
461 1383 511 1423 σὺ
539 1387 653 1424 τοῦτο
679 1382 894 1436 πέφευγας,
921 1384 999 1436 ἐγὼ
1026 1382 1193 1434 ποιήσω·
1233 1382 1296 1423 καὶ
1322 1382 1499 1424 σκοπεῖτ’
1526 1384 1559 1424 εἰ

225 1451 381 1492 δικαίως
406 1448 606 1503 χρήσομαι
630 1454 683 1504 τῷ
709 1451 830 1504 λόγῳ.

295 1517 474 1567 Δύναμιν
503 1519 575 1568 μὲν
604 1518 736 1558 τοίνυν
769 1517 876 1570 εἶχεν
908 1517 931 1567 ἡ
969 1517 1085 1559 πόλις
1117 1517 1208 1559 τοὺς
1241 1517 1451 1567 νησιώτας,
1483 1515 1557 1570 οὐχ
1578 1530 1620 1553 20

225 1583 413 1630 ἅπαντας,
453 1584 559 1624 ἀλλὰ
594 1583 683 1625 τοὺς
718 1582 1047 1625 ἀσθενεστάτους·
1096 1583 1185 1624 οὔτε
1222 1585 1297 1636 γὰρ
1335 1584 1432 1625 Χίος
1468 1583 1557 1624 οὔτε

224 1649 359 1693 Ῥόδος
387 1650 475 1691 οὔτε
502 1648 679 1702 Κέρκυρα
707 1649 791 1701 μεθ’
817 1650 926 1701 ἡμῶν
956 1649 1015 1700 ἦν·
1053 1649 1267 1703 χρημάτων
1296 1652 1337 1691 δὲ
1369 1648 1556 1700 σύνταξιν

227 1718 280 1759 εἰς
310 1716 427 1758 πέντε
457 1718 519 1757 καὶ
548 1717 835 1770 τετταράκοντα
864 1716 1051 1763 τάλαντα,
1080 1717 1143 1758 καὶ
1173 1717 1281 1757 ταῦτ’
1307 1716 1354 1767 ἧν
1379 1715 1554 1769 προεξει-

225 1784 411 1837 λεγμένα·
449 1784 616 1834 ὁπλίτην
641 1784 674 1824 δ’
699 1781 722 1834 ἢ
750 1783 869 1825 ἱππέα
899 1784 1005 1834 πλὴν
1030 1788 1109 1825 τῶν
1134 1785 1288 1825 οἰκείων
1312 1783 1465 1825 οὐδένα.
1536 1782 1556 1822 ὃ

225 1853 267 1892 δὲ
292 1850 450 1892 πάντων
476 1851 537 1891 καὶ
567 1850 852 1903 φοβερώτατον
878 1852 940 1892 καὶ
969 1850 1134 1902 μάλισθ’
1157 1852 1254 1903 ὑπὲρ
1284 1854 1362 1891 τῶν
1386 1852 1553 1903 ἐχθρῶν,
1577 1862 1616 1895 25

225 1918 331 1959 οὗτοι
367 1917 716 1970 παρεσκευάκεσαν
752 1918 842 1960 τοὺς
880 1918 1122 1972 περιχώρους
1162 1917 1312 1960 πάντας
1351 1917 1496 1970 ἔχθρας
1531 1912 1555 1966 ἢ

224 1987 363 2037 φιλίας
390 1984 600 2038 ἐγγυτέρω,
633 1985 855 2037 Μεγαρέας,
889 1986 1109 2035 Θηβαίους,
1144 1984 1335 2036 Εὐβοέας.
1407 1985 1454 2023 τὰ
1483 1984 1556 2034 μὲν

223 2054 291 2102 τῆς
315 2053 469 2094 πόλεως
495 2053 617 2094 οὕτως
641 2053 817 2105 ὑπῆρχεν
843 2052 1000 2105 ἔχοντα,
1029 2052 1091 2092 καὶ
1116 2052 1240 2093 οὐδεὶς
1265 2051 1313 2092 ἂν
1338 2050 1425 2104 ἔχοι
1450 2050 1555 2101 παρὰ

223 2119 327 2159 ταῦτ’
359 2121 483 2160 εἰπεῖν
511 2118 604 2159 ἄλλ’
638 2118 764 2159 οὐδέν·
803 2121 850 2158 τὰ
884 2120 925 2158 δὲ
957 2122 1024 2158 τοῦ
1053 2120 1269 2164 Φιλίππου,
1303 2116 1398 2169 πρὸς
1431 2116 1476 2156 ὃν
1507 2115 1553 2166 ἦν

265 2239 286 2269 3
310 2230 385 2270 πρὸς
403 2231 479 2269 ὑμᾶς
496 2233 573 2259 ante
593 2227 776 2260 ἐπλάττετο
792 2228 867 2259 add.
887 2228 976 2267 vulg.
996 2239 1002 2258 ε
1026 2238 1090 2258 om.
1113 2227 1136 2259 S
1152 2226 1190 2257 L¹
1319 2236 1358 2258 10
1381 2224 1554 2266 πράγματα

222 2277 299 2312 post
316 2274 482 2310 Ἑλλήνων
499 2272 574 2303 add.
595 2272 686 2311 vulg.
702 2283 709 2302 z
734 2281 798 2302 om.
820 2271 843 2301 S
858 2271 894 2300 1⁴1
907 2271 938 2301 A
1118 2281 1153 2309 17
1180 2270 1338 2302 ἐδείκνυεν
1355 2269 1379 2300 S
1394 2269 1420 2299 L
1437 2268 1527 2307 vulg.
1545 2279 1552 2298 :

223 2319 380 2348 ἐδείκνυες
403 2316 434 2346 Y
449 2315 491 2346 0¹
508 2315 532 2346 F
556 2326 641 2346 corr.
764 2314 975 2355 ἐσυκοφάντει
1001 2316 1025 2345 S
1041 2314 1067 2345 L
1084 2315 1173 2353 vulg.
1193 2326 1199 2344 ε
1232 2312 1461 2354 ἐσυκοφάντεις
1486 2311 1551 2342 Αιέ

222 2359 340 2397 YQO
357 2359 382 2389 F
405 2369 487 2390 corr.
657 2369 696 2398 19
727 2358 851 2390 δικαίως
877 2359 985 2390 codd..
1013 2358 1053 2389 cf.
1080 2358 1161 2388 xxiii
1187 2368 1250 2395 24:
1282 2357 1390 2396 δικαίῳ
1417 2355 1551 2385 Dobree

223 2412 263 2441 24
296 2404 314 2440 ἢ
338 2413 403 2434 om.
431 2403 455 2433 S
472 2402 497 2432 L
513 2401 649 2440 FQO:
681 2402 757 2433 add.
783 2400 813 2431 A
838 2401 926 2439 vulg.
1119 2411 1158 2439 27
1193 2400 1357 2441 Μεγαρέας
1384 2398 1552 2429 Dindors:

224 2449 381 2487 Μεγαρεῖς
399 2446 497 2476 codd.
