1763 2828
133 93 227 147 ’[10]

156 468 225 524 [11]

184 2079 227 2107 10

685 94 1173 132 ΔΗΜΟΣΘΕΝΟΎΣ
1558 89 1587 144 [ι

259 198 368 250 εἴπερ
406 199 501 238 ποτὲ
541 197 603 238 καὶ
645 201 726 244 νῦν,
767 196 934 250 χρήματ’
975 196 1237 249 εἰσφέροντας
1279 197 1485 249 προθύμως
1525 198 1587 239 καὶ

257 264 396 306 αὐτοὺς
429 263 607 314 ἐξιόντας
644 265 705 304 καὶ
737 266 858 315 μηδὲν
893 265 1165 305 ἐλλείποντας.
1238 262 1327 305 οὐδὲ
1358 265 1432 317 γὰρ
1465 265 1587 317 λόγος

257 330 345 372 οὐδὲ
377 333 527 383 σκῆψις
552 330 607 370 ἔθ’
633 332 723 381 ὑμῖν
747 334 814 370 τοῦ
838 330 890 381 μὴ
917 332 964 370 τὰ
994 330 1133 371 δέοντα
1159 334 1286 371 ποιεῖν
1311 330 1464 372 ἐθέλειν
1488 332 1582 372 ὑπο-

257 399 448 439 λείπεται.
521 397 604 438 νυνὶ
639 396 726 449 γάρ,
759 396 779 436 ὃ
812 396 956 439 πάντες
991 397 1180 449 ἐθρύλουν
1211 397 1320 444 τέως,
1353 397 1586 441 Ὀλυνθίους

259 466 536 515 ἐκπολεμῶσαι
570 466 651 504 δεῖν
681 465 883 518 Φιλίππῳ,
917 463 1082 516 γέγονεν
1117 464 1351 515 αὐτόματον,
1385 465 1447 505 καὶ
1475 464 1584 505 ταῦθ’

257 531 308 572 ὡς
348 530 396 571 ἂν
437 531 527 582 ὑμῖν
569 530 746 581 μάλιστα
788 529 997 583 συμφέροι.
1070 532 1103 572 εἶ
1146 533 1218 582 μὲν
1260 532 1335 583 γὰρ
1372 530 1440 584 ὑφ’
1477 532 1586 583 ὑμῶν

256 597 486 639 πεισθέντες
516 598 721 638 ἀνείλοντο
749 596 819 637 τὸν
842 598 1032 648 πόλεμον,
1060 598 1259 650 σφαλεροὶ
1291 598 1493 652 σύμμαχοι
1524 599 1585 639 καὶ

255 664 373 718 μέχρι
398 681 463 705 του
489 663 595 705 ταῦτ’
621 663 669 704 ἂν
694 665 909 716 ἐγνωκότες
941 664 1044 715 ἦσαν
1069 666 1180 706 ἴσως
1221 664 1354 715 ἐπειδὴ
1381 664 1413 705 δ’
1439 666 1481 705 ἐκ
1506 669 1584 705 τῶν

256 731 353 783 πρὸς
378 731 517 773 αὐτοὺς
543 730 801 783 ἐγκλημάτων
825 734 1004 782 μισοῦσι,
1026 733 1203 781 βεβαίαν
1225 731 1327 774 εἰκὸς
1346 731 1417 781 τὴν
1436 732 1584 785 ἔχθραν

257 798 395 840 αὐτοὺς
423 798 521 850 ὑπὲρ
550 798 604 838 ὧν
635 801 858 850 φοβοῦνται
890 799 952 838 καὶ
982 798 1230 838 πεπόνθασιν
1261 797 1381 851 ἔχειν.
1454 797 1498 838 οὐ
1526 801 1587 839 δεῖ

256 864 303 914 δὴ
342 867 529 910 τοιοῦτον,
569 862 599 903 ὦ
638 864 776 917 ἄνδρες
815 864 1029 914 Ἀθηναῖοι,
1071 865 1411 916 παραπεπτωκότα
1451 864 1584 918 καιρὸν

256 931 431 983 ἀφεῖναι,
464 930 553 971 οὐδὲ
587 933 727 972 παθεῖν
755 930 897 972 ταύτὸν
930 931 1026 983 ὅπερ
1059 931 1132 982 ἤδη
1167 931 1360 974 πολλάκις
1393 932 1583 984 πρότερον

256 998 491 1039 πεπόνθατε.
551 998 584 1038 εἱ
603 997 690 1050 γάρ,
713 997 770 1037 ὅθ’
790 997 937 1048 ἥκομεν
957 997 1180 1049 Εὐβοεῦσιν
1205 999 1502 1049 βεβοηθηκότες
1523 999 1584 1039 καὶ

256 1067 442 1117 παρῆσαν
467 1064 770 1117 Ἀμφιπολιτῶν
794 1062 926 1116 Ἱέραξ
948 1064 1010 1105 καὶ
1037 1067 1288 1116 Στρατοκλῆς
1318 1065 1382 1106 ἐπὶ
1407 1065 1514 1106 τουτὶ
1538 1064 1583 1105 τὸ

255 1133 380 1182 βῆμα,
404 1131 630 1173 κελεύοντες
654 1131 755 1182 ἡμᾶς
780 1134 897 1172 πλεῖν
918 1131 980 1172 καὶ
1004 1131 1334 1183 παραλαμβάνειν
1359 1131 1431 1182 τὴν
1450 1133 1581 1181 πόλιν,

255 1197 326 1248 τὴν
356 1197 476 1248 αὐτὴν
507 1197 762 1251 παρειχόμεθ’
791 1199 902 1249 ἡμεῖς
934 1199 1031 1250 ὑπὲρ
1062 1198 1172 1249 ἡμῶν
1204 1198 1330 1239 αὐτῶν
1364 1199 1583 1251 προθυμίαν

255 1264 378 1317 ἥνπερ
410 1265 505 1316 ὑπὲρ
538 1267 606 1315 τῆς
640 1264 830 1316 Εὐβοέων
863 1265 1071 1317 σωτηρίας,
1108 1265 1226 1318 εἴχετ’
1256 1265 1304 1306 ἂν
1335 1265 1582 1318 Ἀμφίπολιν

254 1332 343 1372 τότε
387 1332 448 1372 καὶ
490 1331 649 1372 πάντων
690 1335 769 1372 τῶν
809 1334 908 1383 μετὰ
949 1331 1054 1372 ταῦτ’
1096 1331 1144 1373 ἂν
1182 1331 1241 1382 ἤτ’
1281 1332 1583 1385 ἀπηλλαγμένοι

255 1398 507 1450 πραγμάτων.
580 1398 642 1438 καὶ
673 1397 794 1439 πάλιν
822 1399 937 1449 ἡνίκα
964 1399 1112 1445 Πύδνα,
1142 1400 1365 1445 Ποτείδαια,
1395 1399 1580 1450 Μεθώνη,

256 1466 461 1517 Παγασαί,
503 1464 644 1511 τᾶλλα,
689 1467 752 1506 ἵνα
792 1465 845 1517 μὴ
889 1465 971 1505 καθ’
1011 1466 1161 1507 ἕκαστα
1202 1466 1333 1518 λέγων
1375 1467 1579 1518 διατρίβω,

255 1531 552 1583 πολιορκούμεν’
583 1532 874 1585 ἀπηγγέλλετο,
907 1534 940 1573 εἶ
972 1533 1061 1574 τότε
1090 1534 1237 1574 τούτων
1268 1534 1325 1574 ἑνὶ
1357 1537 1410 1588 τῷ
1441 1533 1580 1588 πρώτῳ

255 1599 462 1650 προθύμως
497 1598 558 1639 καὶ
592 1599 642 1642 ὡς
676 1602 876 1652 προσῆκεν
909 1600 1190 1652 ἐβοηθήσαμεν
1224 1600 1344 1647 αὐτοί,
1372 1598 1483 1654 ῥᾴονι
1518 1600 1580 1641 καὶ

255 1664 356 1706 πολὺ
381 1666 733 1721 ταπεινοτέρῳτνῦν
751 1666 798 1707 ἂν
823 1667 1030 1721 ἐχρώμεθα
1054 1671 1106 1722 τῷ
1127 1668 1327 1722 Φιλίππῳ.
1347 1669 1517 1774 W}
1536 1662 1580 1706 τὸ

253 1734 325 1782 μὲν
350 1732 475 1785 παρὸν
501 1733 560 1773 ἀεὶ
586 1732 822 1785 προϊέμενοι,
850 1736 898 1774 τὰ
922 1736 964 1774 δὲ
989 1733 1176 1785 μέλλοντ’
1196 1734 1345 1785 αὐτόμα
1418 1734 1580 1784 ἰόμενοι

255 1797 428 1852 σχήσειν
459 1803 599 1846 καλῶς,
632 1798 871 1851 ηὐξήσαμεν,
903 1798 933 1840 ὦ
962 1800 1100 1853 ἄνδρες
1130 1800 1344 1851 Ἀθηναῖοι,
1376 1801 1580 1841 Φίλιππον

253 1865 364 1916 ἡμεῖς
390 1867 452 1906 καὶ
479 1866 779 1918 κατεστήσαμεν
803 1871 1036 1918 τηλικοῦτον
1061 1868 1197 1918 ἡλίκος
1222 1868 1347 1910 οὐδείς
1372 1885 1432 1908 πω
1455 1871 1577 1918 βασι-

252 1932 345 1974 λεὺς
374 1932 541 1985 γέγονεν
570 1934 829 1975 Μακεδονίας.
902 1934 986 1975 νυνὶ
1016 1934 1063 1985 δὴ
1095 1934 1225 1987 καιρὸς
1254 1935 1340 1985 ἥκει
1368 1951 1439 1981 τις,
1466 1934 1579 1976 οὗτος

254 1999 275 2038 ὁ
310 2003 387 2040 τῶν
420 1999 655 2046 Ὀλυνθίων,
694 2000 911 2051 αὐτόματος
947 2007 995 2058 τῇ
1030 2002 1159 2047 πόλει,
1197 2000 1240 2043 ὃς
1275 2002 1432 2043 οὐδενός
1469 2002 1579 2041 ἐστιν

1553 2064 1573 2074 Α

254 2064 429 2106 ἐλάττων
453 2070 531 2107 τῶν
555 2066 755 2119 προτέρων
780 2068 951 2108 ἐκείνων.
1014 2069 1076 2108 καὶ
1101 2068 1234 2120 ἔμοιγε
1259 2071 1366 2109 δοκεῖ
1386 2084 1444 2110 τις
1469 2067 1528 2113 ἄν,
1550 2070 1580 2106 ὡ

297 2185 316 2213 4
342 2175 493 2217 ἐθρύλουν
509 2175 588 2208 τέως
608 2175 737 2207 Reiske
754 2187 760 2206 :
786 2176 962 2218 ἐθρύλλουν
978 2176 1058 2209 τέως
1077 2176 1251 2208 Palatinus
1272 2187 1332 2215 142
1351 2176 1578 2207 Harleianus:

255 2218 430 2259 ἐθρύλλουν
443 2232 478 2250 τε
495 2219 518 2249 S
531 2232 581 2260 γρ.
598 2219 625 2249 Β
637 2232 688 2260 γρ.
705 2234 711 2251 :
732 2222 895 2260 ἐθρυλεῖτε
908 2222 947 2252 ὡς
961 2220 984 2250 S
999 2220 1023 2250 F
1036 2220 1065 2250 Y
1193 2230 1212 2258 5
1230 2223 1454 2260 ἐκπολεμῶσαι
1467 2220 1555 2259 vulg.
1571 2231 1576 2250 :

255 2264 476 2300 ἐκπολεμῆσαι
499 2262 532 2292 5¹
552 2267 585 2292 et
608 2262 815 2302 exemplaria
832 2263 1018 2295 Ἀττικιανά
1037 2263 1217 2302 ιχΗετροςτ.
1239 2274 1263 2295 S.
1276 2274 1306 2295 v.
1326 2265 1579 2303 ἐκπολεμῶσαι),

256 2304 297 2336 cf.
316 2305 350 2335 iii
370 2316 386 2344 7
580 2316 615 2343 14
641 2309 787 2346 παρῆσαν
809 2307 925 2337 codd.:
950 2309 1097 2348 παρῇσαν
1116 2307 1250 2337 Dobree
1427 2318 1464 2337 21
1491 2311 1536 2348 τῷ
1555 2308 1579 2337 S

255 2349 345 2387 vulg.
361 2359 368 2378 :
391 2361 437 2389 τῳ
455 2348 484 2378 Y
627 2359 665 2387 27
692 2350 758 2382 νυνὶ
775 2350 814 2387 δὴ
833 2349 860 2380 Β
877 2361 883 2379 ;
908 2352 964 2381 νῦν
980 2351 1040 2388 ἤδη
1058 2351 1081 2381 S
1099 2350 1210 2381 solus:
1239 2351 1304 2383 νυνὶ
1321 2350 1355 2383 δὲ
1373 2350 1461 2390 vulg.
1481 2360 1488 2380 ε
1513 2352 1579 2382 νυνὶ

255 2391 290 2424 δὲ
307 2392 345 2430 δὴ
363 2392 402 2424 G.
423 2391 466 2422 H.
487 2391 649 2423 Sehaeser
782 2402 824 2432 29
848 2392 1026 2434 προτέρων]
1044 2393 1199 2434 πρότερον
1216 2393 1240 2423 S

1604 482 1622 514 5

1607 818 1645 840 10

1608 1151 1643 1182 ¹5

1603 1483 1643 1506 20

1601 1816 1638 1848 25
