1731 2844
150 132 211 186 111]
560 138 975 175 ΟΛΎΝΘΙΑΚΟΣ
1026 139 1054 174 Γ

216 242 292 282 Καὶ
334 241 438 281 ταῦτ’
477 241 550 295 οὐχ
586 240 635 281 ἵν’
668 239 904 294 ἀπέχθωμαί
936 257 1042 281 τισιν
1078 242 1196 291 ὑμῶν,
1234 239 1306 289 τὴν
1341 240 1474 283 ἄλλως

148 309 368 364 προῄρημαι
401 307 548 360 λέγειν·
598 307 642 347 οὐ
673 309 748 360 γὰρ
781 308 903 350 οὕτως
936 307 1074 359 ἄφρων
1107 306 1186 347 οὐδ’
1220 306 1366 359 ἀτυχής
1402 307 1474 357 εἰμ’

147 375 225 427 ἐγὼ
255 374 349 414 ὥστ’
375 374 672 428 ἀπεχθάνεσθαι
697 374 920 425 βούλεσθαι
950 376 1070 425 μηδὲν
1096 373 1269 426 ὠφελεῖν
1295 374 1476 429 νομίζων·

147 442 254 482 ἀλλὰ
283 442 432 482 δικαίου
461 433 624 495 πολίτου
654 441 769 493 κρίνω
799 441 976 491 τὴν-τῶν
1007 440 1248 493 πραγμάτων
1278 439 1475 492 σωτηρίαν

108 525 125 556 5
147 508 232 549 ἀντὶ
257 510 324 558 τῆς
349 510 392 548 ἐν
416 512 467 562 τῷ
493 508 627 560 λέγειν
651 507 810 561 χάριτος
835 509 1045 561 αἱρεῖσθαι.
1111 508 1173 548 καὶ
1198 509 1274 559 γὰρ
1297 507 1386 549 τοὺς
1411 508 1475 548 ἐπὶ

145 579 223 615 τῶν
249 575 454 627 προγόνων
473 575 583 626 ἡμῶν
601 571 797 627 λέγοντας
820 575 959 621 ἀκούω,
981 575 1118 626 ὥσπερ
1141 576 1238 616 ’ίσως
1265 574 1326 614 καὶ
1351 575 1471 624 ὑμεῖς,

145 641 212 683 οὓς
245 642 448 682 ἐπαινοῦσι
480 644 553 693 μὲν
587 644 622 683 οῖ
658 633 864 694 παριόντες
901 641 1084 685 ἅπαντες,
1120 645 1328 692 μιμοῦνται
1364 640 1396 681 δ’
1428 640 1474 681 οὐ

146 706 259 754 πάνυ,
286 708 408 762 τούτῳ
438 712 490 763 τῷ
522 708 601 748 ἔθει
632 709 693 749 καὶ
722 712 774 762 τῷ
805 709 934 762 τρόπῳ
964 711 1034 758 τῆς
1059 708 1260 749 πολιτείας
1284 709 1471 760 χρῆσθαι,

144 774 211 815 τὸν
237 774 675 826 Ἀριστείδηνέκεῖνον,
702 775 770 815 τὸν
798 775 954 821 Νικίαν,
981 774 1051 815 τὸν
1075 775 1280 825 ὁμώνυμον
1306 776 1470 828 ἐμαυτῷ,

89 857 126 880 ¹0
144 840 212 880 τὸν
233 840 445 892 Περικλέα.
505 841 550 892 ἐξ
567 842 610 881 οῦ
630 841 664 881 δ’
684 843 720 882 οἱ
746 845 939 892 διερωτῶι
942 858 1005 883 τες
1025 842 1123 892 ὑμᾶς
1142 841 1248 881 οῦτοι
1267 839 1474 892 πεφήνασι

143 906 302 959 ῥήτορες
346 909 411 948 “ri
449 908 671 959 βούλεσθε,·
723 909 763 948 τί
801 906 964 960 γράψω;
1004 908 1044 948 τί
1080 909 1169 958 ὑμῖν
1205 906 1474 960 χαρίσωμαι;’

145 974 388 1026 προπέποται
449 992 516 1026 της
577 976 793 1027 παραυτίκα
857 974 1017 1028 χάριτος
1078 977 1125 1015 τὰ
1188 991 1257 1025 της
1317 974 1470 1017 πόλεως

146 1038 368 1090 πράγματα,
398 1039 459 1079 καὶ
484 1040 633 1079 τοιαυτὶ
664 1039 888 1089 συμβαίνει,
918 1039 979 1078 καὶ
1003 1040 1051 1078 τὰ
1075 1039 1147 1089 μὲν
1172 1037 1320 1078 τούτων
1345 1037 1473 1079 πάντα

147 1108 274 1146 καλῶς
310 1105 405 1158 ἔχει,
441 1107 489 1145 τὰ
525 1104 557 1146 δ’
592 1105 743 1157 ὑμέτερ’
777 1106 964 1157 αἰσχρῶς.
1037 1106 1160 1145 καίτοι
1194 1104 1407 1156 σκέψασθ’,

87 1187 123 1219 15
143 1170 280 1223 ἄνδρες
306 1170 520 1222 Ἀθηναῖοι,
548 1171 573 1211 ἅ
602 1189 661 1214 τις
689 1171 737 1212 ἂν
768 1170 953 1224 κεφάλαι’
979 1172 1103 1212 εἰπεῖν
1133 1172 1219 1224 ἔχοι
1248 1175 1325 1211 τῶν
1349 1171 1381 1210 τ’
1408 1172 1471 1211 ἐπὶ

144 1241 221 1278 τῶν
247 1238 454 1290 προγόνων
479 1239 604 1290 ἔργων
631 1239 691 1278 καὶ
721 1242 798 1278 τῶν
822 1238 888 1290 ἐφ’
913 1239 1033 1289 ὑμῶν.
1105 1239 1219 1279 ἔσται
1248 1240 1289 1278 δὲ
1313 1237 1469 1291 βραχὺς

146 1304 208 1345 καὶ
232 1305 426 1356 γνώριμος
450 1306 539 1355 ὑμῖν
565 1306 584 1344 ὁ
609 1306 742 1357 λόγος·
780 1304 824 1344 οὐ
848 1306 924 1357 γὰρ
949 1305 1175 1357 ἀλλοτρίοις
1199 1305 1288 1355 ὑμῖν
1314 1304 1465 1357 χρωμέ-

144 1387 226 1413 νοις
249 1372 579 1423 παραδείγμασιν,
601 1371 692 1412 ἀλλ’
712 1371 881 1417 οἰκείοις,
903 1369 933 1411 ὦ
952 1370 1090 1423 ἄνδρες
1108 1370 1321 1422 Ἀθηναῖοι,
1344 1371 1467 1412 εὐδαί-

143 1453 264 1488 μοσιν
290 1437 424 1488 ἔξεστι
452 1437 651 1490 γενέσθαι.
723 1439 864 1478 ἐκεῖνοι
892 1438 1036 1484 τοίνυν,
1064 1438 1122 1479 οἷς
1139 1428 1219 1479 ὀὐκ
1250 1437 1469 1490 ἐχαρίζονθ’

87 1522 126 1543 20
145 1505 181 1543 οἱ
200 1503 385 1556 λέγοντες
407 1504 486 1544 οὐδ’
507 1506 675 1557 ἐφίλουν
694 1504 832 1546 αὐτοὺς
852 1505 986 1556 ὥσπερ
1006 1505 1104 1555 ὑμᾶς
1124 1504 1231 1545 οῦτοι
1250 1508 1331 1550 νῦν,
1353 1503 1470 1545 πέντε

145 1572 217 1621 μὲν
254 1572 315 1611 καὶ
357 1570 630 1623 τετταράκοντ’
668 1571 734 1622 ἔτη
770 1574 848 1612 τῶν
882 1570 1091 1621 Ἑλλήνων
1128 1570 1248 1623 ἧρξαν
1285 1571 1468 1617 ἑκόντων,

144 1638 270 1678 πλείω
295 1634 370 1688 δ’ἢ
395 1639 511 1690 μύρια
534 1637 696 1678 τάλαντ’
716 1639 771 1680 εἷς
794 1637 865 1687 τὴν
890 1638 1106 1690 ἀκρόπολιν
1131 1636 1344 1690 ἀνήγαγον,
1371 1637 1468 1688 ὑπή·

147 1720 235 1744 κουε
263 1703 296 1743 δ’
322 1704 342 1743 ὁ
371 1705 515 1755 ταύτην
539 1705 610 1755 τὴν
635 1705 770 1758 χώραν
799 1704 905 1758 ἔχων
935 1705 1067 1747 αὐτοῖς
1095 1705 1303 1755 βασιλεύς,
1336 1704 1471 1756 ὥσπερ

145 1770 233 1810 ἐστὶ
262 1773 464 1823 προσῆκον
493 1770 704 1823 βάρβαρον
726 1770 920 1822 ”Ελλησι,
951 1773 1084 1812 πολλὰ
1113 1773 1155 1812 δὲ
1185 1772 1248 1811 καὶ
1279 1772 1380 1811 καλὰ
1410 1771 1471 1811 καὶ

88 1851 125 1884 25
146 1836 242 1893 πεζῇ
266 1837 327 1877 καὶ
347 1841 637 1891 ναυμαχοῦντες
656 1837 833 1889 ἔστησαν
852 1837 1004 1890 τρόπαι’
1024 1837 1133 1878 αὐτοὶ
1153 1838 1468 1890 στρατευόμενοι,

145 1903 257 1953 μόνοι
285 1903 319 1944 δ’
345 1904 560 1956 ἀνθρώπων
592 1905 752 1956 κρείττω
780 1904 851 1955 τὴν
880 1905 945 1946 ἐπὶ
977 1908 1060 1946 τοῖς
1089 1904 1217 1957 ἔργοις
1248 1902 1366 1954 δόξαν
1394 1907 1471 1944 τῶν

147 1969 402 2021 φθονούντων
433 1970 656 2012 κατέλιπον.
728 1971 792 2012 ἐπὶ
820 1973 892 2022 μὲν
916 1971 962 2021 δὴ
991 1974 1069 2012 τῶν
1093 1970 1342 2021 Ἑλληνικῶν
1367 1969 1471 2020 ἦσαν

146 2039 326 2077 τοιοῦτοι·
364 2038 407 2078 ἐν
431 2039 472 2078 δὲ
497 2042 578 2080 τοῖς
605 2039 701 2078 κατὰ
725 2037 796 2088 τὴν
821 2038 939 2079 πόλιν
964 2037 1083 2088 αὐτὴν
1110 2036 1302 2078 θεάσασθ’
1328 2037 1468 2082 ὁποῖοι,

147 2101 189 2142 ἔν
223 2119 266 2143 τε
301 2107 382 2146 τοῖς
419 2107 560 2146 κοινοῖς
597 2105 667 2145 κάν
704 2108 785 2146 τοῖς
823 2104 947 2146 ἰδίοις.
1019 2106 1189 2158 δημοσίᾳ
1230 2106 1302 2155 μὲν
1339 2104 1471 2144 τοίνυν

191 2221 210 2250 5
233 2211 295 2252 γὰρ
312 2221 377 2243 om.
396 2211 431 2249 S,
448 2212 487 2243 cs.
509 2215 523 2249 ξ
546 2213 583 2243 18
682 2214 703 2243 6
727 2212 829 2245 ἀκούω
845 2212 934 2252 vulg.
951 2223 957 2244 :
984 2211 1105 2244 ἀκούων
1123 2211 1158 2243 S¹
1262 2221 1278 2250 7
1304 2210 1470 2253 παριόντες

149 2254 196 2285 S:
228 2254 380 2294 παρόντες
404 2255 492 2295 vulg.
664 2266 684 2295 9
717 2259 841 2297 ἐμαυτῷ
866 2256 890 2287 S
915 2255 1024 2295 vulg.:
1058 2256 1118 2287 τὸν
1143 2257 1280 2295 ἐμαυτοῦ
1303 2255 1335 2285 A
1358 2254 1469 2294 suppl.

152 2307 185 2328 11
213 2298 392 2339 χαρίσωμαι
409 2298 439 2328 Y
454 2298 479 2328 F
496 2309 598 2338 marg.
614 2309 620 2329 :
645 2300 818 2341 χαρίσομαι
837 2300 860 2330 S
879 2299 968 2338 vulg.
1132 2308 1168 2328 12
1193 2299 1308 2335 ἡδονῆς
1326 2299 1375 2330 καὶ
1393 2303 1471 2328 ante

149 2340 280 2381 χάριτος
296 2352 362 2372 om.
381 2341 405 2372 S
417 2341 447 2372 A
461 2342 488 2372 Β
501 2342 531 2372 Y
548 2352 554 2372 ε
578 2342 656 2373 add.
673 2343 762 2382 vulg.
891 2352 931 2372 22
957 2342 1122 2382 ἀνήγαγον
1138 2342 1162 2372 S
1174 2341 1200 2371 B
1213 2341 1242 2370 Y
1256 2350 1260 2370 :
1288 2341 1473 2381 συνήγαγον

149 2383 236 2422 vulg.
256 2384 279 2414 S
295 2396 347 2425 γρ,

1505 855 1548 881 22

1442 1104 1546 1154 ὧ23

1500 1308 1582 1362 [35]

1501 1451 1545 1485 24
