1747 2844
245 134 254 141 .,

168 143 254 188 mx]
392 139 536 175 ΠΕΡΙ
583 139 705 176 ΤΗΣ
753 139 1273 178 ΠΑΡΑΠΡΕΣΒΕΙΑΣ
1524 143 1628 197 [418]

165 243 280 285 αὐτὸς
306 244 467 295 εἰρηκὼς
493 244 555 283 καὶ
580 244 754 295 ἀκριβῶς
781 241 1086 293 ἐξεπιστάμενος
1110 242 1339 295 παρέλιπεν.
1403 246 1490 285 ἴστε
1522 261 1586 295 247

164 312 238 362 γὰρ
269 308 393 360 δήπου
422 309 525 349 τοῦθ’
551 310 610 349 ὅτι
640 310 682 349 ἐν
713 308 839 349 ἅπασι
868 311 950 350 τοῖς
981 307 1153 359 δράμασι
1183 313 1263 351 τοῖς
1292 315 1490 363 τραγικοῖς

164 375 363 429 ἐξαίρετόν
396 377 508 416 ἐστιν
539 375 674 427 ὥσπερ
704 374 822 427 γέρας
853 379 936 416 τοῖς
968 379 1293 427 τριταγωνισταῖς
1325 377 1370 416 τὸ
1402 378 1490 419 τοὺς

164 442 375 495 τυράννους
410 443 472 483 καὶ
509 442 597 483 τοὺς
632 443 679 481 τὰ
716 440 883 493 σκῆπτρ’
921 440 1086 495 ἔχοντας
1124 442 1301 483 εἰσιέναι.
1372 447 1491 484 ταῦτα

124 525 141 556 5
163 510 292 550 τοίνυν
326 510 368 549 ἐν
399 512 452 563 τῷ
483 508 648 561 δράματι
680 508 804 562 τούτῳ
839 507 1042 560 σκέψασθ’
1072 508 1092 547 ὁ
1124 508 1260 561 Κρέων
1294 511 1490 563 Αἰσχίνης

163 577 226 617 οἶα
257 575 388 628 λέγων
421 576 628 625 πεποίηται
660 577 712 628 τῷ
746 581 901 631 ποιητῇ,
932 575 957 615 ἃ
986 575 1074 615 οὔτε
1103 575 1348 626 πρὸςάὑτὸν
1378 576 1489 618 οὗτος

161 643 259 694 ὑπὲρ
277 644 345 692 τῆς
364 642 584 694 πρεσβείας
608 639 795 694 διελέχθη
823 642 910 681 οὔτε
928 640 1026 693 πρὸς
1050 641 1140 683 τοὺς
1158 644 1346 684 δικαστὰς
1367 643 1487 684 εἶπεν.

160 708 276 761 Λέγε.

498 788 728 825 ῙΑΜΒΕῙΑ
778 787 1150 826 ΣΟΦΟΚΛΕΟΥΣ

100 868 138 890 10
666 860 714 888 ΕΞ
731 860 975 889 ΑΝΤΙΓΟΝΗΣ.

293 923 496 977 ἀμήχανον
522 926 563 963 δὲ
588 923 734 964 παντὸς
759 922 899 975 ἀνδρὸς
923 924 1108 973 ἐκμαθεῖν

292 989 430 1043 ψυχήν
454 1007 497 1030 τε
521 990 583 1030 καὶ
610 990 794 1042 φρόνημα
820 990 881 1029 καὶ
906 990 1077 1042 γνώμην,
1106 991 1197 1040 πρὶν
1221 990 1270 1030 ἂν

292 1057 431 1109 ἀρχαῖς
456 1074 498 1096 τε
523 1057 585 1096 καὶ
611 1056 794 1106 νόμοισιν
820 1056 1003 1108 ἐντριβὴς
1029 1062 1150 1114 φανῇ.

292 1123 378 1173 ἐμοὶ
403 1124 480 1175 γὰρ
503 1123 614 1164 ὅστις
639 1125 773 1162 πᾶσαν
800 1122 969 1163 εὐθύνων
994 1123 1112 1163 πόλιν

97 1205 134 1236 15
288 1188 342 1240 μὴ
367 1192 443 1229 τῶν
468 1189 640 1240 ἀρίστων
665 1188 831 1229 ἅπτεται
854 1188 1151 1240 βουλευμάτων,

290 1255 382 1295 ἀλλ’
408 1257 450 1295 ἐκ
476 1256 608 1307 φόβου
634 1271 702 1294 του
728 1259 925 1307 γλῶσσαν
951 1256 1162 1307 ἐγκλείσας
1187 1255 1284 1309 ἔχει,

290 1321 474 1364 κάκιστος
501 1321 599 1362 εἶναι
626 1325 693 1362 νῦν
718 1338 761 1363 τε
787 1322 847 1362 καὶ
873 1321 997 1362 πάλαι
1022 1325 1138 1362 δοκεῖ·

292 1389 354 1428 καὶ
376 1387 520 1439 μείζον’
548 1389 657 1429 ὅστις
684 1388 769 1428 ἀντὶ
794 1390 862 1438 τῆς
888 1389 1005 1428 αὑτοῦ
1029 1388 1177 1440 πάτρας

290 1456 412 1507 φίλον
436 1454 595 1505 νομίζει,
624 1458 762 1494 τοῦτον
791 1455 958 1505 οὐδαμοῦ
982 1455 1101 1506 λέγω.
1518 1459 1627 1514 [419]

93 1535 133 1557 20
289 1522 366 1572 ἐγὼ
390 1520 478 1573 γάρ,
506 1522 604 1560 ἴστω
632 1522 730 1562 Ζεὺς
758 1522 778 1559 ὁ
803 1520 916 1561 πάνθ’
943 1522 1043 1573 ὁρῶν
1067 1522 1140 1568 ἀεί,

288 1587 369 1627 οὔτ’
392 1586 441 1627 ἂν
467 1586 714 1637 σιωπήσαιμι
739 1587 810 1636 τὴν
836 1586 930 1636 ἄτην
956 1587 1056 1638 ὁρῶν

289 1655 531 1707 στείχουσαν
555 1654 693 1695 ἀστοῖς
719 1654 806 1694 ἀντὶ
830 1656 898 1704 τῆς
924 1655 1134 1706 σωτηρίας,

288 1720 368 1760 οὔτ’
393 1720 440 1761 ἂν
465 1722 586 1772 φίλον
611 1720 698 1760 ποτ’
724 1720 845 1772 ἄνδρα
871 1722 1044 1771 δυσμενῆ
1071 1719 1214 1773 χθονὸς

288 1788 425 1838 θείμην
451 1788 614 1842 ἐμαυτῷ,
642 1790 754 1827 τοῦτο
780 1787 1013 1839 γιγνώσκων
1040 1788 1099 1826 ὅτι

93 1870 130 1901 25
284 1853 345 1903 ἥδ’
371 1854 482 1894 ἐστὶν
507 1854 530 1904 ἡ
557 1852 748 1909 σῴζουσα,
777 1854 838 1894 καὶ
864 1854 1005 1903 ταύτης
1031 1853 1094 1894 ἔπι

288 1919 480 1962 πλέοντες
504 1921 620 1971 ὀρθῆς
646 1920 735 1961 τοὺς
762 1921 904 1973 φίλους
930 1920 1156 1970 ποιούμεθα.

219 2003 383 2043 Τούτων
402 2003 514 2044 οὐδὲν
534 2004 731 2057 Αἰσχίνης
758 2004 841 2045 εἶπε
867 2003 963 2055 πρὸς
989 2003 1107 2043 αὑτὸν
1135 2004 1177 2043 ἐν
1196 2008 1243 2060 τῇ
1268 2005 1479 2058 πρεσβείᾳ,
1515 2012 1582 2055 248

153 2068 245 2108 ἀλλ’
273 2070 359 2123 ἀντὶ
388 2073 460 2120 μὲν
485 2072 553 2120 τῆς
584 2071 738 2112 πόλεως
761 2071 832 2121 τὴν
859 2072 1065 2110 Φιλίππου
1095 2068 1226 2119 ξενίαν
1254 2071 1314 2110 καὶ
1341 2071 1482 2122 φιλίαν

152 2139 292 2190 πολλῷ
320 2136 464 2187 μείζον’
490 2136 658 2189 ἡγήσαθ’
684 2138 784 2192 αὐτῷ
816 2138 877 2177 καὶ
906 2135 1259 2188 λυσιτελεστέραν,
1286 2137 1482 2188 ἐρρῶσθαι

93 2218 133 2248 30
153 2204 286 2241 πολλὰ
330 2203 489 2254 φράσας
530 2207 583 2257 τῷ
631 2208 745 2258 σοφῷ
787 2208 1003 2256 ωοφοκλεῖ,
1049 2203 1118 2253 τὴν
1168 2207 1187 2243 δ

1191 2203 1200 2216 ἱ

1244 2202 1339 2253 ἄτην
1382 2204 1481 2255 ὁρῶν

199 2321 210 2340 ῐ
239 2313 332 2344 αὐτὸς
351 2311 373 2342 S
387 2312 412 2341 L
425 2312 454 2342 Y
471 2323 477 2342 ε
510 2311 600 2344 οὗτος
618 2312 705 2351 vulg.
725 2325 732 2344 ε
763 2314 861 2346 οὕτως
880 2313 930 2347 O:
967 2313 1045 2345 secl.
1066 2312 1164 2344 Blass
1181 2323 1254 2344 cum
1276 2313 1340 2345 Rh.
1362 2313 1420 2345 Gr.
1437 2313 1479 2343 vii

156 2364 234 2393 1241
370 2368 389 2397 4
414 2358 516 2387 ταῦτα
531 2357 640 2388 τοίνυν
658 2358 691 2388 ἐν
709 2356 732 2386 S
750 2357 835 2395 vulg.
853 2368 858 2386 :
886 2359 919 2388 ἐν
936 2357 1043 2388 τοίνυν
1063 2356 1097 2386 L¹
1111 2356 1142 2387 A
1162 2356 1185 2387 S
1203 2370 1252 2398 γρ.
1273 2356 1298 2386 F
1310 2370 1363 2398 γρ.
1378 2356 1408 2395 Q
1425 2369 1476 2398 Ὑρ.

1283 2434 1342 2465 26*
