1763 2828
168 712 211 747 28

167 1249 212 1284 29

108 1466 211 1521 [175]

168 1532 214 1566 30

647 123 1165 180 [ΔΗΜΟΣΘΕΝΟὙΣ]
1476 123 1568 177 [xlu

243 235 354 286 ἡμεῖς
384 237 628 287 ,θεωροῦντες
666 232 775 279 αὐτά,
813 231 904 272 ἀλλ’
944 233 1008 272 ἵνα
1047 232 1108 272 καὶ
1145 232 1350 284 μιμώμεθα
1387 233 1456 275 τὰς
1494 235 1572 273 τῶν

243 295 467 343 ἀναθέντων
501 300 653 353 ἀρετάς.
727 302 869 341 ἐκεῖνοι
901 300 972 350 μὲν
1005 298 1051 348 δὴ
1083 302 1216 339 ταῦτα·
1253 299 1364 350 ἡμεῖς
1397 298 1444 345 δ’,
1473 299 1571 349 ὅσης

242 367 413 411 ἅπαντες
453 367 560 421 ὁρᾶτ’
601 368 759 420 ἐρημίας
800 364 1094 416 ἐπειλημμένοι,
1136 365 1339 418 σκέψασθ’
1378 366 1412 406 εἰ
1449 381 1570 417 παρα-

241 434 407 486 πλήσια.
479 436 525 476 οὐ
557 436 681 476 πλείω
716 436 788 484 μὲν
824 430 847 483 ἢ
885 432 998 485 χίλια
1036 432 1097 472 καὶ
1133 432 1375 473 πεντακόσια
1410 430 1570 472 τάλαντ’

241 501 442 553 ἀνήλωται
460 501 585 553 μάτην
602 503 657 543 εἰς
673 500 762 542 τοὺς
777 503 855 540 τῶν
875 498 1084 549 Ἑλλήνων
1100 499 1282 551 ἀπόρους,
1303 497 1572 549 ἐξανήλωνται
1591 516 1609 548 5

241 569 275 608 δ’
308 570 349 610 οἵ
378 568 411 608 τ’
445 570 535 609 ’ίδιοι
568 567 711 609 πάντες
744 566 843 607 οἶκοι
879 567 940 606 καὶ
973 566 1021 605 τὰ
1055 567 1164 606 κοινὰ
1197 571 1245 623 τῇ
1277 565 1392 606 πόλει
1425 565 1488 606 καὶ
1523 566 1572 605 τὰ

241 637 347 687 παρὰ
384 639 462 675 τῶν
504 633 737 686 συμμάχων,
778 633 843 674 οὓς
885 632 917 671 δ’
958 634 999 672 ἐν
1040 636 1092 686 τῷ
1135 631 1296 686 πολέμῳ
1339 630 1571 684 συμμάχους

242 701 505 752 ἐκτησάμεθα,
543 700 650 740 οὗτοι
687 703 757 740 νῦν
792 701 835 739 ἐν
872 704 919 755 τῇ
958 697 1090 754 εἰρήνῃ
1130 699 1412 745 ἀπολώλασιν,·
1464 698 1571 739 ἀλλὰ

242 767 288 817 νὴ
321 769 399 808 Δία
432 770 552 807 ταῦτα
584 767 707 817 μόνον
738 764 818 805 τότ’
853 764 937 818 εἶχε
972 764 1137 816 βέλτιον
1166 762 1189 815 ἦ
1221 769 1300 811 νῦν,
1327 767 1376 805 τὰ
1404 764 1437 805 δ’
1464 764 1571 805 ἄλλα

241 837 389 886 χεῖρον.
450 836 604 874 πολλοῦ
628 849 675 884 γε
695 832 756 872 καὶ
775 834 845 878 δεῖ,
868 831 960 872 ἀλλ’
980 832 1002 871 ὅ
1027 848 1063 871 τι
1088 831 1283 882 βούλεσθ’
1305 830 1568 882 ἐξετάσωμεν.

241 898 532 951 οἰκοδομήματα
568 898 639 950 μέν
676 915 722 950 γε
759 898 820 938 καὶ
858 898 1008 948 κόσμον
1043 900 1112 947 τῆς
1151 898 1319 944 πόλεως,
1358 899 1471 949 ἱερῶν
1507 898 1570 938 καὶ

241 966 414 1017 λιμένων
458 967 520 1007 καὶ
569 969 645 1006 τῶν
688 964 918 1005 ἀκολούθων
961 964 1126 1010 τούτοις,
1172 967 1349 1004 τοιοῦτον
1393 965 1455 1004 καὶ
1503 979 1567 1002 το-

241 1036 385 1073 σοῦτον
419 1032 631 1073 κατέλιπον
664 1033 805 1072 ἐκεῖνοι
839 1030 944 1071 ὥστε
978 1030 1115 1081 μηδενὶ
1149 1034 1227 1070 τῶν
1258 1029 1570 1082 ἐπιγιγνομένων

239 1099 471 1152 ὑπερβολὴν
503 1101 728 1151 λελεῖφθαι,
768 1097 995 1151 προπύλαια
1027 1100 1158 1143 ταῦτα,
1194 1097 1412 1142 νεώσοικοι,
1439 1097 1568 1141 στοαί,

241 1166 383 1213 τᾶλλα,
410 1167 468 1208 οἷς
492 1167 633 1206 ἐκεῖνοι
659 1163 934 1216 κοσμήσαντες
958 1163 1030 1214 τὴν
1054 1164 1173 1204 πόλιν
1203 1163 1296 1215 ἡμῖν
1325 1161 1568 1215 παρέδωκαν·

241 1235 311 1275 τὰς
335 1233 368 1273 δ’
395 1233 494 1275 ἰδίας
519 1233 642 1274 οἰκίας
666 1236 744 1272 τῶν
769 1233 811 1272 ἐν
837 1230 997 1282 δυνάμει
1027 1230 1252 1283 γενομένων
1277 1231 1377 1271 οὕτω
1410 1229 1570 1280 μετρίας

243 1301 305 1340 καὶ
330 1304 383 1354 τῷ
409 1302 478 1350 τῆς
510 1300 713 1340 πολιτείας
746 1298 908 1349 ὀνόματι
937 1297 1176 1339 ἀκολούθους
1207 1297 1313 1338 ὥστε
1345 1296 1417 1347 τὴν
1443 1299 1567 1347 Θεμι-

243 1365 457 1408 στοκλέους
477 1367 540 1407 καὶ
564 1365 635 1416 τὴν
655 1366 836 1416 Κίμωνος
855 1364 918 1405 καὶ
942 1364 1013 1415 τὴν
1033 1363 1280 1416 Ἀριστείδου
1300 1363 1362 1404 καὶ
1385 1366 1462 1403 τῶν
1480 1363 1569 1403 τότε

241 1436 434 1484 λαμπρῶν
466 1434 605 1479 οἰκίαν,
641 1433 678 1472 εἴ
711 1448 768 1473 τις
800 1430 860 1484 ἄρ’
892 1432 998 1482 ὑμῶν
1031 1430 1136 1472 οἶδεν
1169 1431 1286 1472 ὁποία
1322 1429 1408 1471 ποτ’
1442 1430 1566 1475 ἐστίν,

243 1500 314 1554 ὁρᾷ
337 1501 407 1549 τῆς
435 1503 503 1539 τοῦ
535 1499 712 1551 γείτονος
745 1497 858 1538 οὐδὲν
892 1496 1134 1548 σεμνοτέραν
1162 1498 1299 1538 οὖσαν.
1372 1500 1440 1538 νῦν
1464 1495 1512 1542 δ’,
1539 1494 1569 1536 ὦ

241 1565 379 1617 ἄνδρες
414 1565 629 1615 Ἀθηναῖοι,
668 1564 839 1617 δημοσίᾳ
875 1566 946 1614 μὲν
984 1564 1007 1614 ἡ
1047 1564 1162 1606 πόλις
1200 1564 1309 1615 ἡμῶν
1347 1565 1416 1606 τὰς
1455 1562 1569 1604 ὁδοὺς

242 1633 377 1687 ἀγαπᾷ
396 1630 743 1681 κατασκευάζουσα
769 1630 830 1670 καὶ
856 1629 999 1682 κρήνας
1019 1632 1082 1672 καὶ
1102 1629 1319 1681 κονιάματα
1339 1631 1401 1671 καὶ
1425 1628 1569 1681 λήρους

238 1698 318 1751 (καὶ
350 1698 395 1738 οὐ
423 1702 505 1740 τοῖς
534 1696 868 1750 εἰσηγησαμένοις
900 1697 1006 1737 ταῦτ’
1033 1699 1210 1748 ἐπιτιμῶ,
1238 1700 1393 1738 πολλοῦ
1426 1713 1472 1748 γε
1506 1696 1569 1736 καὶ

241 1765 330 1811 δέω,
365 1764 456 1805 ἀλλ’
488 1766 592 1816 ὑμῖν,
627 1765 660 1805 εἰ
692 1763 800 1804 ταῦθ’
833 1765 948 1804 ἱκανὰ
978 1765 1068 1815 ὑμῖν
1104 1764 1234 1806 αὐτοῖς
1269 1761 1567 1814 ὑπολαμβάνετ’

243 1829 367 1881 εἶναι),
403 1832 481 1885 ἰδίᾳ
516 1830 549 1870 δ’
581 1833 617 1871 οἱ
653 1834 731 1871 τῶν
768 1835 907 1872 κοινῶν
943 1831 1011 1871 ἐπί
1044 1848 1096 1885 τῳ
1132 1829 1390 1884 γεγενημένοι
1425 1831 1461 1870 οἱ
1497 1831 1569 1880 μὲν

242 1903 320 1939 τῶν
347 1899 549 1949 δημοσίων
582 1896 904 1948 οἰκοδομημάτων
938 1896 1178 1949 σεμνοτέρας
1209 1899 1279 1939 τὰς
1313 1898 1411 1938 ἰδίας
1444 1896 1568 1937 οἰκίας

243 1963 593 2011 κατεσκευάκασιν,
632 1965 677 2005 οὐ
717 1965 839 2015 μόνον
880 1967 957 2004 τῶν
999 1967 1161 2005 πολλῶν
1198 1961 1565 2016 ὑπερηφανωτέρας,

287 2083 307 2113 5
331 2073 408 2116 ὑπὲρ
424 2078 502 2105 ante
519 2076 584 2105 τῶν
600 2073 676 2104 add.
694 2072 803 2104 Cobet
929 2073 1040 2105 ἄλλων
1055 2077 1134 2103 ante
1151 2073 1316 2111 Ἑλλήνων
1333 2072 1408 2103 add.
1431 2072 1474 2103 S:
1501 2081 1565 2102 om.

242 2117 333 2157 vulg.
462 2116 613 2159 ἀπόρους]
633 2116 835 2148 ἀποστόλους
851 2115 882 2146 Y
900 2126 1003 2155 marg.
1025 2115 1050 2145 F
1064 2129 1116 2157 γρ.
1134 2116 1242 2147 Cobet
1412 2116 1434 2145 6
1457 2116 1508 2146 καὶ
1526 2116 1568 2147 τὰ

244 2162 332 2193 κοινὰ
349 2171 414 2191 om.
435 2161 458 2191 S
470 2160 514 2191 A¹
659 2170 680 2198 9
703 2162 808 2191 ταῦτα.
822 2158 881 2197 μὲν
897 2159 1007 2189 Cobet
1157 2169 1195 2198 13
1220 2157 1414 2191 κατέλειπον
1432 2158 1456 2189 S
1472 2158 1566 2189 Solus

247 2214 284 2242 14
309 2207 325 2235 ὁ
342 2205 508 2246 Παρθενὼν
524 2208 604 2235 ante
622 2203 786 2235 νεώσοικοι
808 2202 883 2232 add.
903 2201 1075 2233 Aristides
1092 2202 1211 2243 (Rhet.
1230 2203 1288 2233 Gr.
1306 2202 1340 2231 ix
1356 2203 1419 2241 363
1430 2201 1504 2239 W),
1522 2202 1564 2232 cf.

243 2247 313 2277 xxii
331 2249 373 2286 76
515 2249 555 2278 16
578 2246 656 2278 τότε
672 2250 748 2285 post
764 2244 892 2285 δυνάμει
909 2246 985 2277 add.
1007 2246 1096 2284 vulg.
1112 2257 1119 2276 ε
1143 2256 1207 2276 om.
1228 2245 1252 2276 S
1266 2244 1332 2275 FY
1452 2245 1490 2274 18
1513 2245 1565 2276 καὶ

245 2290 422 2323 Μιλτιάδου
435 2295 513 2330 post
526 2289 725 2332 Ἀριστείδου
737 2288 812 2320 add.
825 2288 915 2327 vulg.
933 2289 991 2329 (ex
1006 2288 1040 2319 iii
1054 2289 1105 2325 26,
1119 2288 1203 2319 xxiii
1216 2288 1293 2329 207)
1308 2299 1315 2319 τ
1339 2297 1403 2319 om.
1419 2288 1444 2318 S
1458 2287 1482 2317 F
1494 2287 1521 2317 B
1532 2287 1565 2318 O

247 2343 287 2372 19
311 2335 395 2373 ὑμῶν
411 2339 490 2364 ante
507 2334 592 2365 οἶδεν
610 2333 634 2363 S
646 2331 677 2362 A
693 2342 699 2362 :
724 2335 802 2370 post
819 2331 905 2363 οἶδεν
920 2332 1012 2371 vulg.
1029 2336 1064 2362 et
1080 2332 1114 2362 iii
1131 2333 1174 2362 26
1370 2340 1412 2370 25
1436 2333 1566 2363 διοικεῖν

242 2381 321 2416 post
339 2377 417 2409 εἶναι
433 2376 508 2408 add.
529 2376 621 2415 vulg.
639 2387 645 2406 :
665 2385 729 2406 om.
750 2374 775 2405 S
791 2374 883 2405 solus

1594 847 1632 870 10

1593 1179 1629 1212 Ι5

1592 1516 1630 1538 20

1591 1847 1628 1880 ²5
