1731 2844
789 502 872 540 XII

463 622 774 672 ΕΠΙΣΤΟΛΗ
834 619 1187 685 [ΦΙΛΙΠΠΟΤ]

240 763 441 805 Φίλιππος
475 761 699 811 Ἀθηναίων
734 761 781 816 τῇ
819 761 949 816 βουλῇ
990 761 1051 800 καὶ
1088 764 1140 814 τῷ
1180 759 1286 815 δήμῳ
1328 760 1494 813 χαίρειν.

173 828 333 878 Ἐπειδὴ
355 827 548 869 πολλάκις
572 844 645 878 μου
671 826 865 879 πρέσβεις
891 827 1215 872 ἀποστείλαντος,
1237 826 1286 867 ἵν’
1307 827 1492 877 ἐμμείνω-

174 912 244 946 μεν
282 898 364 936 τοῖς
402 896 530 946 ὅρκοις
569 895 630 934 καὶ
670 897 754 935 ταῖς
798 894 1042 945 ὁμολογίαις,
1083 892 1268 943 οὐδεμίαν
1307 893 1495 933 ἐποιεῖσθ’

175 959 435 1013 ἐπιστροφήν,
467 959 578 1015 ᾤμην
615 963 696 1000 δεῖν
731 959 889 1011 πέμψαι
924 958 1020 1010 πρὸς
1056 960 1154 1009 ὑμᾶς
1190 960 1285 1011 ὑπὲρ
1321 959 1375 999 ὧν
1411 959 1491 999 ἀδι-

135 1049 153 1080 5
175 1030 327 1067 κεῖσθαι
352 1027 507 1076 νομίζω.
566 1026 618 1077 μὴ
644 1025 869 1076 θαυμάσητε
894 1027 935 1065 δὲ
961 1024 1004 1064 τὸ
1028 1026 1149 1075 μῆκος
1173 1027 1241 1075 τῆς
1268 1027 1493 1076 ἐπιστολῆς·

173 1096 337 1134 πολλῶν
361 1094 437 1145 γὰρ
461 1093 718 1146 ὑπαρχόντων
744 1091 1000 1144 ἐγκλημάτων
1026 1091 1240 1144 ἀναγκαῖόν
1265 1092 1375 1132 ἐστιν
1398 1093 1494 1145 ὑπὲρ
1527 1095 1632 1149 [159]

173 1158 357 1200 ἁπάντων
382 1161 559 1209 δηλῶσαι
585 1160 773 1210 καθαρῶς,

240 1228 407 1277 Πρῶτον
429 1226 502 1276 μὲν
527 1226 602 1277 γὰρ
622 1226 763 1265 Νικίου
786 1228 855 1264 τοῦ
875 1223 1038 1277 κήρυκος
1062 1224 1334 1277 ἁρπασθέντος
1359 1226 1402 1266 ἐκ
1426 1227 1494 1275 τῆς
1526 1243 1545 1267 2

171 1291 303 1343 χώρας
337 1293 406 1340 τῆς
438 1292 545 1341 ἐμῆς,
581 1291 654 1344 οὐχ
689 1292 750 1331 ὅτι
783 1294 865 1333 τοῖς
901 1294 1196 1343 παρανομοῦσιν
1234 1290 1495 1342 ἐπετιμήσατε

116 1375 153 1398 10
172 1356 242 1406 τὴν
278 1357 400 1407 δίκην,
436 1357 543 1397 ἀλλὰ
576 1357 644 1398 τὸν
678 1356 931 1408 ἀδικούμενον
966 1356 1118 1409 εἵρξατε
1151 1357 1244 1398 δέκα
1274 1360 1411 1409 μῆνας·
1449 1358 1494 1400 ἃς

172 1422 206 1463 δ’
231 1423 351 1475 ἔφερε
383 1422 473 1475 παρ’
499 1423 608 1475 ἡμῶν
639 1422 866 1469 ἐπιστολάς,
897 1422 1084 1475 ἀνέγνωτ’
1111 1424 1173 1464 ἐπὶ
1202 1427 1270 1463 τοῦ
1301 1422 1491 1475 βήματος.

173 1489 306 1530 ἔπειτα
339 1490 506 1530 Θασίων
538 1488 843 1542 ὑποδεχομένων
875 1491 944 1531 τὰς
978 1490 1199 1539 Βυζαντίων
1230 1488 1397 1542 τριήρεις
1432 1491 1493 1531 καὶ

173 1559 249 1597 τῶν
294 1559 456 1612 λῃστῶν
497 1556 586 1598 τοὺς
632 1555 903 1607 βουλομένους
952 1555 1065 1597 οὐδὲν
1112 1557 1371 1608 ἐφροντίζετε,
1415 1560 1492 1598 τῶν

173 1624 377 1673 συνθηκῶν
402 1622 610 1675 διαρρήδην
641 1626 849 1674 λεγουσῶν
878 1623 1091 1673 πολεμίους
1122 1623 1220 1664 εἶναι
1252 1622 1342 1665 τοὺς
1373 1626 1493 1664 ταῦτα

114 1705 151 1738 15
171 1692 389 1730 ποιοῦντας.
460 1689 517 1730 ἔτι
541 1690 671 1730 τοίνυν
697 1689 784 1741 περὶ
809 1689 898 1731 τοὺς
922 1688 1062 1731 αὐτοὺς
1085 1690 1253 1742 χρόνους
1278 1691 1492 1740 Διοπείθης
1523 1705 1542 1740 3

171 1756 360 1805 ἐμβαλὼν
385 1756 439 1797 εἰς
463 1755 534 1805 τὴν
558 1756 693 1808 χώραν
720 1756 944 1808 Κρωβύλην
971 1758 1045 1806 μὲν
1072 1757 1133 1797 καὶ
1158 1755 1230 1806 τὴν
1254 1757 1491 1809 Τιρίστασιν

172 1819 544 1872 ἐξηνδραποδίσατο,
571 1822 642 1873 τὴν
667 1824 709 1863 δὲ
738 1824 919 1876 προσεχῆ
946 1820 1110 1877 Θρᾴκην
1143 1823 1352 1875 ἐπόρθησε,
1378 1823 1491 1864 τέλος

170 1886 203 1926 δ’
237 1889 290 1929 εἷς
323 1887 424 1927 τοῦτ’
458 1887 555 1938 ἦλθε
587 1890 832 1940 παρανομίας
865 1889 960 1929 ὥστ’
993 1888 1248 1943 Ἀμφίλοχον
1283 1890 1380 1941 ὑπὲρ
1412 1893 1490 1930 τῶν

170 1954 431 2006 αἰχμαλώτων
452 1954 619 1995 ἐλθόντα
637 1955 889 2007 πρεσβευτὴν
909 1956 1130 2007 συλλαβὼν
1150 1956 1296 1998 καὶτὰς
1316 1954 1489 2008 ἐσχάτας

111 2036 150 2059 20
169 2019 340 2072 ἀνάγκας
377 2021 524 2062 ἐπιθεὶς
564 2021 820 2074 ἀπελύτρωσε
858 2021 1064 2063 ταλάντων
1099 2021 1226 2063 ἐννέα·
1271 2022 1332 2062 καὶ
1369 2025 1488 2061 ταῦτα

167 2089 219 2140 τῷ
245 2085 352 2141 δήμῳ
383 2086 630 2127 συνδοκοῦντ’
657 2088 854 2139 ἐποίησεν.
928 2089 1052 2129 καίτοι
1082 2088 1126 2128 τὸ
1160 2090 1400 2140 παρανομεῖν
1433 2089 1487 2129 εἷς
1515 2099 1538 2133 4

169 2151 312 2204 κήρυκα
345 2153 408 2193 καὶ
444 2152 637 2204 πρέσβεις
672 2157 753 2196 τοῖς
789 2154 928 2196 ἄλλοις
963 2172 1005 2195 τε
1041 2157 1164 2195 πᾶσιν
1202 2155 1352 2204 ἀσεβὲς
1389 2154 1486 2194 εἶναι

210 2259 393 2299 Epistolam
411 2270 474 2291 om.
496 2260 519 2291 S
533 2259 599 2290 LA
711 2271 799 2300 9-10
822 2263 883 2302 οὐχ
901 2262 949 2294 ὅτι
968 2285 974 2292 .
998 2286 1004 2293 .
1023 2285 1030 2293 .
1049 2263 1109 2300 τὴν
1125 2261 1216 2299 δίκην
1233 2260 1331 2292 Blass
1349 2266 1484 2293 secutus

167 2301 325 2333 Weilium
342 2315 348 2333 2
373 2305 407 2335 οὐ
423 2306 491 2336 τοῖς
506 2305 741 2344 παρανομοῦσιν
758 2305 973 2344 ἐπετιμήσατε
992 2305 1039 2336 ὅτι
1057 2305 1117 2343 τὴν
1134 2304 1224 2342 δίκην
1240 2305 1335 2335 codd.
1351 2310 1485 2344 praeter

168 2346 251 2375 duos
267 2347 322 2384 qui
341 2347 388 2378 ὅτι
405 2347 464 2385 τὴν
482 2347 572 2384 δίκην
588 2356 651 2378 om.
812 2357 849 2378 21
877 2350 1092 2380 συνδοκοῦντα
1114 2347 1221 2378 Cobet
1236 2359 1240 2378 :
1275 2347 1309 2378 εἶ’]
1330 2351 1483 2380 δοκοῦντα

167 2389 260 2419 codd.
