1731 2844
157 118 196 172 x]
510 123 668 161 ΚΑΤΑ
716 122 1032 159 ΦΙΛΙΠΠΟὙ*
1080 123 1115 159 Δ

1277 223 1286 237 9

154 226 217 266 ὅσ’
241 227 288 267 ἂν
318 227 445 273 αὐτός,
473 226 517 267 οὐ
546 225 754 278 φάσκοντα
782 224 964 275 ποιήσειν
994 224 1106 264 οὐδὲν
1135 222 1214 263 οὐδ’
1243 224 1373 264 αυτόν·
1412 226 1474 265 καὶ

155 295 228 345 γὰρ
243 293 292 334 ἂν
310 297 391 335 τοῖς
409 295 478 343 τῆς
497 293 704 334 κακώσεως
724 293 780 342 εἴη
799 292 934 342 νόμοις
954 291 1051 330 οὕτω
1068 289 1105 342 γ’
1122 289 1272 342 ἔνοχος·
1310 292 1370 330 δεῖ
1387 290 1472 342 γάρ,

155 359 273 410 οἶμαι,
309 364 390 402 τοῖς
425 363 585 412 γονεῦσι
619 358 687 399 τὸν
720 356 936 411 ὡρισμένον
973 355 1019 407 ἐξ
1052 355 1285 408 ἀμφοτέρων
1321 356 1472 407 ἔρανον,

156 426 218 466 καὶ
247 427 351 478 παρὰ
379 428 447 476 τῆς
477 426 636 478 φύσεως
667 425 728 465 καὶ
761 425 865 476 παρὰ
893 426 961 463 τοῦ
990 424 1122 473 νόμου,
1153 423 1309 464 δικαίως
1338 421 1474 473 φέρειν

115 508 133 539 5
157 493 218 532 καὶ
244 492 368 533 ἑκόνθ’
390 493 606 532 ὑποτελεῖν.
667 491 802 542 ὥσπερ
825 491 955 530 τοίνυν
982 489 1067 530 ἑνὸς
1091 488 1201 540 ἡμῶν
1226 487 1393 528 ἑκάστου
1416 489 1474 530 τίς

155 559 242 598 ἐστι
270 558 419 610 γονεύς,
450 559 549 598 οὕτω
579 556 791 608 συμπάσης
822 558 890 607 τῆς
924 556 1078 597 πόλεως
1112 554 1263 597 κοινοὺς
1296 557 1357 595 δεῖ
1385 553 1474 596 τοὺς

155 623 293 675 γονέας
318 624 548 674 σύμπαντας
572 624 766 676 ἡγεῖσθαι,
790 623 851 663 καὶ
871 621 1085 675 προσήκειν
1103 621 1261 663 τούτους
1280 620 1353 674 οὐχ
1371 621 1475 662 ὅπως

154 690 246 741 ὦνὴ
267 691 382 732 πόλις
402 690 534 730 δίδωσ’
551 690 776 742 ἀφελέσθαι
796 706 843 736 τι,
864 689 955 730 ἀλλ’
973 690 1006 729 εἰ
1027 689 1087 728 καὶ
1106 690 1227 739 μηδὲν
1247 687 1293 738 ἧν
1311 687 1473 734 τούτων,

155 756 326 798 ἄλλοθεν
343 760 508 798 σκοπεῖν
524 757 629 798 ὅπως
647 756 813 807 μηδενὸς
832 758 942 797 ὄντες
962 757 1106 797 ἐνδεεῖς
1122 753 1472 806 περιοφθήσονται.

96 841 134 862 10
154 824 242 865 τοὺς
278 826 349 874 μὲν
385 825 515 864 τοίνυν
552 824 739 875 εὐπόρους
771 823 890 878 ταύτῃ
927 821 1150 875 χρωμένους
1185 821 1230 876 τῇ
1265 821 1398 876 γνώμῃ
1432 820 1475 860 οὐ

154 890 275 940 μόνον
302 890 469 942 ἡγοῦμαι
496 892 544 930 τὰ
574 889 687 930 δίκαι’
716 889 764 930 ἂν
793 893 932 935 ποιεῖν,
965 890 1072 929 ἀλλὰ
1102 889 1164 928 καὶ
1193 889 1240 927 τὰ
1268 889 1473 937 λυσιτελῆ·

155 956 199 996 τὸ
223 958 299 1008 γὰρ
322 960 399 997 τῶν
429 957 651 1008 ἀναγκαίων
675 955 748 996 τιν’
773 957 1009 1007 ἀποστερεῖν
1040 955 1147 1010 κοινῇ
1175 954 1358 996 κακόνους
1389 953 1475 993 ἐστὶ

156 1027 281 1062 ποιεῖν
301 1023 476 1064 πολλοὺς
502 1023 727 1074 ἀνθρώπους
751 1026 832 1063 τοῖς
856 1021 1074 1074 πράγμασι·
1111 1025 1192 1062 τοῖς
1218 1020 1251 1060 δ’
1271 1021 1313 1060 ἐν
1331 1021 1472 1074 ἐνδείᾳ,

156 1088 203 1128 δι’
238 1087 258 1128 ὃ
294 1091 596 1141 δυσχεραίνουσι
628 1088 672 1129 τὸ
705 1088 850 1141 πρᾶγμ’
885 1090 920 1128 οἰ
952 1090 1021 1130 τὰς
1054 1088 1190 1129 οὐσίας
1223 1087 1380 1139 ἔχοντες
1412 1086 1475 1126 καὶ

95 1170 132 1202 15
156 1159 419 1207 κατηγοροῦσι
459 1157 629 1201 δικαίως,
671 1154 776 1195 τοῦτ’
815 1155 982 1207 ἀφελεῖν
1023 1153 1071 1195 ἂν
1113 1153 1474 1204 συμβουλεύσαιμι.

155 1222 271 1272 δίειμι
310 1221 365 1268 δέ,
406 1222 542 1273 ὥσπερ
580 1221 677 1273 ἄρτι,
718 1221 787 1262 τὸν
824 1220 941 1261 αὐτὸν
978 1221 1123 1272 τρόπον
1163 1220 1224 1260 καὶ
1264 1221 1362 1270 ὑπὲρ
1398 1223 1475 1259 τῶν

156 1287 341 1339 εὐπόρων,
377 1287 420 1327 οὐ
457 1287 702 1338 κατοκνήσας
737 1289 862 1328 εἰπεῖν
892 1287 1056 1337 τάληθῆ.
1127 1286 1212 1337 ἐμοὶ
1245 1287 1319 1338 γὰρ
1350 1285 1475 1327 οὐδεὶς

156 1354 274 1395 οὕτως
311 1353 448 1395 ἄθλιος
486 1353 566 1394 οὐδ’
604 1353 707 1405 ὠμὸς
745 1353 844 1394 εἶναι
880 1356 988 1394 δοκεῖ
1020 1353 1091 1403 τὴν
1125 1352 1297 1405 γνώμην,
1338 1352 1475 1392 οὔκουν

154 1419 374 1470 Ἀθηναίων
410 1437 467 1471 γε,
507 1420 610 1461 ὥστε
648 1423 861 1460 λυπεῖσθαι
897 1423 1017 1459 ταῦτα
1053 1418 1336 1470 λαμβάνοντας
1373 1419 1475 1469 ὁρῶν

94 1501 134 1524 20
154 1486 243 1528 τοὺς
268 1487 438 1538 ἀπόρους
467 1486 531 1527 καὶ
553 1491 632 1527 τῶν
657 1488 879 1539 ἀναγκαίων
905 1487 1047 1528 ἐνδεεῖς
1071 1487 1198 1527 ὄντας.
1271 1486 1376 1525 ἀλλὰ
1401 1489 1475 1525 ποῦ

155 1554 407 1604 συντρίβεται
425 1552 469 1592 τὸ
488 1556 650 1605 πρᾶγμα
674 1554 736 1594 καὶ
761 1556 836 1593 ποῦ
860 1554 1178 1605 ὃυσχεραίνεται,·
1216 1552 1309 1592 ὅταν
1328 1550 1371 1591 τὸ
1396 1551 1474 1591 ἀπὸ

153 1622 230 1658 τῶν
260 1623 399 1659 κοινῶν
428 1619 515 1661 ἔθος
546 1619 613 1660 ἐπὶ
642 1620 692 1660 τὰ
719 1622 798 1661 ’ίδια
826 1619 1170 1670 μεταβιβάζοντας
1202 1619 1326 1670 ὁρῶσί
1351 1635 1471 1664 τινας,

155 1685 217 1724 καὶ
240 1684 366 1737 μέγαν
388 1687 462 1736 μὲν
481 1687 576 1726 ὄντα
601 1685 690 1738 παρ’
707 1687 796 1737 ὑμῖν
821 1685 963 1727 εὐθέως
987 1685 1055 1726 τὸν
1074 1685 1257 1737 λέγοντα,
1279 1683 1474 1725 ἀθάνατον

155 1750 186 1790 δ’
225 1751 323 1792 ἕνεκ’
362 1753 603 1805 ἀσφαλείας,
644 1752 782 1804 ἑτέραν
819 1754 861 1792 δὲ
902 1752 974 1802 τὴν
1013 1752 1185 1803 κρύβδην
1223 1754 1366 1803 ψῆφον
1406 1754 1474 1791 τοῦ

92 1833 130 1866 25
155 1822 335 1870 φανερῶς
360 1819 544 1870 θορύβου.
613 1819 720 1860 ταῦτ’
746 1820 949 1865 ἀπιστίαν,
973 1817 1078 1859 ταῦτ’
1104 1817 1224 1871 ὀργὴν
1248 1818 1345 1871 ἔχει.
1417 1820 1478 1858 δεῖ

154 1883 240 1935 γάρ,
275 1882 304 1924 ὦ
338 1884 473 1937 ἄνδρες
505 1885 721 1936 Ἀθηναῖοι,
755 1887 913 1927 δικαίως
946 1884 1139 1935 ἀλλήλοις
1171 1887 1239 1935 τῆς
1272 1885 1474 1925 πολιτείας

155 1954 366 1998 κοινωνεῖν,
397 1951 485 1993 τοὺς
515 1954 587 2003 μὲν
617 1952 804 2004 εὐπόρους
836 1953 890 1994 εἰς
923 1954 995 2003 μὲν
1026 1951 1094 1992 τὸν
1127 1952 1220 2002 βίον
1248 1952 1297 1992 τὰ
1326 1953 1473 1991 ἑαυτῶν

200 2069 211 2088 1
239 2059 287 2090 ὅσ’
307 2059 358 2098 ἂν]
378 2061 454 2091 ὅσον
471 2060 495 2091 S
513 2060 607 2090 solus
752 2071 771 2091 2
794 2074 833 2102 ’γε
852 2061 895 2091 S:
921 2074 958 2092 τε
976 2059 1020 2090 Ο1
1038 2072 1044 2090 2
1069 2059 1145 2091 τότε
1159 2059 1247 2097 vulg.
1381 2068 1400 2097 5
1425 2059 1473 2090 τίς

154 2102 197 2133 S:
234 2105 301 2134 τοῖς
325 2103 424 2133 Vind.
456 2113 468 2133 1
499 2113 573 2142 pr.:
610 2102 653 2135 εἷς
684 2104 781 2135 codd.
809 2104 934 2143 aliquot
963 2109 997 2134 ct
1026 2103 1157 2134 Cobet:
1194 2101 1237 2134 εἷς
1268 2115 1315 2134 τις
1346 2101 1472 2132 Reiske

151 2146 172 2174 6
210 2146 283 2178 τοὺς
314 2145 428 2186 γονέας
461 2146 557 2177 Blass
589 2157 663 2177 cum
699 2147 847 2178 Stobaeo
882 2147 985 2187 gFlor.
1022 2157 1073 2185 43.
1109 2146 1188 2186 68):
1226 2145 1341 2186 ’γονέας
1374 2145 1470 2175 codd.

154 2198 170 2226 7
216 2189 402 2228 σύμπαντας
437 2189 556 2220 ΒῙᾶΞΞῑ
600 2191 673 2222 τοὺς
706 2190 894 2231 σύμπαντας
927 2191 1048 2221 codd.:
1087 2191 1160 2221 τοὺς
1191 2187 1473 2231 (πρεσβυτέρους)

153 2232 338 2271 σύμπαντας
355 2233 462 2264 Cobet
596 2234 769 2275 προσήκειν
785 2234 873 2273 vulg.
892 2239 924 2265 et
944 2234 1110 2264 Stobaeus
1128 2244 1134 2263 ε
1158 2232 1310 2273 προσήκει
1328 2231 1394 2262 SA
1408 2231 1472 2261 FY

156 2285 194 2304 10
217 2279 283 2307 τοῖς
302 2300 308 2306 .
327 2300 333 2307 .
355 2300 361 2307 .
380 2276 522 2318 εὐπόροις
540 2276 565 2307 S
582 2277 676 2307 solus
856 2287 889 2307 11
922 2277 1014 2309 δίκαι’
1034 2278 1071 2308 ἂν
1094 2278 1195 2307 ποιεῖν
1213 2275 1339 2306 Cobet:
1369 2275 1473 2306 δίκαια

153 2321 253 2349 ποιεῖν
271 2320 294 2349 S
307 2319 337 2349 A
354 2331 360 2350 z
386 2320 490 2351 δίκαια
503 2323 606 2352 ποιεῖν
619 2322 656 2352 ἂν
669 2320 758 2359 vulg.
854 2331 891 2351 12
908 2322 980 2352 τινὰ
995 2322 1017 2350 S
1033 2331 1037 2348 :
1065 2320 1153 2351 τινὰς
1170 2323 1245 2349 cett.
1343 2329 1380 2357 19
1397 2323 1471 2357 pOSt

153 2361 324 2399 Ἀθηναίων
339 2375 378 2402 ’γε
396 2363 471 2393 add.
493 2364 576 2402 οἶμαι
595 2364 669 2395 ἀλλ’
688 2363 760 2395 οὐδὲ
779 2366 845 2396 τῶν
867 2365 975 2396 ἄλλων
997 2363 1083 2401 vulg.
1101 2374 1107 2394 ε
1141 2373 1203 2392 om.
1227 2364 1249 2391 S
1267 2362 1366 2392 Vind.
1391 2373 1401 2392 1
1423 2372 1470 2400 ps.

153 2413 194 2433 22
217 2405 511 2446 μεταβιβάζοντας]
531 2406 779 2446 διαβιβάζοντας
798 2408 821 2437 S
955 2417 994 2445 27
1019 2407 1060 2438 τὰ
1077 2405 1213 2445 Anger:
1239 2409 1304 2437 τῶν
1320 2406 1418 2436 codd.

1502 123 1599 178 [141]

1507 360 1610 415 [142]

1503 501 1544 534 41

1504 829 1549 863 42

1505 1231 1549 1266 43

1503 1496 1549 1530 44

1503 1824 1545 1860 45

1505 1943 1609 1997 [143]
