1747 2844
192 135 278 189 xm]
468 141 629 178 ’ΥΠΕΡ
676 140 1231 178 ΜΕΓΑΛΟΠΟΛῙΤΩΝ

1543 141 1658 197 [203]

258 242 387 283 Ἀλλὰ
423 243 468 293 νὴ
508 244 586 283 Δία
623 246 744 283 ταῦτα
783 245 855 294 μὲν
892 243 1013 284 οὕτως
1049 245 1130 282 δεῖν
1169 242 1276 294 ἔχειν
1313 242 1509 295 φήσομεν,
1541 256 1563 290 6

191 309 318 350 δεινὸν
344 309 375 349 δ’
402 311 446 356 εἰ,
475 309 571 362 πρὸς
601 309 666 352 οὓς
696 308 1001 362 παρεταττόμεθ’
1027 310 1068 349 ἐν
1096 310 1326 362 Μαντινείᾳ,
1353 309 1513 351 τούτους

192 376 423 430 συμμάχους
465 377 718 428 αἱρησόμεθα,
754 376 837 417 εἶτα
873 374 1136 428 βοηθήσομεν
1170 375 1323 417 τούτοις
1361 376 1512 417 ἐναντί’

190 445 352 485 ἐκείνοις
387 443 472 495 μεθ’
508 444 562 483 ὧν
597 442 677 482 τότ’
711 442 1015 493 ἐκινδυνεύομεν.
1088 442 1202 492 κάμοὶ
1238 445 1358 482 ταῦτα
1393 445 1510 489 δοκεῖ,

152 527 169 558 5
190 513 451 562 προσδεῖσθαι
472 510 504 549 δ’
524 509 579 550 ἔτι
604 512 673 550 τοῦ
699 511 768 549 (τὰ
792 510 923 550 δίκαια
941 512 1067 550 ποιεῖν
1093 508 1313 549 ἐθελόντων
1332 513 1409 549 τῶν
1429 509 1510 549 ἑτέ-

189 576 293 629 ρων.’
355 578 388 617 εἰ
411 579 485 627 μὲν
502 577 632 617 τοίνυν
657 575 922 626 ἐθελήσουσιν
946 575 1104 628 εἰρήνην
1130 574 1299 618 ἅπαντες
1324 575 1447 628 ἄγειν,
1469 576 1514 616 οὐ

189 642 445 695 βοηθήσομεν
474 647 556 685 τοῖς
581 644 949 695 Μεγαλοπολίταις·
988 642 1100 683 οὐδὲν
1129 644 1202 695 γὰρ
1232 641 1380 693 δεήσει·
1418 643 1512 682 ὥστ’

189 710 268 750 οὐδ’
293 711 421 751 ὁτιοῦν
445 711 677 751 ὑπεναντίον
701 710 793 761 ἡμῖν
822 709 936 750 ἔσται
965 710 1061 762 πρὸς
1089 709 1178 752 τοὺς
1207 708 1511 762 συμπαραταξα-

188 776 339 828 μένους,
372 776 573 830 σύμμαχοι
602 776 635 817 δ’
661 777 753 828 ἡμῖν
778 778 814 817 οἱ
842 779 914 828 μὲν
938 776 1198 829 ὑπάρχουσιν,
1229 777 1281 818 ὥς
1311 782 1450 829 φασιν,
1475 778 1513 817 οἱ

130 859 169 881 10
189 846 231 884 δὲ
254 842 601 896 προσγενήσονται
626 844 722 885 νυνί.
795 843 857 884 καὶ
882 844 922 885 τί
944 843 992 884 ἂν
1017 843 1119 883 ἄλλο
1144 844 1406 894 βουλοίμεθα;
1445 844 1512 883 ἐὰν

189 909 221 951 δ’
251 911 418 951 ἀδικῶσι
446 910 510 950 καὶ
539 914 729 962 πολεμεῖν
759 911 918 951 οἴωνται
947 912 1041 956 δεῖν,
1076 911 1109 950 εἰ
1140 912 1212 961 μὲν
1245 911 1341 961 ὑπὲρ
1374 910 1513 950 τούτου

187 977 309 1028 μόνον
341 976 595 1028 βουλευτέον,
629 978 663 1018 εἰ
696 976 771 1030 χρὴ
806 976 1002 1028 Μεγάλην
1034 977 1153 1018 πόλιν
1185 976 1285 1027 ἡμᾶς
1322 976 1515 1028 προέσθαι

188 1044 511 1094 Λακεδαιμονίοις
545 1040 569 1094 ἢ
604 1042 670 1095 μή,
705 1045 855 1084 δίκαιον
891 1046 964 1094 μὲν
999 1043 1056 1089 οὔ,
1095 1047 1289 1097 συγχωρῶ
1327 1042 1360 1083 δ’
1397 1042 1513 1095 ἔγωγ’

190 1111 307 1150 ἐᾶσαι
327 1110 388 1150 καὶ
412 1112 533 1161 μηδὲν
552 1111 835 1160 ἐναντιωθῆναι
852 1114 934 1151 τοῖς
958 1127 1004 1162 γε
1022 1113 1100 1150 τῶν
1119 1110 1246 1151 αὐτῶν
1264 1113 1515 1162 μετασχοῦσι

130 1191 167 1224 15
190 1176 389 1216 κινδύνων·
427 1177 460 1216 εἰ
490 1176 523 1216 δ’
551 1175 723 1219 ἅπαντες
752 1176 962 1217 ἐπίστασθ’
993 1177 1066 1222 ὅτι,
1097 1176 1242 1227 ταύτην
1272 1175 1320 1217 ἂν
1349 1176 1512 1222 ἕλωσιν,

189 1242 270 1283 ’ίασ’
304 1243 368 1283 ἐπὶ
401 1242 639 1293 Μεσσήνην,
673 1242 868 1295 φρασάτω
904 1260 963 1285 τις
995 1244 1081 1294 ἐμοὶ
1113 1246 1193 1284 τῶν
1225 1247 1292 1284 νῦν
1325 1245 1514 1296 χαλεπῶν

187 1312 270 1351 τοῖς
306 1310 669 1361 Μεγαλοπολίταις,
708 1311 748 1350 τί
785 1308 868 1350 τόθ’
904 1309 995 1360 ἡμῖν
1034 1310 1331 1361 συμβουλεύσει
1371 1312 1513 1350 ποιεῖν.

187 1375 280 1415 ἀλλ’
305 1375 430 1417 οὐδεὶς
456 1377 546 1427 ἐρεῖ.
605 1377 669 1417 καὶ
693 1375 772 1427 μὴν
795 1375 939 1418 πάντες
964 1375 1174 1417 ἐπίστασθ’
1195 1376 1258 1423 ὡς,
1286 1376 1348 1417 καὶ
1373 1392 1512 1427 παραι-

187 1442 358 1482 νούντων
383 1442 530 1483 τούτων
555 1442 617 1482 καὶ
645 1441 710 1494 μή,
737 1442 972 1494 βοηθητέον,
1001 1443 1063 1483 καὶ
1088 1444 1150 1483 διὰ
1174 1442 1264 1485 τοὺς
1289 1443 1425 1495 ὅρκους
1449 1442 1516 1485 οὓς

128 1524 168 1546 20
186 1509 445 1560 ὀμωμόκαμεν
476 1509 738 1560 Μεσσηνίοις,
768 1510 829 1550 καὶ
854 1510 916 1549 διὰ
946 1509 990 1549 τὸ
1020 1509 1226 1562 συμφέρον
1256 1508 1354 1550 εἶναι
1385 1526 1512 1549 κατοι-

188 1579 341 1616 κεῖσθαι
365 1577 509 1627 ταύτην
533 1576 604 1627 τὴν
623 1577 755 1617 πόλιν.
818 1579 1037 1617 σκοπεῖσθε
1062 1575 1107 1626 δὴ
1133 1575 1229 1628 πρὸς
1253 1577 1351 1628 ὑμᾶς
1377 1575 1514 1617 αὐτοὺς

186 1643 354 1695 ποτέραν
387 1644 458 1695 τὴν
491 1644 618 1698 ἀρχὴν
656 1644 848 1684 καλλίονα
885 1643 947 1684 καὶ
984 1642 1364 1696 φιλανθρωποτέραν
1400 1642 1511 1693 ποιή-

187 1713 312 1751 σεσθε
344 1715 411 1751 τοῦ
442 1711 495 1763 μὴ
526 1711 742 1764 ’πιτρέπειυ
776 1712 924 1751 ἀδικεῖν
948 1711 1284 1761 Λακεδαιμονίοις,
1315 1710 1387 1760 τὴν
1415 1711 1513 1761 ὑπὲρ

188 1777 380 1830 Μεγάλης
398 1779 552 1821 πόλεως
570 1776 593 1828 ἢ
613 1779 682 1829 τὴν
700 1779 796 1831 ὑπὲρ
817 1776 1051 1828 Μεσσήνης.
1105 1780 1174 1818 νῦν
1191 1776 1263 1828 μέν
1282 1794 1328 1830 γε
1345 1779 1512 1828 βοηθεῖν

127 1857 165 1889 25
187 1844 310 1895 δόξετ’
337 1845 517 1897 Ἀρκάσι,
550 1845 611 1885 καὶ
640 1845 710 1896 τὴν
741 1844 896 1898 εἰρήνην
926 1844 1163 1894 σπουδάζειν
1193 1844 1292 1885 εῖναι
1321 1845 1510 1895 βεβαίαν,

186 1913 283 1963 ὑπὲρ
318 1911 363 1962 ἧς
396 1913 691 1954 ἐκινδυνεύσατε
727 1912 790 1953 καὶ
826 1910 1115 1964 παρετάξασθε·
1164 1911 1253 1951 τότε
1290 1910 1322 1951 δ’
1356 1911 1513 1960 εὔδηλοι

187 1981 309 2019 πᾶσιν
335 1979 480 2020 ἔσεσθε
504 1979 549 2019 οὐ
573 1983 642 2019 τοῦ
665 1980 813 2020 δικαίου
837 1981 993 2030 μᾶλλον
1019 1979 1149 2019 εἵνεκα
1170 1976 1394 2028 Μεσσήνην
1414 1976 1513 2017 εῖναι

185 2047 427 2097 βουλόμενοι
468 2043 491 2095 ἣ
533 2049 601 2086 τοῦ
642 2045 739 2098 πρὸς
774 2045 1107 2097 Λακεδαιμονίους
1149 2045 1297 2097 φόβου.
1369 2046 1431 2084 δεῖ
1469 2044 1511 2083 δὲ

232 2165 246 2185 1
284 2156 384 2188 οὕτως
416 2154 440 2186 S
473 2160 505 2186 et
535 2154 666 2187 schol.:
705 2155 787 2186 οὕτω
818 2154 904 2194 vulg.
1039 2156 1106 2186 δεῖν
1136 2163 1200 2185 om.
1232 2152 1339 2184 schol.
1373 2162 1404 2192 p.
1435 2154 1511 2194 248,

189 2208 248 2238 151
295 2199 378 2230 secl.
418 2198 514 2230 Blass
711 2209 732 2238 4
778 2197 925 2239 ἐκείνοις]
966 2197 1095 2230 ἐκείνων
1132 2196 1163 2227 Α
1368 2197 1389 2226 8
1435 2209 1513 2237 συμ-

185 2242 461 2283 παραταξαμένους
489 2241 678 2273 AFlYO:
714 2241 1063 2284 ἆντιπαραταξαμένους
1092 2240 1139 2271 S:
1175 2239 1440 2281 ἀντιταξαμένους
1467 2240 1508 2271 al.

184 2296 205 2324 9
236 2286 310 2326 ἡμῖν
335 2296 399 2317 om.
423 2290 493 2316 tres
517 2286 616 2316 codd.
643 2286 697 2321 (cf.
721 2285 903 2326 Aristid.):
936 2284 1016 2315 secl.
1045 2284 1180 2314 Dobree
1332 2293 1370 2314 12
1397 2283 1511 2324 μόνον]

184 2329 282 2368 μόνου
304 2329 335 2360 Α
501 2340 536 2369 14
568 2342 607 2370 ’γε
633 2329 682 2359 S:
712 2328 789 2360 τότε
814 2334 890 2360 cett.
1057 2337 1098 2365 23
1129 2332 1204 2366 post
1229 2327 1409 2369 ἐπιτρέπειν
1432 2328 1508 2358 add.

187 2374 263 2410 ὑμᾶς
295 2372 378 2403 SF:
418 2373 499 2413 ἡμᾶς
530 2373 642 2412 vulg:
680 2382 744 2403 om.
778 2371 899 2403 AYO
1076 2371 1118 2401 26
1157 2370 1400 2403 ἐκινδυνεύσατε
1430 2371 1508 2402 secl.

189 2415 322 2446 Dobree

1546 1045 1662 1101 [204]

1544 1393 1567 1428 9

1545 1791 1589 1816 10
