1747 2844
115 850 153 872 10

117 1182 153 1214 15

116 1517 155 1540 20

117 2195 158 2226 30

171 132 259 186 xtx]
396 137 537 174 ΠΕΡΙ
591 136 712 174 ΤΗΣ
760 134 1280 173 ΠΑΡΑΠΡΕΣΒΕΙΑΣ
1526 130 1642 185 [395]

171 240 367 292 ὠφελείας
397 238 506 295 πάσῃ
541 239 586 295 τῇ
620 238 747 284 πόλει,
780 236 886 277 ταῦτ’
919 235 986 276 οὐκ
1018 236 1246 286 ἐβουλόμην
1275 236 1495 287 γίγνεσθαι.

171 307 232 347 καὶ
266 307 425 358 σφόδρα
457 306 507 358 γ’,
542 304 571 345 ὦ
603 304 740 355 ἄνδρες
772 303 987 353 Ἀθηναῖοι·
1034 301 1127 342 ἀλλ’
1163 301 1269 352 οἶμαι
1303 304 1498 353 περιῆσαν

170 373 282 413 οὗτοί
301 389 387 423 μου.

238 438 341 490 Φέρε
376 438 434 489 δή,
476 437 515 477 τί
550 437 671 491 τούτῳ
710 434 931 488 πέπρακται
969 436 1074 487 παρὰ
1111 437 1232 474 ταῦτα
1270 434 1331 474 καὶ
1370 436 1411 474 τί
1445 437 1496 487 τῷ
1531 448 1596 483 174

172 503 411 556 Φιλοκράτει
436 502 650 543 θεάσασθε·
692 502 782 554 παρ’
807 501 969 551 ἄλληλα
992 503 1067 553 γὰρ
1093 500 1206 541 ἔσται
1232 501 1498 552 φανερώτερα.

171 574 326 622 πρῶτον
349 571 421 620 μὲν
440 570 570 609 τοίνυν
591 568 755 610 Φωκέας
776 568 1019 609 ἐκσπόνδους
1045 567 1107 607 καὶ
1125 566 1270 609 Ἃλέας
1290 566 1500 618 ἀπέφηναν

173 636 235 676 καὶ
272 634 587 687 Κερσοβλέπτην
624 636 729 686 παρὰ
767 634 813 674 τὸ
848 633 1045 686 ψήφισμα
1085 634 1145 674 καὶ
1182 635 1230 673 τὰ
1268 632 1364 684 πρὸς
1401 634 1500 683 ὑμᾶς

173 701 366 754 εἰρημένα·
405 701 487 742 εἶτα
505 700 550 741 τὸ
569 699 753 753 ψήφισμ’
773 701 1040 754 ἐπεχείρησαν
1060 703 1180 740 κινεῖν
1202 701 1264 740 καὶ
1287 700 1497 751 μεταίρειν,

172 767 236 820 ἐφ’
256 766 284 822 ᾧ
300 768 594 820 πρεσβεύοντες
619 767 779 818 ἥκομεν·
817 766 901 807 εῖτα
922 767 1163 818 Καρδιανοὺς
1183 766 1371 820 Φιλίππῳ
1398 782 1496 816 συμ-
1530 766 1649 820 [396]

171 833 321 887 μάχους
355 833 582 887 ἐνέγραψαν
619 834 680 874 καὶ
712 833 784 884 τὴν
815 835 888 884 μὲν
922 836 1148 886 γραφεῖσαν
1184 832 1403 882 ἐπιστολὴν
1435 831 1499 872 ὑπ’

173 902 265 951 ἐμοῦ
297 900 392 952 πρὸς
428 902 526 951 ὑμᾶς
561 901 876 953 ἀπεψηφίσαντο
911 899 964 950 μὴ
996 899 1178 950 πέμπειν,
1214 898 1322 939 αὐτοὶ
1355 898 1387 938 δ’
1421 898 1500 938 οὐδ’

175 968 303 1007 ὁτιοῦν
334 968 440 1019 ὑγιὲς
472 967 700 1019 γράψαντες
734 967 932 1018 ἔπεμψαν.
1004 965 1075 1006 εἶθ’
1104 967 1124 1005 ὁ
1152 968 1332 1018 γενναῖος
1365 966 1501 1006 οὑτοσὶ
1536 978 1597 1014 175

175 1034 242 1084 ἐμὲ
266 1036 337 1084 μὲν
362 1033 430 1074 τὸν
453 1036 575 1084 δῆμον
596 1033 672 1086 ἔφη
699 1032 768 1073 τὸν
786 1032 974 1085 ὑμέτερον
1001 1033 1238 1073 καταλύσειν
1258 1030 1502 1084 ἐπηγγέλθαι

176 1101 376 1155 Φιλίππῳ,
409 1101 469 1140 ὅτι
503 1099 607 1140 ταῦτ’
638 1099 898 1150 ἐπέπληττον,
929 1100 973 1140 οὐ
1004 1100 1126 1149 μόνον
1155 1100 1302 1152 αἰσχρὰ
1335 1098 1502 1149 νομίζων

175 1167 282 1207 ἀλλὰ
313 1167 375 1207 καὶ
405 1166 538 1208 δεδιὼς
567 1165 618 1217 μὴ
646 1167 1016 1218 συμπαραπόλωμαι
1045 1167 1107 1205 διὰ
1132 1165 1302 1211 τούτους,
1330 1164 1444 1206 αὐτὸς
1469 1163 1503 1204 δ’

177 1233 254 1287 ἰδίᾳ
291 1231 419 1273 πάντα
451 1232 519 1273 τὸν
553 1233 698 1285 χρόνον
734 1231 985 1286 ἐντυγχάνων
1021 1231 1100 1272 οὐδ’
1133 1232 1263 1272 ὁτιοῦν
1301 1230 1502 1272 ἐπαύσατο

176 1300 377 1354 Φιλίππῳ.
452 1300 513 1339 καὶ
543 1301 590 1339 τὰ
620 1300 692 1349 μὲν
717 1297 824 1339 ἄλλα
853 1302 1002 1344 σιωπῶ,
1032 1297 1233 1349 Δερκύλος
1259 1297 1291 1337 δ’
1318 1296 1435 1337 αὐτὸν
1461 1298 1502 1337 ἐν

177 1370 322 1417 Φεραῖς
350 1365 422 1416 τὴν
453 1365 557 1406 νύκτ’
584 1365 818 1416 ἐφύλαττεν,
851 1365 920 1405 οὐκ
950 1365 1040 1416 ἐγώ,
1071 1363 1140 1404 τὸν
1170 1362 1274 1404 παῖδ’
1300 1363 1405 1417 ἔχων
1434 1362 1503 1403 τὸν

177 1432 270 1483 ἐμὸν
289 1433 454 1477 τουτονί,
475 1432 537 1472 καὶ
557 1433 699 1482 λαβὼν
720 1430 861 1481 ἐξιόντ’
879 1433 920 1471 ἐκ
940 1433 1008 1481 τῆς
1024 1431 1228 1471 Φιλίππου
1248 1431 1397 1480 σκηνῆς
1417 1430 1502 1480 ἐμοὶ

175 1498 242 1539 τὸν
263 1498 366 1539 παῖδ’
383 1498 592 1539 ἐκέλευσεν
609 1497 880 1549 ἀπαγγέλλειν
900 1498 963 1538 καὶ
984 1496 1100 1537 αὐτὸν
1120 1499 1356 1547 μεμνῆσθαι,
1377 1496 1438 1536 καὶ
1458 1495 1502 1536 τὸ

175 1569 403 1606 τελευταῖον
428 1565 448 1604 ὁ
472 1564 665 1616 βδελυρὸς
693 1565 755 1605 καὶ
781 1563 941 1614 ἀναιδὴς
965 1563 1099 1603 οὑτοσὶ
1124 1563 1242 1603 νύκτα
1269 1563 1330 1603 καὶ
1355 1562 1503 1614 ἡμέραν

176 1632 372 1672 ἀπιόντων
401 1631 509 1683 ἡμῶν
543 1632 768 1683 ἀπελείφθη
804 1632 908 1683 παρὰ
938 1630 1139 1684 Φιλίππῳ.
1214 1630 1275 1670 καὶ
1304 1628 1412 1670 ταῦθ’
1444 1630 1504 1670 ὅτι
1537 1632 1601 1675 176

177 1699 303 1748 ἀληθῆ
340 1697 458 1750 λέγω,
497 1701 652 1749 πρῶτον
689 1699 760 1748 μὲν
796 1696 911 1739 αὐτὸς
948 1697 1025 1749 ἐγὼ
1065 1695 1402 1749 συγγραψάμενος
1442 1695 1502 1736 καὶ

177 1763 429 1814 καταστήσας
454 1764 621 1815 ἐμαυτὸν
645 1763 861 1805 ὑπεύθυνον
885 1762 1137 1816 μαρτυρήσω,
1159 1762 1241 1803 εἶτα
1265 1766 1342 1803 τῶν
1366 1761 1503 1802 ἄλλων

141 1845 152 1853 ”
176 1830 389 1882 πρέσβεων
426 1831 596 1871 ἕκαστον
630 1833 748 1875 καλῶ,
786 1831 848 1871 καὶ
882 1832 990 1871 δυοῖν
1027 1829 1204 1882 θάτερον,
1235 1826 1258 1879 ἢ
1296 1832 1503 1880 μαρτυρεῖν

174 1893 197 1946 ἢ
229 1895 468 1947 ἐξόμνυσθαι
499 1896 727 1949 ἀναγκάσω.
797 1895 845 1937 ἂν
875 1895 907 1936 δ’
939 1895 1195 1947 ἐξομνύωσιν,
1227 1896 1502 1947 ἐπιορκοῦντας

176 1960 372 2014 ἐξελέγξω
396 1962 487 2014 παρ’
512 1964 602 2013 ὑμῖν
627 1966 820 2015 φανερῶς.

732 2055 940 2082 ΜΑΡΤΎΡῙΑ.

242 2117 356 2159 Οἵοις
389 2117 462 2167 μὲν
493 2118 623 2157 τοίνυν
661 2120 792 2159 κακοῖς
829 2118 891 2157 καὶ
928 2116 1134 2169 πράγμασι
1170 2116 1241 2166 τὴν
1279 2117 1500 2167 ἀποδημίαν
1535 2130 1598 2166 177

176 2185 311 2223 πᾶσαν
349 2184 591 2236 συνειχόμην
629 2183 828 2234 ἑοράκατε.
899 2185 940 2224 τί
973 2185 1047 2235 γὰρ
1083 2182 1221 2224 αὐτοὺς
1262 2182 1384 2223 οἴεσθ’
1422 2184 1504 2222 ἐκεῖ

218 2293 239 2322 6
261 2292 385 2325 Φωκέας
410 2317 415 2323 .
442 2315 448 2323 .
477 2315 484 2323 .
513 2292 628 2324 Ἀλέας
652 2291 812 2323 Voernel:
838 2295 953 2325 Φωκεῖς
979 2316 985 2323 .
1014 2316 1020 2324 .
1047 2315 1054 2323 .
1084 2294 1188 2324 Ἀλεῖς
1213 2292 1323 2331 codd.,
1348 2292 1387 2322 cs.
1418 2295 1433 2329 §
1459 2292 1502 2330 36

176 2345 213 2366 21
242 2337 350 2368 οὑτοσὶ
371 2336 394 2366 S
408 2336 495 2367 LA:
521 2335 613 2367 οὗτος
632 2335 718 2374 vulg.
741 2338 835 2375 (post
852 2337 1022 2375 βδελυρὸς)
1159 2336 1200 2364 26
1225 2335 1384 2375 ἐξομνύειν
1403 2334 1500 2365 Blass

175 2384 339 2418 sequente
358 2379 559 2419 ἐξομνύωσιν,
578 2379 636 2409 sed
655 2378 694 2410 cs.
715 2379 772 2409 xlv
788 2380 843 2419 58,
859 2380 899 2409 61
1084 2388 1125 2416 29
1150 2379 1232 2410 κατὰ
1249 2384 1326 2408 ante
1344 2380 1405 2417 τὴν
1421 2379 1497 2410 add.

176 2422 261 2460 vulg.
280 2433 286 2451 τ
311 2432 374 2453 orn.
398 2422 420 2452 S
434 2421 501 2453 LA
599 2431 641 2460 3⁰
666 2422 862 2462 συνειχόμην
881 2422 906 2453 L
922 2421 1010 2460 vulg.
1027 2432 1034 2452 t
1061 2421 1269 2461 συνεσχόμην
1288 2421 1310 2451 S
1323 2421 1352 2451 Y
1364 2421 1394 2450 O
1412 2431 1497 2454 corr.
