1731 2844
167 125 224 178 lx]
521 129 678 166 ΚΑΤΑ
727 128 1044 165 ΦΙΛΙΠΠΟΎ
1092 130 1121 165 Γ
1509 126 1608 180 [110]

165 232 253 282 περὶ
277 234 354 271 τῶν
377 231 606 281 μελλόντων
627 230 813 281 πρόνοιαν
839 229 1012 281 ἔχουσιν,
1036 232 1164 268 οὐκοῦν
1185 229 1257 267 οὐδ’
1275 232 1368 279 ὑμᾶς
1389 231 1480 268 οἴον-

165 312 223 334 ται
243 295 316 333 δεῖν
336 296 442 345 ἔχειν,
464 298 588 348 ἕτεροι
607 298 648 336 δὲ
673 296 762 337 τοὺς
785 296 847 335 ἐπὶ
866 299 947 336 τοῖς
966 294 1194 347 πράγμασιν
1214 297 1329 336 ὄντας
1348 296 1477 335 αἰτιώ-

165 380 274 414 μενοι
301 364 362 403 καὶ
387 362 674 413 διαβάλλοντες
702 361 813 402 οὐδὲν
845 360 946 401 ἄλλο
976 365 1157 402 ποιοῦσιν
1182 358 1204 411 ἢ
1230 362 1335 402 ὅπως
1359 362 1382 411 ἡ
1407 364 1479 412 μὲν

166 431 280 471 πόλις
304 429 399 479 αὐτὴ
424 429 513 480 παρ’
538 430 652 479 αὑτῆς
676 428 784 478 δίκην
814 427 987 479 λήψεται
1017 428 1079 467 καὶ
1108 428 1195 479 περὶ
1225 427 1327 467 τοῦτ’
1353 426 1477 473 ἔσται,
1512 429 1599 484 [111]

128 515 145 546 5
166 497 355 550 Φιλίππῳ
382 495 413 536 δ’
438 494 595 545 ἐξέσται
621 494 682 534 καὶ
705 493 841 546 λέγειν
867 494 929 534 καὶ
954 493 1137 546 πράττειν
1162 495 1184 533 ὅ
1208 511 1244 534 τι
1276 494 1477 544 βούλεται.

166 564 205 603 αἱ
230 565 272 603 δὲ
296 565 468 602 τοιαῦται
492 565 688 602 πολιτεῖαι
712 559 896 610 συνήθεις
927 559 999 611 μέν
1024 562 1128 601 εἰσιν
1156 561 1260 611 ὑμῖν,
1289 561 1410 600 αἴτιαι
1437 562 1478 600 δὲ
1511 577 1531 611 3

165 632 244 669 τῶν
264 631 403 669 κακῶν.
462 627 558 678 ἀξιῶ
577 627 622 673 δ’,
645 624 674 666 ὦ
695 626 831 679 ἄνδρες
851 626 1066 677 Ἀθηναῖοι,
1088 626 1136 667 ἄν
1161 643 1198 666 τι
1221 629 1297 666 τῶν
1322 627 1480 676 ἀληθῶν

163 697 261 746 μετὰ
294 695 515 746 παρρησίας
545 693 665 745 λέγω,
697 693 888 744 μηδεμίαν
919 709 985 743 μοι
1017 695 1080 733 διὰ
1112 696 1225 732 τοῦτο
1255 692 1345 744 παρ’
1373 693 1481 743 ὑμῶν

163 761 284 814 ὀργὴν
308 759 505 813 γενέσθαι.
577 762 760 800 σκοπεῖτε
784 761 859 812 γὰρ
885 759 965 799 ὡδί.
1031 760 1140 810 ὑμεῖς
1163 758 1233 808 τὴν
1257 761 1480 810 παρρησίαν

107 846 146 870 10
165 827 227 868 ἐπὶ
251 829 323 878 μὲν
346 830 423 867 τῶν
447 826 583 867 ἄλλων
608 827 708 866 οὕτω
728 825 861 875 κοινὴν
885 828 1020 866 οἴεσθε
1043 829 1124 866 δεῖν
1151 825 1250 866 εἶναι
1274 827 1374 865 πᾶσι
1396 829 1479 867 τοῖς

165 895 207 933 ἐν
235 899 281 950 τῇ
312 893 440 939 πόλει,
468 893 572 933 ὥστε
606 892 667 932 καὶ
698 896 779 934 τοῖς
811 890 938 942 ξένοις
972 892 1033 932 καὶ
1064 895 1146 933 τοῖς
1175 891 1330 933 δούλοις
1362 891 1478 941 αὐτῆς

164 959 465 1010 μεταδεδώκατε,
501 959 563 999 καὶ
594 959 769 1000 πολλοὺς
801 957 848 998 ἄν
879 975 936 999 τις
969 957 1121 999 οἰκέτας
1155 959 1229 998 ἴδοι
1265 957 1354 1009 παρ’
1385 958 1478 1008 ἡμῖν

165 1027 263 1076 μετὰ
287 1026 469 1066 πλείονος
494 1024 675 1075 ἐξουσίας
700 1026 722 1064 ὅ
744 1041 781 1064 τι
805 1025 1023 1075 βούλονται
1051 1023 1243 1076 λέγοντας
1266 1021 1289 1073 ἢ
1314 1025 1479 1065 πολίτας

167 1093 209 1132 ἐν
235 1093 354 1133 ἐνίαις
378 1094 455 1131 τῶν
479 1090 614 1131 ἄλλων
638 1091 806 1136 πόλεων,
834 1092 877 1130 ἐκ
901 1093 942 1131 δὲ
966 1094 1034 1130 τοῦ
1063 1090 1352 1141 συμβουλεύειν
1380 1106 1476 1130 παν-

109 1176 146 1207 15
165 1157 339 1198 τάπασιν
365 1156 641 1207 ἐξεληλάκατε.
713 1156 782 1197 εἶθ’
806 1158 895 1207 ὑμῖν
920 1156 1179 1207 συμβέβηκεν
1205 1158 1247 1196 ἐκ
1271 1156 1409 1196 τούτου
1437 1157 1479 1196 ἐν
1508 1169 1532 1203 4

165 1226 237 1275 μὲν
266 1227 351 1265 ταῖς
382 1224 608 1272 ἐκκλησίαις
636 1225 789 1275 τρυφᾶν
820 1223 881 1262 καὶ
912 1222 1195 1263 κολακεύεσθαι
1224 1222 1352 1263 πάντα
1383 1221 1479 1273 πρὸς

165 1289 310 1340 ἡδονὴν
345 1289 566 1334 ἀκούουσιν,
606 1290 648 1329 ἐν
685 1291 726 1329 δὲ
763 1293 844 1330 τοῖς
883 1287 1088 1340 πράγμασι
1128 1289 1190 1328 καὶ
1227 1293 1308 1330 τοῖς
1346 1305 1477 1340 γιγνο-

165 1355 296 1406 μένοις
320 1355 407 1407 περὶ
432 1359 508 1395 τῶν
534 1354 716 1407 ἐσχάτων
740 1354 811 1405 ἤδη
839 1356 1084 1395 κινδυνεύειν.
1157 1356 1190 1395 εἰ
1221 1357 1292 1405 μὲν
1321 1354 1389 1394 οὖν
1419 1354 1481 1394 καὶ

167 1425 235 1462 νῦν
272 1423 370 1462 οὕτω
407 1421 617 1466 διάκεισθε,
653 1421 720 1460 οὐκ
753 1421 833 1473 ἔχω
866 1421 906 1460 τί
940 1421 1060 1473 λέγω·
1106 1423 1138 1461 εἰ
1172 1420 1204 1460 δ’
1228 1421 1253 1461 ἃ
1286 1420 1481 1472 συμφέρει

109 1505 148 1528 20
165 1489 284 1541 χωρὶς
322 1489 526 1528 κολακείας
563 1486 766 1536 ἐθελήσετ’
802 1487 969 1533 ἀκούειν,
1011 1488 1165 1538 ἕτοιμος
1202 1486 1347 1539 λέγειν.
1419 1487 1481 1526 καὶ

166 1556 241 1606 γὰρ
266 1555 298 1594 εἰ
323 1553 424 1594 πάνυ
449 1553 610 1605 φαύλως
634 1555 682 1593 τὰ
707 1553 900 1606 πράγματ’
929 1554 1012 1606 ἔχει
1038 1555 1100 1593 καὶ
1129 1555 1263 1593 πολλὰ
1291 1556 1478 1605 προεῖται,

166 1620 270 1670 ὅμως
294 1620 416 1666 ἔστιν,
439 1621 507 1660 ἐὰν
525 1620 633 1670 ὑμεῖς
655 1622 703 1659 τὰ
722 1619 861 1660 δέοντα
886 1623 1012 1660 ποιεῖν
1038 1620 1256 1670 βούλησθε,
1279 1619 1335 1658 ἔτι
1356 1619 1482 1659 πάντα

166 1685 269 1726 ταῦτ’
294 1686 662 1738 ἐπανορθώσασθαι.
735 1687 797 1727 καὶ
831 1683 1051 1738 παράδοξον
1083 1688 1154 1737 μὲν
1187 1687 1283 1727 ’ίσως
1317 1685 1427 1725 ἐστὶι·
1461 1684 1481 1724 ὒ
1513 1694 1530 1731 5

165 1752 299 1803 μέλλω
335 1752 481 1804 λέγειν,
518 1753 661 1802 ἀληθὲς
693 1752 747 1793 δέ·
796 1752 839 1792 τὸ
875 1754 1078 1805 χείριστον
1115 1754 1157 1792 ἐν
1193 1755 1274 1793 τοῖς
1310 1758 1479 1803 παρελη-

109 1836 146 1868 ²5
166 1820 320 1864 λυθόσι,
358 1822 471 1859 τοῦτο
507 1818 602 1870 πρὸς
636 1821 684 1858 τὰ
719 1818 920 1869 μέλλοντα
956 1819 1173 1870 βέλτιστον
1209 1818 1387 1870 ὑπάρχει.
1445 1818 1485 1857 τί

167 1885 234 1925 οὖν
259 1886 345 1925 ἐστι
364 1888 492 1931 rofi-rm
531 1886 590 1925 ὅτι
616 1885 703 1926 οὔτε
736 1885 873 1937 μικρὸν
902 1886 991 1925 οὔτε
1023 1885 1109 1937 μέγ’
1134 1885 1246 1925 οὐδὲν
1271 1888 1348 1924 τῶν
1373 1885 1479 1923 δεόν-

167 1968 243 1991 των
268 1951 495 1992 ποιούντων
513 1952 619 2002 ὑμῶν
650 1954 774 1993 κακῶς
805 1953 853 1991 τὰ
886 1951 1083 2004 πράγματ’
1108 1952 1204 2004 ἔχει,
1234 1952 1321 1990 ἐπεί
1349 1967 1422 1995 τοι,
1451 1951 1482 1990 εἰ
1513 1949 1609 2003 [112]

1218 2016 1264 2030 ’κ’
1294 2016 1308 2031 q&

167 2017 280 2057 πάνθ’
307 2018 330 2057 ἃ
356 2019 528 2069 προσῆκε
553 2018 804 2069 πραττόντων
829 2018 950 2060 οὕτως
980 2017 1158 2067 διέκειτο,
1188 2026 1252 2056 ovo
1291 2033 1337 2057 αν
1371 2015 1483 2057 ἐλπὶς

212 2136 224 2156 1
251 2128 362 2158 οὐκοῦν
381 2151 387 2158 .
408 2151 413 2156 .
434 2150 440 2156 .
462 2127 550 2166 ἔχειν
567 2136 630 2156 om.
649 2125 746 2157 S¹L¹.
795 2126 891 2157 Haec
909 2131 943 2157 et
960 2125 1024 2157 alia
1041 2136 1059 2156 e
1077 2125 1199 2165 duplici
1219 2124 1428 2163 recensione,
1449 2129 1483 2155 ut

165 2170 307 2207 videtur,
326 2174 399 2199 orta
416 2169 537 2200 litteris
554 2169 737 2200 minoribus
759 2170 981 2210 exprimenda
1004 2170 1126 2205 curavi,
1147 2172 1330 2207 praeeunte
1353 2167 1482 2197 Blassio

165 2222 186 2251 3
219 2212 278 2252 μὲν
306 2223 368 2242 om.
398 2212 420 2242 S
434 2212 471 2242 L¹
647 2223 666 2251 4
703 2213 782 2251 αὐτὴ
814 2212 884 2254 παρ’
914 2215 1009 2250 αὑτῆς
1038 2212 1126 2250 vulg.
1142 2223 1147 2243 :
1185 2211 1255 2252 παρ’
1283 2212 1379 2247 αὐτῆς
1408 2210 1430 2240 S
1444 2210 1482 2240 Ι,ι

165 2257 187 2285 6
210 2256 305 2287 αἰτίαι
325 2256 360 2285 S¹
376 2255 413 2286 Ll
431 2261 464 2285 et
484 2255 635 2294 plerique
769 2265 785 2294 7
810 2259 875 2287 τῶν
893 2259 997 2288 κακῶν
1015 2255 1049 2285 S¹
1065 2255 1102 2285 L¹
1119 2266 1125 2284 z
1149 2258 1214 2286 τῶν
1230 2257 1334 2286 κακῶν
1352 2254 1401 2284 καὶ
1419 2256 1483 2284 τῶν

167 2298 399 2340 ἁμαρτημάτων
417 2298 447 2328 Α
462 2310 467 2328 t
493 2300 551 2336 τῆς
568 2301 712 2339 ταραχῆς
729 2300 780 2330 καὶ
797 2302 862 2331 τῶν
879 2299 1112 2340 ἁμαρτημάτων
1130 2297 1217 2335 vulg.
1356 2306 1393 2335 19
1416 2299 1483 2327 τοῖς

167 2341 330 2382 πράγμασι
350 2341 416 2382 <vel
433 2343 474 2383 τῇ
491 2341 598 2380 πόλειῗ,
619 2346 695 2380 post
712 2341 865 2383 συμφέρει
882 2343 956 2373 add.
974 2342 1061 2381 vulg.
1080 2352 1087 2371 ε
1112 2351 1176 2371 om.
1193 2341 1215 2370 S
1230 2340 1265 2370 L¹
1354 2341 1395 2369 26
1419 2339 1483 2370 οὐδ’

169 2383 203 2415 ἓν
219 2383 309 2414 Weil
421 2394 460 2423 27
484 2398 534 2416 τοι
553 2384 576 2415 S
589 2384 626 2414 L*
642 2396 648 2416 :
673 2385 724 2416 τοί
739 2398 778 2425 γε
796 2385 893 2423 vulg„
913 2385 952 2416 cf.
973 2385 1004 2414 iv
1022 2395 1040 2414 2
1175 2384 1216 2413 28
1241 2385 1380 2424 προσῆκε
1400 2384 1422 2412 5
1436 2381 1461 2411 L
1476 2392 1482 2411 z

169 2428 321 2468 προσήκει
339 2431 431 2465 cett.,
449 2427 489 2457 cs.
510 2428 541 2456 iv
559 2437 577 2456 2
1318 2437 1354 2469 7*
