1763 2828
56 136 175 191 [204]

131 390 171 417 11

56 881 171 972 [20ῗὲ

130 1463 171 1499 Ῑ3

132 1999 174 2033 Ῑ4

625 136 1111 175 ΔΗΜΟΣΘΕΝΟΎΣ
1445 131 1535 188 [xv1

205 242 373 281 σκοπεῖν
399 241 472 291 μὲν
503 240 565 281 καὶ
594 239 781 292 πράττειν
810 239 872 280 ἀεὶ
903 241 952 280 τὰ
980 240 1123 286 δίκαια,
1156 245 1474 294 συμπαρατηρεῖν
1503 241 1537 282 δ’

205 307 311 349 ὅπως
336 306 417 358 ἅμα
442 307 505 348 καὶ
531 306 774 360 συμφέροντ’
800 308 915 348 ἔσται
938 310 1071 347 ταῦτα.

265 372 388 414 ’Έστι
412 375 544 415 τοίνυν
569 375 744 417 τοιοῦτός
769 390 828 416 τις
852 374 974 426 λόγος
999 375 1104 426 παρὰ
1132 377 1208 414 τῶν
1233 374 1536 428 ἀντιλεγόντων,

205 440 256 484 ὦς
281 442 526 492 κομίσασθαι
553 440 621 482 τὸν
647 441 836 493 Ὠρωπὸν
860 441 962 492 ἡμᾶς
992 442 1187 494 ἐγχειρεῖν
1217 443 1287 488 δεῖ,
1316 443 1349 483 εἰ
1379 444 1419 484 δὲ
1449 441 1539 485 τοὺς

202 507 486 560 βοηθήσαντας
511 507 559 549 ἂν
583 508 676 559 ἡμῖν
701 511 769 549 νῦν
795 508 855 549 ἐπ’
878 507 995 549 αὐτὸν
1015 508 1181 562 ἐχθροὺς
1206 509 1442 560 κτησόμεθα,
1465 508 1539 563 οὐχ
1559 527 1577 560 5

204 574 344 627 ἕξομεν
381 574 626 629 συμμάχους.
697 576 775 628 ἐγὼ
812 577 854 617 δὲ
890 575 935 615 τὸ
970 578 1042 626 μὲν
1077 576 1318 626 κομίσασθαι
1351 575 1540 628 Ὠρωπὸν

203 644 416 696 πειρᾶσθαι
448 645 530 683 δεῖν
560 648 661 694 φημι
692 643 754 683 καὶ
789 642 916 685 αὐτός·
954 642 998 682 τὸ
1032 642 1064 682 δ’
1096 642 1260 695 ἐχθροὺς
1289 642 1382 694 ἡμῖν
1411 645 1537 684 Λακε-

203 711 426 761 δαιμονίους
456 709 624 749 ἔσεσθαι
649 712 729 755 νῦν,
757 710 826 750 ἐὰν
852 709 1057 761 ποιώμεθα
1081 708 1313 763 συμμάχους
1336 708 1540 762 Ἀρκάδων

202 776 293 818 τοὺς
316 775 588 827 βουλομένους
612 775 706 826 ἡμῖν
727 776 826 817 εῖναι
854 777 1010 829 φίλους,
1037 776 1172 827 μόνοις
1195 776 1275 816 οὐδ’
1295 777 1420 818 εἰπεῖν
1439 775 1538 827 ἐξεῖ-

203 859 266 883 ναι
285 843 430 894 νομίζω
449 846 531 885 τοῖς
550 844 739 884 πείσασιν
756 844 867 893 ὑμᾶς,
886 843 943 883 ὅτ’
962 843 1208 884 ἐκινδύνευον
1223 844 1537 895 Λακεδαιμόνιοι,
1563 860 1602 883 10

202 912 382 960 βοηθεῖν.
459 909 504 949 οὐ
538 910 615 962 γὰρ
650 913 769 950 ταῦτα
804 909 992 962 λέγοντες
1030 910 1195 950 ἔπεισαν
1231 910 1342 961 ὑμᾶς,
1382 909 1541 951 πάντων

204 977 548 1027 Πελοποννησίων
573 976 772 1017 ἐλθόντων
798 976 849 1019 ὡς
873 977 973 1027 ὑμᾶς
1000 977 1062 1017 καὶ
1085 976 1170 1027 μεθ’
1195 976 1303 1027 ὑμῶν
1328 974 1542 1027 ἀξιούντων

204 1043 268 1084 ἐπὶ
301 1043 390 1085 τοὺς
419 1043 751 1095 Λακεδαιμονίους
785 1042 897 1090 ἰέναι,
933 1043 1022 1085 τοὺς
1051 1045 1124 1094 μὲν
1156 1043 1208 1095 μὴ
1244 1041 1542 1097 προσδέξασθαι

201 1109 280 1162 (καὶ
319 1112 382 1151 διὰ
420 1109 538 1157 τοῦθ’,
579 1111 676 1163 ὅπερ
712 1110 760 1162 ἦν
798 1111 1021 1162 ὑπόλοιπον
1047 1110 1191 1157 αὐτοῖς,
1230 1110 1295 1152 ἐπὶ
1335 1112 1543 1162 Θηβαίους

203 1174 356 1229 ἦλθον),
386 1177 484 1230 ὑπὲρ
518 1180 560 1219 δὲ
591 1179 661 1228 τῆς
692 1179 1014 1230 Λακεδαιμονίων
1050 1178 1246 1230 σωτηρίας
1280 1178 1343 1219 καὶ
1375 1177 1542 1232 χρήματ’
1565 1193 1602 1227 15

203 1244 407 1298 εἰσφέρειν
428 1245 491 1286 καὶ
515 1249 596 1287 τοῖς
622 1245 783 1296 σώμασι
808 1245 1057 1287 κινδυνεύειν·
1098 1244 1178 1286 οὐδ’
1197 1244 1246 1286 ἂν
1265 1246 1374 1297 ὑμεῖς
1397 1244 1540 1296 ἠθελή-

204 1328 303 1353 σατε
339 1311 464 1362 δήπου
500 1310 638 1368 σῴζειν
673 1312 825 1359 αὐτούς,
865 1313 899 1354 εἶ
936 1316 1050 1353 τοῦτο
1085 1312 1310 1365 προῦλεγον
1343 1313 1447 1364 ὑμῖν,
1482 1313 1543 1353 ὅτι

204 1378 414 1425 σωθέντες,
443 1380 513 1420 ἐὰν
537 1379 590 1431 μὴ
619 1383 749 1420 ποιεῖν
773 1380 796 1420 ὅ
823 1396 862 1421 τι
893 1380 1113 1431 βούλονται
1138 1379 1262 1421 πάλιν
1288 1379 1430 1422 αὐτοὺς
1454 1381 1543 1420 ἐᾶτε

203 1447 267 1487 καὶ
293 1447 454 1493 ἀδικεῖν,
481 1447 667 1498 οὐδεμίαν
690 1447 782 1498 ὑμῖν
808 1446 925 1500 χάριν
951 1445 1087 1498 ἕξουσι
1112 1449 1181 1498 τῆς
1208 1448 1418 1499 σωτηρίας.
1480 1448 1542 1488 καὶ

201 1512 280 1564 μὴν
310 1515 344 1554 εἷ
374 1512 520 1566 σφόδρ’
551 1514 731 1554 ἐναντίον
763 1514 851 1554 ἐστὶ
880 1518 963 1557 τοῖς
988 1514 1308 1565 Λακεδαιμονίων
1339 1513 1539 1567 ἐπιχειρή-
1563 1528 1603 1550 20

202 1597 327 1631 μασιν
350 1580 395 1620 τὸ
419 1580 508 1623 τοὺς
533 1579 727 1633 Ἀρκάδας
753 1580 853 1632 ἡμᾶς
879 1580 1109 1634 συμμάχους
1135 1579 1392 1631 ποιήσασθαι,
1415 1597 1539 1634 προσ·-

202 1646 287 1698 ήκει
325 1646 449 1698 δήπου
486 1649 612 1689 πλείω
649 1646 767 1701 χάριν
806 1648 945 1691 αὐτοὺς
988 1648 1095 1702 ἔχειν
1131 1648 1185 1689 ὧν
1222 1647 1436 1699 ἐσώθησαν
1472 1647 1542 1700 ὑφ’

202 1714 312 1765 ἡμῶν
346 1716 401 1756 εἰς
432 1714 523 1757 τοὺς
556 1714 752 1768 ἐσχάτους
791 1716 973 1757 ἐλθόντες
1006 1715 1205 1757 κινδύνους
1240 1711 1264 1765 ἢ
1301 1715 1356 1755 ὧν
1395 1715 1543 1756 ἀδικεῖν

205 1782 423 1822 κωλύονται
447 1784 517 1823 νῦν
541 1782 781 1835 ὀργίζεσθαι.
843 1782 947 1823 ὥστε
972 1786 1054 1825 πῶς
1078 1782 1123 1823 οὐ
1147 1780 1426 1833 βοηθήσουσιν
1449 1782 1542 1834 ἡμῖν

205 1848 266 1890 ἐπ’
292 1848 493 1901 Ὠρωπόν,
519 1846 543 1899 ἦ
573 1848 753 1890 κάκιστοι
781 1849 940 1890 πάντων
966 1849 1183 1902 ἀνθρώπων
1207 1846 1395 1899 δόξουσιν
1420 1848 1540 1898 εἶναι,·
1564 1862 1603 1896 25

204 1917 258 1967 μὰ
283 1915 374 1958 τοὺς
399 1915 513 1958 θεοὺς
539 1916 655 1969 ἔγωγ’
683 1916 755 1970 οὐχ
781 1917 871 1969 ὁρῶ.

275 1983 473 2034 Θαυμάζω
498 1984 630 2024 τοίνυν
658 1983 719 2024 καὶ
743 1987 820 2024 τῶν
845 1985 1046 2036 λεγόντων
1070 1986 1208 2025 τοῦτον
1232 1983 1302 2025 τὸν
1324 1983 1462 2037 λόγον,
1491 1983 1543 2026 ὣς

249 2102 269 2132 5
293 2095 348 2125 νῦν
372 2091 420 2124 ἐπ’
438 2092 551 2124 αὐτοὺς
576 2092 708 2134 ἐχθροὺς
732 2091 779 2123 S:
812 2093 945 2134 ἐχθροὺς
970 2093 1018 2124 ἐπ’
1037 2093 1134 2125 αὐτὸν
1156 2094 1211 2125 νῦν
1232 2091 1345 2132 vulg-t
1378 2091 1428 2124 ἐπ’
1445 2092 1543 2124 αὐτὸν

207 2137 339 2178 ἐχθροὺς
355 2135 387 2166 Α
405 2147 411 2166 :
438 2138 493 2168 νῦν
510 2135 575 2167 del.
594 2135 734 2166 Voemel
905 2137 926 2166 6
950 2137 1007 2168 τὸν
1024 2141 1102 2166 ante
1119 2136 1264 2178 Ὠρωπὸν
1280 2136 1356 2167 add.
1378 2135 1544 2166 Benseler

206 2180 226 2210 8
250 2180 410 2219 ποιώμεθα
427 2179 451 2210 S
466 2179 498 2209 A
515 2191 521 2210 ε
546 2180 752 2218 ποιησώμεθα
768 2179 857 2218 vulg.
875 2191 881 2210 :
908 2180 982 2210 fort.
999 2180 1190 2221 προσώμεθα
1208 2179 1318 2218 BlaSS,
1336 2178 1411 2210 coll.
1433 2179 1538 2210 schol.

208 2233 238 2262 p.
259 2233 336 2262 249,
353 2233 392 2262 27
532 2233 566 2253 11
594 2225 701 2255 αὐτοῖς
719 2228 793 2262 post
810 2226 941 2261 βοηθεῖν
957 2223 1034 2255 add.
1053 2223 1142 2262 vulg.
1160 2234 1167 2254 :
1191 2233 1254 2254 om.
1272 2222 1309 2254 S¹
1326 2222 1419 2253 solus
1508 2224 1542 2254 οὐ

209 2267 233 2298 S
252 2265 309 2308 (cf.
326 2266 433 2297 schol.
456 2277 486 2306 p.
509 2277 580 2306 249,
601 2266 656 2307 28)
675 2278 681 2297 ε
706 2267 735 2298 οἱ
751 2271 829 2297 cett.
960 2267 998 2297 16
1022 2268 1086 2299 οὐδ’
1106 2267 1141 2307 S,
1159 2280 1209 2308 γρ.
1230 2266 1272 2304 Y,
1292 2266 1392 2297 schol.
1411 2276 1443 2306 p.
1465 2275 1541 2305 250,

207 2321 227 2349 4
243 2321 250 2340 τ
274 2310 377 2341 καίτοι
395 2312 459 2342 οὐδ’
477 2311 566 2350 vulg.
704 2310 742 2340 18
767 2309 960 2351 βούλονται]
979 2310 1160 2348 βούλωνται
1179 2310 1203 2341 S
1218 2309 1257 2340 Β1
1273 2321 1279 2340 :
1305 2311 1342 2343 ἂν
1359 2310 1542 2348 βούλωνται

208 2353 328 2392 Cobet,
346 2354 405 2383 sed
424 2354 464 2384 cs.
484 2354 540 2384 viii
558 2363 610 2393 52,
631 2353 651 2384 li
672 2354 710 2384 16
880 2364 917 2393 19
942 2356 1013 2393 ὑμῖν
1029 2359 1108 2385 ante
1126 2353 1222 2396 χάριν
1239 2353 1263 2385 S
1276 2353 1329 2384 A:
1355 2358 1432 2394 post
1448 2353 1543 2395 χάριν

210 2397 297 2436 vulg.
317 2408 324 2427 ε
348 2397 427 2427 secl.
446 2397 542 2428 Blass
