1747 2844
205 123 324 182 xvm]
509 133 649 170 ΠΕΡΙ
698 133 820 171 TOT
868 131 1203 170 ΣΤΕΦΑΝΟὙ
1558 131 1666 187 [310]

203 237 354 278 τούτοις
384 239 484 277 πᾶσι
515 236 692 288 μάλιστα
720 239 790 288 μὲν
821 237 883 277 διὰ
914 236 1005 278 τοὺς
1035 236 1159 281 θεούς,
1192 235 1372 287 δεύτερον
1400 238 1442 278 δὲ
1477 236 1525 277 δι’

202 305 301 355 ὑμᾶς
327 304 389 344 καὶ
407 304 496 346 τοὺς
515 303 664 345 ἄλλους
682 303 912 353 Ἀθηναίους
930 303 1147 357 ἐσῳζόμην.
1206 304 1375 344 δικαίως·
1412 307 1526 344 τοῦτο

202 372 276 424 γὰρ
303 370 365 411 καὶ
389 370 533 421 ἀληθές
558 371 645 411 ἐστι
671 369 733 410 καὶ
754 370 851 421 ὑπὲρ
874 372 952 411 τῶν
976 368 1239 419 ὀμωμοκότων
1264 370 1326 410 καὶ
1350 371 1526 422 γνόντων

202 439 250 478 τὰ
276 438 416 489 εὔορκα
440 441 648 478 δικαστῶν.
708 436 847 477 οὐκοῦν
874 437 916 476 ἐν
939 438 1010 487 μὲν
1029 437 1087 477 οῖς
1113 436 1448 488 εἰσηγγελλόμην,
1470 436 1526 476 ὅτ’
1558 452 1626 488 250

164 521 182 554 5
203 503 511 557 ἀπεψηφίζεσθέ
537 521 610 554 μου
636 504 698 544 καὶ
723 502 767 542 τὸ
792 501 910 555 μέρος
934 507 1011 542 τῶν
1035 501 1186 555 ψήφων
1211 506 1293 544 τοῖς
1317 503 1526 544 διώκουσιν

203 571 247 611 οὐ
270 572 505 622 μετεδίδοτε,
532 569 611 610 τότ’
630 569 882 622 ἐψηφίζεσθε
905 568 1072 621 τᾶριστά
1095 587 1143 620 με
1167 569 1364 622 πράττειν·
1402 571 1444 611 ἐν
1469 571 1527 612 οῖς

203 640 245 679 δὲ
273 639 342 679 τὰς
369 638 525 689 γραφὰς
556 635 798 689 ἀπέφευγον,
821 637 978 687 ’ἔννομα
1008 637 1070 677 καὶ
1099 635 1270 689 γράφειν
1300 637 1362 677 καὶ
1391 636 1526 689 λέγειν

202 704 498 754 ἀπεδεικνύμην·
537 704 579 744 ἐν
599 704 656 745 οἷς
681 704 723 743 δὲ
747 704 817 745 τὰς
842 703 1002 745 εὐθύνας
1021 705 1349 754 ἐπεσημαίνεσθε,
1370 704 1527 746 δικαίως

203 770 266 810 καὶ
299 769 601 823 ἀδωροδοκήτως
635 769 766 810 πάντα
801 771 1032 823 πεπρᾶχθαί
1061 786 1129 822 μοι
1163 774 1525 822 προσωμολογεῖτε.

144 852 182 876 10
201 837 349 878 τούτων
367 837 436 878 οὖν
455 838 576 879 οὕτως
602 837 790 890 ἐχόντων,
812 837 852 877 τί
874 839 1074 889 προσῆκεν
1096 833 1120 887 ἢ
1146 838 1188 877 τί
1207 838 1355 878 δίκαιον
1374 837 1421 888 ἦν
1445 841 1526 879 τοῖς

200 903 264 944 ὑπ’
290 906 384 955 ἐμοῦ
417 903 707 956 πεπραγμένοις
737 903 878 944 θέσθαι
909 903 978 944 τὸν
1005 903 1259 956 Κτησιφῶντ’
1285 905 1428 955 ὅνομα,·
1453 903 1528 958 οὐχ

201 970 221 1010 ὃ
241 970 309 1011 τὸν
328 973 451 1021 δῆμον
467 971 569 1023 ἑώρα
587 970 803 1022 τιθέμενον,
820 971 895 1024 οὐχ
913 969 934 1010 ὃ
952 970 1041 1012 τοὺς
1056 971 1308 1021 ὀμωμοκότας
1322 970 1525 1018 δικαστάς,

201 1037 275 1091 οὐχ
299 1036 320 1077 ὃ
344 1037 415 1087 τὴν
440 1036 630 1087 ἀλήθειαν
655 1039 759 1089 παρὰ
784 1039 882 1077 πᾶσι
907 1041 1178 1088 βεβαιοῦσαν,·

269 1105 362 1151 Ναί,
395 1105 533 1157 φησίν,
565 1105 673 1144 ἀλλὰ
703 1104 748 1144 τὸ
776 1107 843 1144 τοῦ
874 1103 1064 1156 Κεφάλου
1094 1105 1227 1151 καλόν,
1259 1104 1304 1145 τὸ
1335 1105 1526 1156 μηδεμίαν
1558 1121 1622 1157 251

145 1186 182 1219 15
202 1171 361 1223 γραφὴν
388 1174 543 1223 φυγεῖν.
605 1171 666 1211 καὶ
691 1170 737 1221 νὴ
765 1170 833 1212 Δί’
854 1171 1036 1220 εὔδαιμόν
1061 1188 1119 1223 γε.
1178 1172 1285 1212 ἀλλὰ
1308 1173 1350 1212 τί
1369 1174 1527 1222 μᾶλλον

202 1238 223 1277 ὁ
253 1237 446 1279 πολλάκις
479 1239 552 1288 μὲν
577 1238 728 1290 φυγών,
755 1237 1014 1289 μηδεπώποτε
1044 1237 1076 1277 δ’
1103 1237 1355 1291 ἐξελεγχθεὶς
1384 1239 1527 1279 ἀδικῶν
1559 1239 1657 1295 [311]

203 1305 246 1345 ἐν
272 1303 490 1356 ἐγκλήματι
515 1303 679 1357 γίγνοιτ’
705 1303 753 1344 ἂν
778 1305 841 1344 διὰ
866 1308 978 1344 τοῦτο
1008 1306 1183 1351 δικαίως,·
1212 1305 1336 1345 καίτοι
1360 1305 1457 1357 πρός
1482 1322 1527 1357 γε

201 1375 349 1418 τοῦτον,
376 1371 514 1423 ἄνδρες
539 1371 754 1421 Ἀθηναῖοι,
783 1371 844 1411 καὶ
873 1371 916 1411 τὸ
945 1375 1013 1411 τοῦ
1039 1370 1231 1423 Κεφάλου
1256 1371 1377 1412 καλὸν
1403 1373 1528 1413 εἰπεῖν

201 1438 290 1478 ἔστι
320 1454 399 1489 μοι.
471 1437 655 1489 οὐδεμίαν
684 1439 759 1490 γὰρ
792 1437 940 1478 πώποτ’
972 1437 1179 1490 ἐγράψατό
1208 1437 1247 1489 μ’
1281 1437 1361 1478 οὐδ’
1393 1437 1528 1489 ἐδίωξε

143 1520 183 1542 20
202 1503 374 1557 γραφήν,
413 1504 509 1545 ὥσθ’
544 1505 621 1546 ὑπὸ
663 1508 736 1544 σοῦ
777 1504 815 1557 γ’
859 1504 1115 1557 ὡμολόγημαι
1155 1506 1278 1556 μηδὲν
1319 1503 1419 1547 εἶναι
1459 1508 1528 1546 τοῦ

202 1570 394 1624 Κεφάλου
418 1572 562 1626 χείρων
587 1573 764 1622 πολίτης.

269 1639 532 1692 Πανταχόθεν
568 1641 640 1689 μὲν
675 1639 807 1679 τοίνυν
843 1637 891 1679 ἄν
926 1655 985 1681 τις
1021 1640 1096 1680 ἴδοι
1131 1638 1202 1689 τὴν
1238 1638 1527 1691 ἀγνωμοσύνην
1558 1656 1624 1693 252

201 1705 317 1745 αὐτοῦ
348 1705 409 1745 καὶ
439 1705 510 1756 τὴν
539 1707 779 1757 βασκανίαν,
811 1705 885 1759 οὐχ
916 1705 1061 1756 ἥκιστα
1095 1705 1127 1746 δ’
1158 1705 1227 1758 ἀφ’
1257 1707 1312 1747 ὧν
1342 1707 1430 1758 περὶ
1457 1708 1526 1756 τῆς

200 1771 322 1825 τύχης
363 1771 561 1826 διελέχθη.
631 1773 709 1825 ἐγὼ
751 1772 784 1812 δ’
820 1773 923 1814 ὅλως
964 1772 1049 1823 μέν,
1086 1773 1197 1814 ὅστις
1232 1772 1437 1825 ἄνθρωπος
1473 1772 1526 1814 ὢν

143 1854 180 1885 ²5
201 1839 393 1893 ἀνθρώπῳ
418 1839 542 1893 τύχην
567 1839 773 1892 προφέρει,
800 1840 968 1890 ἀνόητον
992 1840 1172 1891 ἡγοῦμαι·
1210 1839 1257 1890 ἣν
1282 1842 1357 1892 γὰρ
1382 1840 1402 1879 ὁ
1425 1839 1523 1891 βέλ-

199 1921 317 1946 τιστα
336 1904 521 1957 πράττειν
540 1907 708 1957 νομίζων
727 1907 790 1947 καὶ
814 1907 979 1959 ἀρίστην
999 1907 1106 1960 ἔχειν
1126 1907 1304 1958 οἰόμενος
1329 1907 1396 1948 οὐκ
1421 1907 1526 1947 οἶδεν

202 1973 236 2012 εἰ
263 1976 375 2023 μενεῖ
401 1973 559 2023 τοιαύτη
589 1972 707 2026 μέχρι
736 1975 804 2024 τῆς
834 1973 1018 2025 ἑσπέρας,
1051 1978 1133 2016 πῶς
1161 1973 1237 2027 χρὴ
1269 1973 1355 2025 περὶ
1384 1973 1525 2023 ταύτης

199 2038 334 2091 λέγειν
353 2036 376 2090 ἢ
403 2043 485 2082 πῶς
510 2040 712 2089 ὀνειδίζειν
731 2039 869 2095 ἑτέρῳ;
907 2040 1040 2091 ἐπειδὴ
1060 2040 1092 2081 δ’
1113 2040 1225 2083 οὗτος
1244 2039 1340 2092 πρὸς
1359 2042 1525 2082 πολλοῖς

243 2158 262 2188 5
287 2148 435 2188 πέμπτον
450 2154 530 2180 ante
546 2148 639 2192 μέρος
656 2149 733 2181 add.
751 2149 840 2189 vulg.
858 2161 864 2180 :
888 2160 953 2182 om.
973 2151 996 2181 S
1010 2150 1046 2181 L¹
1064 2150 1126 2181 soli
1301 2160 1316 2188 7
1343 2148 1526 2190 ἀπέφευγον

202 2192 226 2223 S
239 2192 306 2223 LA
320 2193 375 2224 F¹:
401 2193 568 2234 ἀπέφυγον
584 2193 673 2233 vulg.
855 2204 893 2225 10
917 2196 1076 2236 προσῆκεν
1093 2193 1125 2224 Α
1142 2205 1148 2224 :
1173 2195 1336 2234 προσῆκον
1354 2193 1377 2223 S
1390 2192 1416 2222 L
1433 2193 1520 2232 vulg.

204 2245 240 2275 15
276 2240 390 2278 φυγεῖν
415 2237 441 2267 L
465 2238 552 2276 vulg.
572 2249 578 2267 :
613 2237 745 2278 φεύγειν
770 2237 878 2276 SAQ
1121 2238 1159 2267 16
1190 2238 1301 2277 φυγών
1325 2236 1348 2267 5
1363 2236 1388 2266 L
1411 2236 1525 2275 vulga:

200 2280 329 2321 φεύγων
343 2280 375 2310 Α
511 2282 550 2312 18
575 2282 677 2313 καλὸν
694 2281 770 2312 secl.
793 2281 1009 2313 Herwerden
1151 2291 1192 2311 22
1217 2279 1422 2320 πανταχόθεν
1440 2279 1463 2310 S
1478 2280 1522 2310 L:

200 2324 411 2365 πολλαχόθεν
434 2328 510 2355 cett.
691 2333 731 2363 25
763 2329 929 2358 παντελῶς
953 2329 1030 2355 ante
1056 2323 1193 2361 ἀνόητον
1217 2324 1293 2355 add.
1312 2323 1426 2362 vulg-t
1457 2333 1523 2354 om.

201 2366 226 2397 S
239 2367 265 2397 L
278 2367 303 2397 F
315 2367 355 2398 Β1
488 2369 530 2399 τὰ
546 2373 623 2407 post
644 2370 660 2399 ὁ
681 2369 757 2399 add.
777 2368 803 2398 L
820 2369 907 2407 vulg.
926 2379 932 2399 :
969 2379 1033 2399 om.
1055 2368 1088 2398 S*
1104 2367 1139 2398 F¹
1151 2367 1181 2406 Q
1371 2377 1411 2406 27
1435 2369 1527 2406 μενεῖ

202 2410 297 2441 codd.
317 2422 325 2442 ι
349 2411 489 2451 διαμένει
508 2411 697 2443 Stobaeus:
722 2414 865 2451 διαμενεῖ
881 2412 1083 2450 Rosenberg
