<?xml version="1.0" encoding="UTF-8"?>
<!DOCTYPE html PUBLIC "-//W3C//DTD XHTML 1.0 Transitional//EN"
    "http://www.w3.org/TR/xhtml1/DTD/xhtml1-transitional.dtd">
<html xmlns="http://www.w3.org/1999/xhtml" xml:lang="en" lang="en">
 <head>
  <title>
</title>
<meta http-equiv="Content-Type" content="text/html;charset=utf-8" />
  <meta name='ocr-system' content='tesseract 3.04.00' />
  <meta name='ocr-capabilities' content='ocr_page ocr_carea ocr_par ocr_line ocrx_word'/>
</head>
<body>
  <div class='ocr_page' id='page_1' title='image "./orationesrecogno01demouoft_0318.png"; bbox 0 0 1763 2828; ppageno 0'>
   <div class='ocr_carea' id='block_1_1' title="bbox 79 109 190 163">
    <p class='ocr_par' dir='ltr' id='par_1_1' title="bbox 79 109 190 163">
     <span class='ocr_line' id='line_1_1' title="bbox 79 109 190 163; baseline 0.009 -16"><span class='ocrx_word' id='word_1_1' title='bbox 79 109 190 163; x_wconf 86' lang='lat'><strong>[322]</strong></span> 
     </span>
    </p>
   </div>
   <div class='ocr_carea' id='block_1_2' title="bbox 641 101 1549 157">
    <p class='ocr_par' dir='ltr' id='par_1_2' title="bbox 641 101 1549 157">
     <span class='ocr_line' id='line_1_2' title="bbox 641 101 1549 157; baseline 0.001 -13"><span class='ocrx_word' id='word_1_2' title='bbox 641 105 1129 144; x_wconf 76' lang='grc' dir='ltr'>ΔΗΜΟΣΘΕΝΟΎΣ</span> <span class='ocrx_word' id='word_1_3' title='bbox 1428 101 1549 157; x_wconf 83' lang='lat' dir='ltr'>[xvm</span> 
     </span>
    </p>
   </div>
   <div class='ocr_carea' id='block_1_3' title="bbox 123 207 1551 264">
    <p class='ocr_par' dir='ltr' id='par_1_3' title="bbox 123 207 1551 264">
     <span class='ocr_line' id='line_1_3' title="bbox 123 207 1551 264; baseline -0.001 -11"><span class='ocrx_word' id='word_1_4' title='bbox 123 229 191 264; x_wconf 88' lang='lat'>290</span> <span class='ocrx_word' id='word_1_5' title='bbox 222 212 410 258; x_wconf 84' lang='grc' dir='ltr'>Ἀκούεις,</span> <span class='ocrx_word' id='word_1_6' title='bbox 451 211 638 264; x_wconf 78' lang='grc' dir='ltr'>Αἰσχίνη,</span> <span class='ocrx_word' id='word_1_7' title='bbox 674 207 751 261; x_wconf 85' lang='grc' dir='ltr'>[καὶ</span> <span class='ocrx_word' id='word_1_8' title='bbox 788 211 830 250; x_wconf 87' lang='grc' dir='ltr'>ἐν</span> <span class='ocrx_word' id='word_1_9' title='bbox 868 209 970 264; x_wconf 82' lang='grc' dir='ltr'>αὐτῷ</span> <span class='ocrx_word' id='word_1_10' title='bbox 1008 207 1145 263; x_wconf 31' lang='grc' dir='ltr'>τούτῳζ</span> <span class='ocrx_word' id='word_1_11' title='bbox 1182 211 1328 259; x_wconf 62' lang='grc' dir='ltr'>ίμηδὲν</span> <span class='ocrx_word' id='word_1_12' title='bbox 1365 211 1551 263; x_wconf 80' lang='grc' dir='ltr'>ἁμαρτεῖν</span> 
     </span>
    </p>
   </div>
   <div class='ocr_carea' id='block_1_4' title="bbox 123 563 187 599">
    <p class='ocr_par' dir='ltr' id='par_1_4' title="bbox 123 563 187 599">
     <span class='ocr_line' id='line_1_4' title="bbox 123 563 187 599; baseline 0.016 -11"><span class='ocrx_word' id='word_1_13' title='bbox 123 563 187 599; x_wconf 87' lang='lat'>291</span> 
     </span>
    </p>
   </div>
   <div class='ocr_carea' id='block_1_5' title="bbox 77 750 188 805">
    <p class='ocr_par' dir='ltr' id='par_1_5' title="bbox 77 750 188 805">
     <span class='ocr_line' id='line_1_5' title="bbox 77 750 188 805; baseline -0.009 0"><span class='ocrx_word' id='word_1_14' title='bbox 77 750 188 805; x_wconf 85' lang='lat'><strong>[323]</strong></span> 
     </span>
    </p>
   </div>
   <div class='ocr_carea' id='block_1_6' title="bbox 120 1027 188 1064">
    <p class='ocr_par' dir='ltr' id='par_1_6' title="bbox 120 1027 188 1064">
     <span class='ocr_line' id='line_1_6' title="bbox 120 1027 188 1064; baseline 0 -11"><span class='ocrx_word' id='word_1_15' title='bbox 120 1027 188 1064; x_wconf 87' lang='lat'>292</span> 
     </span>
    </p>
   </div>
   <div class='ocr_carea' id='block_1_7' title="bbox 123 1564 189 1600">
    <p class='ocr_par' dir='ltr' id='par_1_7' title="bbox 123 1564 189 1600">
     <span class='ocr_line' id='line_1_7' title="bbox 123 1564 189 1600; baseline -0.015 0"><span class='ocrx_word' id='word_1_16' title='bbox 123 1564 189 1600; x_wconf 86' lang='lat'>293</span> 
     </span>
    </p>
   </div>
   <div class='ocr_carea' id='block_1_8' title="bbox 121 2029 190 2065">
    <p class='ocr_par' dir='ltr' id='par_1_8' title="bbox 121 2029 190 2065">
     <span class='ocr_line' id='line_1_8' title="bbox 121 2029 190 2065; baseline -0.029 0"><span class='ocrx_word' id='word_1_17' title='bbox 121 2029 190 2065; x_wconf 81' lang='lat'>294</span> 
     </span>
    </p>
   </div>
   <div class='ocr_carea' id='block_1_9' title="bbox 219 275 1555 1998">
    <p class='ocr_par' dir='ltr' id='par_1_9' title="bbox 220 275 1552 532">
     <span class='ocr_line' id='line_1_9' title="bbox 221 275 1552 331; baseline -0.001 -12"><span class='ocrx_word' id='word_1_18' title='bbox 221 280 309 319; x_wconf 86' lang='grc' dir='ltr'>ἐστι</span> <span class='ocrx_word' id='word_1_19' title='bbox 335 281 434 319; x_wconf 86' lang='grc' dir='ltr'>θεῶν</span> <span class='ocrx_word' id='word_1_20' title='bbox 462 279 523 318; x_wconf 81' lang='grc' dir='ltr'>καὶ</span> <span class='ocrx_word' id='word_1_21' title='bbox 549 277 677 318; x_wconf 86' lang='grc' dir='ltr'>πάντα</span> <span class='ocrx_word' id='word_1_22' title='bbox 703 275 956 328; x_wconf 79' lang='grc' dir='ltr'>κατορθοῦν’,·</span> <span class='ocrx_word' id='word_1_23' title='bbox 996 275 1040 316; x_wconf 82' lang='grc' dir='ltr'>οὐ</span> <span class='ocrx_word' id='word_1_24' title='bbox 1067 279 1118 330; x_wconf 80' lang='grc' dir='ltr'>τῷ</span> <span class='ocrx_word' id='word_1_25' title='bbox 1146 275 1363 331; x_wconf 83' lang='grc' dir='ltr'>συμβούλῳ</span> <span class='ocrx_word' id='word_1_26' title='bbox 1389 276 1460 327; x_wconf 80' lang='grc' dir='ltr'>τὴν</span> <span class='ocrx_word' id='word_1_27' title='bbox 1484 281 1552 318; x_wconf 80' lang='grc' dir='ltr'>τοῦ</span> 
     </span>
     <span class='ocr_line' id='line_1_10' title="bbox 222 342 1552 398; baseline -0.001 -12"><span class='ocrx_word' id='word_1_28' title='bbox 222 348 435 398; x_wconf 81' lang='grc' dir='ltr'>κατορθοῦν</span> <span class='ocrx_word' id='word_1_29' title='bbox 459 345 549 387; x_wconf 86' lang='grc' dir='ltr'>τοὺς</span> <span class='ocrx_word' id='word_1_30' title='bbox 579 343 889 396; x_wconf 77' lang='grc' dir='ltr'>ἀγωνιζομένους</span> <span class='ocrx_word' id='word_1_31' title='bbox 919 342 1111 393; x_wconf 81' lang='grc' dir='ltr'>ἀνέθηκεν</span> <span class='ocrx_word' id='word_1_32' title='bbox 1136 343 1312 394; x_wconf 89' lang='grc' dir='ltr'>δύναμιν,</span> <span class='ocrx_word' id='word_1_33' title='bbox 1339 343 1446 384; x_wconf 80' lang='grc' dir='ltr'>ἀλλὰ</span> <span class='ocrx_word' id='word_1_34' title='bbox 1469 348 1552 388; x_wconf 92' lang='grc' dir='ltr'>τοῖς</span> 
     </span>
     <span class='ocr_line' id='line_1_11' title="bbox 222 409 1552 463; baseline -0.001 -10"><span class='ocrx_word' id='word_1_35' title='bbox 222 415 337 455; x_wconf 84' lang='grc' dir='ltr'>θεοῖς.</span> <span class='ocrx_word' id='word_1_36' title='bbox 407 412 447 453; x_wconf 88' lang='grc' dir='ltr'>τί</span> <span class='ocrx_word' id='word_1_37' title='bbox 474 412 554 457; x_wconf 72' lang='grc' dir='ltr'>οὖν,</span> <span class='ocrx_word' id='word_1_38' title='bbox 583 409 612 451; x_wconf 71' lang='grc' dir='ltr'><em>ὦ</em></span> <span class='ocrx_word' id='word_1_39' title='bbox 645 410 838 463; x_wconf 85' lang='grc' dir='ltr'>κατάρατ’,</span> <span class='ocrx_word' id='word_1_40' title='bbox 867 410 952 461; x_wconf 85' lang='grc' dir='ltr'>ἐμοὶ</span> <span class='ocrx_word' id='word_1_41' title='bbox 982 410 1070 461; x_wconf 87' lang='grc' dir='ltr'>περὶ</span> <span class='ocrx_word' id='word_1_42' title='bbox 1101 409 1250 450; x_wconf 88' lang='grc' dir='ltr'>τούτων</span> <span class='ocrx_word' id='word_1_43' title='bbox 1275 412 1461 462; x_wconf 86' lang='grc' dir='ltr'>λοιδορεῖ,</span> <span class='ocrx_word' id='word_1_44' title='bbox 1489 412 1552 452; x_wconf 85' lang='grc' dir='ltr'>καὶ</span> 
     </span>
     <span class='ocr_line' id='line_1_12' title="bbox 220 476 1494 532; baseline -0.002 -12"><span class='ocrx_word' id='word_1_45' title='bbox 220 479 353 532; x_wconf 88' lang='grc' dir='ltr'>λέγεις</span> <span class='ocrx_word' id='word_1_46' title='bbox 379 480 403 520; x_wconf 73' lang='grc' dir='ltr'><strong><em>ἃ</em></strong></span> <span class='ocrx_word' id='word_1_47' title='bbox 428 480 494 519; x_wconf 91' lang='grc' dir='ltr'>σοὶ</span> <span class='ocrx_word' id='word_1_48' title='bbox 520 480 582 519; x_wconf 90' lang='grc' dir='ltr'>καὶ</span> <span class='ocrx_word' id='word_1_49' title='bbox 607 482 687 520; x_wconf 86' lang='grc' dir='ltr'>τοῖς</span> <span class='ocrx_word' id='word_1_50' title='bbox 714 481 800 519; x_wconf 88' lang='grc' dir='ltr'>σοῖς</span> <span class='ocrx_word' id='word_1_51' title='bbox 825 479 861 518; x_wconf 80' lang='grc' dir='ltr'>οἱ</span> <span class='ocrx_word' id='word_1_52' title='bbox 888 477 970 517; x_wconf 86' lang='grc' dir='ltr'>θεοὶ</span> <span class='ocrx_word' id='word_1_53' title='bbox 995 476 1187 529; x_wconf 81' lang='grc' dir='ltr'>τρέψειαν</span> <span class='ocrx_word' id='word_1_54' title='bbox 1213 477 1268 518; x_wconf 84' lang='grc' dir='ltr'>εἷς</span> <span class='ocrx_word' id='word_1_55' title='bbox 1294 476 1494 529; x_wconf 87' lang='grc' dir='ltr'>κεφαλήν,·</span> 
     </span>
    </p>

    <p class='ocr_par' dir='ltr' id='par_1_10' title="bbox 219 543 1555 1998">
     <span class='ocr_line' id='line_1_13' title="bbox 290 543 1549 597; baseline -0.002 -11"><span class='ocrx_word' id='word_1_56' title='bbox 290 548 434 586; x_wconf 85' lang='grc' dir='ltr'>Πολλὰ</span> <span class='ocrx_word' id='word_1_57' title='bbox 466 547 608 591; x_wconf 85' lang='grc' dir='ltr'>τοίνυν,</span> <span class='ocrx_word' id='word_1_58' title='bbox 636 543 665 584; x_wconf 72' lang='grc' dir='ltr'>ὦ</span> <span class='ocrx_word' id='word_1_59' title='bbox 695 544 832 595; x_wconf 80' lang='grc' dir='ltr'>ἄνδρες</span> <span class='ocrx_word' id='word_1_60' title='bbox 858 543 1074 594; x_wconf 86' lang='grc' dir='ltr'>Ἀθηναῖοι,</span> <span class='ocrx_word' id='word_1_61' title='bbox 1106 543 1168 583; x_wconf 82' lang='grc' dir='ltr'>καὶ</span> <span class='ocrx_word' id='word_1_62' title='bbox 1197 543 1303 584; x_wconf 81' lang='grc' dir='ltr'>ἄλλα</span> <span class='ocrx_word' id='word_1_63' title='bbox 1332 560 1549 597; x_wconf 89' lang='grc' dir='ltr'>κατηγορη-</span> 
     </span>
     <span class='ocr_line' id='line_1_14' title="bbox 222 609 1553 663; baseline -0.001 -10"><span class='ocrx_word' id='word_1_64' title='bbox 222 614 335 655; x_wconf 88' lang='grc' dir='ltr'>κότος</span> <span class='ocrx_word' id='word_1_65' title='bbox 364 613 481 652; x_wconf 83' lang='grc' dir='ltr'>αὐτοῦ</span> <span class='ocrx_word' id='word_1_66' title='bbox 512 612 574 651; x_wconf 88' lang='grc' dir='ltr'>καὶ</span> <span class='ocrx_word' id='word_1_67' title='bbox 606 610 941 663; x_wconf 82' lang='grc' dir='ltr'>κατεψευσμένου,</span> <span class='ocrx_word' id='word_1_68' title='bbox 967 609 1131 661; x_wconf 86' lang='grc' dir='ltr'>μάλιστ’</span> <span class='ocrx_word' id='word_1_69' title='bbox 1160 610 1366 661; x_wconf 83' lang='grc' dir='ltr'>ἐθαύμασα</span> <span class='ocrx_word' id='word_1_70' title='bbox 1395 609 1553 652; x_wconf 86' lang='grc' dir='ltr'>πάντων</span> 
     </span>
     <span class='ocr_line' id='line_1_15' title="bbox 220 677 1552 733; baseline -0.002 -13"><span class='ocrx_word' id='word_1_71' title='bbox 220 681 285 720; x_wconf 85' lang='grc' dir='ltr'>ὅτε</span> <span class='ocrx_word' id='word_1_72' title='bbox 314 683 391 719; x_wconf 89' lang='grc' dir='ltr'>τῶν</span> <span class='ocrx_word' id='word_1_73' title='bbox 421 678 739 729; x_wconf 82' lang='grc' dir='ltr'>συμβεβηκότων</span> <span class='ocrx_word' id='word_1_74' title='bbox 764 678 853 718; x_wconf 90' lang='grc' dir='ltr'>τότε</span> <span class='ocrx_word' id='word_1_75' title='bbox 881 678 927 733; x_wconf 78' lang='grc' dir='ltr'>τῇ</span> <span class='ocrx_word' id='word_1_76' title='bbox 954 678 1070 718; x_wconf 88' lang='grc' dir='ltr'>πόλει</span> <span class='ocrx_word' id='word_1_77' title='bbox 1099 677 1290 728; x_wconf 85' lang='grc' dir='ltr'>μνησθεὶς</span> <span class='ocrx_word' id='word_1_78' title='bbox 1322 677 1394 730; x_wconf 81' lang='grc' dir='ltr'>οὐχ</span> <span class='ocrx_word' id='word_1_79' title='bbox 1425 677 1476 719; x_wconf 86' lang='grc' dir='ltr'>ὡς</span> <span class='ocrx_word' id='word_1_80' title='bbox 1505 677 1552 718; x_wconf 82' lang='grc' dir='ltr'>ἂν</span> 
     </span>
     <span class='ocr_line' id='line_1_16' title="bbox 221 743 1550 798; baseline -0.002 -12"><span class='ocrx_word' id='word_1_81' title='bbox 221 747 353 788; x_wconf 81' lang='grc' dir='ltr'>εὔνους</span> <span class='ocrx_word' id='word_1_82' title='bbox 379 745 441 785; x_wconf 87' lang='grc' dir='ltr'>καὶ</span> <span class='ocrx_word' id='word_1_83' title='bbox 467 745 612 786; x_wconf 88' lang='grc' dir='ltr'>δίκαιος</span> <span class='ocrx_word' id='word_1_84' title='bbox 630 745 795 794; x_wconf 84' lang='grc' dir='ltr'>πολίτης</span> <span class='ocrx_word' id='word_1_85' title='bbox 823 744 921 798; x_wconf 88' lang='grc' dir='ltr'>ἔσχε</span> <span class='ocrx_word' id='word_1_86' title='bbox 946 743 1016 794; x_wconf 79' lang='grc' dir='ltr'>τὴν</span> <span class='ocrx_word' id='word_1_87' title='bbox 1035 744 1196 796; x_wconf 83' lang='grc' dir='ltr'>γνώμην</span> <span class='ocrx_word' id='word_1_88' title='bbox 1223 743 1301 784; x_wconf 83' lang='grc' dir='ltr'>οὐδ’</span> <span class='ocrx_word' id='word_1_89' title='bbox 1323 743 1550 796; x_wconf 88' lang='grc' dir='ltr'>ἐδάκρυσεν,</span> 
     </span>
     <span class='ocr_line' id='line_1_17' title="bbox 221 810 1552 866; baseline -0.002 -13"><span class='ocrx_word' id='word_1_90' title='bbox 221 813 299 853; x_wconf 84' lang='grc' dir='ltr'>οὐδ’</span> <span class='ocrx_word' id='word_1_91' title='bbox 320 813 466 853; x_wconf 81' lang='grc' dir='ltr'>ἔπαθεν</span> <span class='ocrx_word' id='word_1_92' title='bbox 490 814 667 851; x_wconf 86' lang='grc' dir='ltr'>τοιοῦτον</span> <span class='ocrx_word' id='word_1_93' title='bbox 691 810 802 851; x_wconf 83' lang='grc' dir='ltr'>οὐδὲν</span> <span class='ocrx_word' id='word_1_94' title='bbox 822 811 868 866; x_wconf 84' lang='grc' dir='ltr'>τῇ</span> <span class='ocrx_word' id='word_1_95' title='bbox 888 811 1015 866; x_wconf 79' lang='grc' dir='ltr'>ψυχῇ,</span> <span class='ocrx_word' id='word_1_96' title='bbox 1037 810 1128 851; x_wconf 84' lang='grc' dir='ltr'>ἀλλ’</span> <span class='ocrx_word' id='word_1_97' title='bbox 1151 810 1297 863; x_wconf 87' lang='grc' dir='ltr'>ἐπάρας</span> <span class='ocrx_word' id='word_1_98' title='bbox 1321 810 1392 860; x_wconf 81' lang='grc' dir='ltr'>τὴν</span> <span class='ocrx_word' id='word_1_99' title='bbox 1414 810 1552 863; x_wconf 83' lang='grc' dir='ltr'>φωνὴν</span> 
     </span>
     <span class='ocr_line' id='line_1_18' title="bbox 221 876 1552 932; baseline -0.002 -12"><span class='ocrx_word' id='word_1_100' title='bbox 221 880 284 920; x_wconf 88' lang='grc' dir='ltr'>καὶ</span> <span class='ocrx_word' id='word_1_101' title='bbox 324 878 502 931; x_wconf 86' lang='grc' dir='ltr'>γεγηθὼς</span> <span class='ocrx_word' id='word_1_102' title='bbox 546 878 607 918; x_wconf 85' lang='grc' dir='ltr'>καὶ</span> <span class='ocrx_word' id='word_1_103' title='bbox 648 877 896 929; x_wconf 81' lang='grc' dir='ltr'>λαρυγγίζων</span> <span class='ocrx_word' id='word_1_104' title='bbox 935 876 1034 932; x_wconf 81' lang='grc' dir='ltr'>ᾤετο</span> <span class='ocrx_word' id='word_1_105' title='bbox 1074 879 1146 928; x_wconf 82' lang='grc' dir='ltr'>μὲν</span> <span class='ocrx_word' id='word_1_106' title='bbox 1187 879 1281 928; x_wconf 82' lang='grc' dir='ltr'>ἐμοῦ</span> <span class='ocrx_word' id='word_1_107' title='bbox 1321 881 1552 929; x_wconf 85' lang='grc' dir='ltr'>κατηγορεῖν</span> 
     </span>
     <span class='ocr_line' id='line_1_19' title="bbox 221 943 1550 997; baseline -0.001 -11"><span class='ocrx_word' id='word_1_108' title='bbox 221 946 417 996; x_wconf 87' lang='grc' dir='ltr'>δηλονότι,</span> <span class='ocrx_word' id='word_1_109' title='bbox 450 947 590 997; x_wconf 89' lang='grc' dir='ltr'>δεῖγμα</span> <span class='ocrx_word' id='word_1_110' title='bbox 621 943 653 985; x_wconf 81' lang='grc' dir='ltr'>δ’</span> <span class='ocrx_word' id='word_1_111' title='bbox 679 943 866 997; x_wconf 84' lang='grc' dir='ltr'>ἐξέφερεν</span> <span class='ocrx_word' id='word_1_112' title='bbox 896 943 981 984; x_wconf 86' lang='grc' dir='ltr'>καθ’</span> <span class='ocrx_word' id='word_1_113' title='bbox 1015 946 1152 985; x_wconf 83' lang='grc' dir='ltr'>ἑαυτοῦ</span> <span class='ocrx_word' id='word_1_114' title='bbox 1184 944 1245 984; x_wconf 87' lang='grc' dir='ltr'>ὅτι</span> <span class='ocrx_word' id='word_1_115' title='bbox 1273 947 1355 985; x_wconf 89' lang='grc' dir='ltr'>τοῖς</span> <span class='ocrx_word' id='word_1_116' title='bbox 1386 961 1550 996; x_wconf 87' lang='grc' dir='ltr'>γεγενη-</span> 
     </span>
     <span class='ocr_line' id='line_1_20' title="bbox 219 1010 1553 1065; baseline -0.001 -12"><span class='ocrx_word' id='word_1_117' title='bbox 219 1013 351 1065; x_wconf 89' lang='grc' dir='ltr'>μένοις</span> <span class='ocrx_word' id='word_1_118' title='bbox 377 1014 551 1064; x_wconf 83' lang='grc' dir='ltr'>ἀνιαροῖς</span> <span class='ocrx_word' id='word_1_119' title='bbox 576 1011 689 1052; x_wconf 80' lang='grc' dir='ltr'>οὐδὲν</span> <span class='ocrx_word' id='word_1_120' title='bbox 715 1012 856 1062; x_wconf 88' lang='grc' dir='ltr'>ὁμοίως</span> <span class='ocrx_word' id='word_1_121' title='bbox 882 1011 980 1064; x_wconf 83' lang='grc' dir='ltr'>ἔσχε</span> <span class='ocrx_word' id='word_1_122' title='bbox 1006 1014 1087 1052; x_wconf 88' lang='grc' dir='ltr'>τοῖς</span> <span class='ocrx_word' id='word_1_123' title='bbox 1113 1010 1267 1052; x_wconf 88' lang='grc' dir='ltr'>ἄλλοις.</span> <span class='ocrx_word' id='word_1_124' title='bbox 1333 1011 1457 1051; x_wconf 88' lang='grc' dir='ltr'>καίτοι</span> <span class='ocrx_word' id='word_1_125' title='bbox 1485 1010 1553 1052; x_wconf 86' lang='grc' dir='ltr'>τὸν</span> 
     </span>
     <span class='ocr_line' id='line_1_21' title="bbox 219 1077 1554 1131; baseline -0.001 -11"><span class='ocrx_word' id='word_1_126' title='bbox 219 1084 297 1120; x_wconf 87' lang='grc' dir='ltr'>τῶν</span> <span class='ocrx_word' id='word_1_127' title='bbox 328 1080 457 1130; x_wconf 89' lang='grc' dir='ltr'>νόμων</span> <span class='ocrx_word' id='word_1_128' title='bbox 490 1078 553 1119; x_wconf 89' lang='grc' dir='ltr'>καὶ</span> <span class='ocrx_word' id='word_1_129' title='bbox 583 1080 651 1128; x_wconf 88' lang='grc' dir='ltr'>τῆς</span> <span class='ocrx_word' id='word_1_130' title='bbox 680 1078 882 1119; x_wconf 83' lang='grc' dir='ltr'>πολιτείας</span> <span class='ocrx_word' id='word_1_131' title='bbox 911 1077 1120 1130; x_wconf 85' lang='grc' dir='ltr'>φάσκοντα</span> <span class='ocrx_word' id='word_1_132' title='bbox 1149 1077 1384 1130; x_wconf 79' lang='grc' dir='ltr'>φροντίζειν,</span> <span class='ocrx_word' id='word_1_133' title='bbox 1419 1078 1554 1131; x_wconf 84' lang='grc' dir='ltr'>ὥσπερ</span> 
     </span>
     <span class='ocr_line' id='line_1_22' title="bbox 220 1144 1555 1198; baseline -0.001 -11"><span class='ocrx_word' id='word_1_134' title='bbox 220 1147 333 1189; x_wconf 76' lang='grc' dir='ltr'>οὗτος</span> <span class='ocrx_word' id='word_1_135' title='bbox 366 1147 462 1192; x_wconf 90' lang='grc' dir='ltr'>νυνί,</span> <span class='ocrx_word' id='word_1_136' title='bbox 500 1145 562 1185; x_wconf 83' lang='grc' dir='ltr'>καὶ</span> <span class='ocrx_word' id='word_1_137' title='bbox 595 1146 628 1185; x_wconf 86' lang='grc' dir='ltr'>εἰ</span> <span class='ocrx_word' id='word_1_138' title='bbox 663 1147 785 1195; x_wconf 80' lang='grc' dir='ltr'>μηδὲν</span> <span class='ocrx_word' id='word_1_139' title='bbox 817 1144 931 1191; x_wconf 85' lang='grc' dir='ltr'>ἄλλο,</span> <span class='ocrx_word' id='word_1_140' title='bbox 966 1144 1083 1184; x_wconf 86' lang='grc' dir='ltr'>τοῦτό</span> <span class='ocrx_word' id='word_1_141' title='bbox 1114 1144 1150 1196; x_wconf 86' lang='grc' dir='ltr'>γ’</span> <span class='ocrx_word' id='word_1_142' title='bbox 1183 1145 1293 1198; x_wconf 84' lang='grc' dir='ltr'>ἔχειν</span> <span class='ocrx_word' id='word_1_143' title='bbox 1327 1147 1397 1190; x_wconf 89' lang='grc' dir='ltr'>δεῖ,</span> <span class='ocrx_word' id='word_1_144' title='bbox 1433 1145 1555 1185; x_wconf 79' lang='grc' dir='ltr'>ταύτὰ</span> 
     </span>
     <span class='ocr_line' id='line_1_23' title="bbox 219 1211 1552 1269; baseline -0.002 -14"><span class='ocrx_word' id='word_1_145' title='bbox 219 1215 433 1255; x_wconf 90' lang='grc' dir='ltr'>λυπεῖσθαι</span> <span class='ocrx_word' id='word_1_146' title='bbox 462 1213 525 1253; x_wconf 87' lang='grc' dir='ltr'>καὶ</span> <span class='ocrx_word' id='word_1_147' title='bbox 554 1211 676 1252; x_wconf 78' lang='grc' dir='ltr'>ταύτὰ</span> <span class='ocrx_word' id='word_1_148' title='bbox 704 1212 856 1265; x_wconf 82' lang='grc' dir='ltr'>χαίρειν</span> <span class='ocrx_word' id='word_1_149' title='bbox 885 1214 968 1253; x_wconf 91' lang='grc' dir='ltr'>τοῖς</span> <span class='ocrx_word' id='word_1_150' title='bbox 998 1215 1176 1257; x_wconf 89' lang='grc' dir='ltr'>πολλοῖς,</span> <span class='ocrx_word' id='word_1_151' title='bbox 1205 1212 1267 1252; x_wconf 87' lang='grc' dir='ltr'>καὶ</span> <span class='ocrx_word' id='word_1_152' title='bbox 1298 1211 1350 1262; x_wconf 80' lang='grc' dir='ltr'>μὴ</span> <span class='ocrx_word' id='word_1_153' title='bbox 1380 1217 1429 1269; x_wconf 83' lang='grc' dir='ltr'>τῇ</span> <span class='ocrx_word' id='word_1_154' title='bbox 1458 1228 1552 1263; x_wconf 89' lang='grc' dir='ltr'>προ-</span> 
     </span>
     <span class='ocr_line' id='line_1_24' title="bbox 220 1277 1554 1333; baseline -0.002 -12"><span class='ocrx_word' id='word_1_155' title='bbox 220 1280 372 1333; x_wconf 87' lang='grc' dir='ltr'>αιρέσει</span> <span class='ocrx_word' id='word_1_156' title='bbox 396 1283 473 1320; x_wconf 91' lang='grc' dir='ltr'>τῶν</span> <span class='ocrx_word' id='word_1_157' title='bbox 494 1282 634 1320; x_wconf 86' lang='grc' dir='ltr'>κοινῶν</span> <span class='ocrx_word' id='word_1_158' title='bbox 654 1279 695 1319; x_wconf 87' lang='grc' dir='ltr'>ἐν</span> <span class='ocrx_word' id='word_1_159' title='bbox 715 1282 766 1332; x_wconf 78' lang='grc' dir='ltr'>τῷ</span> <span class='ocrx_word' id='word_1_160' title='bbox 786 1281 864 1319; x_wconf 89' lang='grc' dir='ltr'>τῶν</span> <span class='ocrx_word' id='word_1_161' title='bbox 884 1279 1074 1318; x_wconf 83' lang='grc' dir='ltr'>ἐναντίων</span> <span class='ocrx_word' id='word_1_162' title='bbox 1092 1277 1201 1330; x_wconf 86' lang='grc' dir='ltr'>μέρει</span> <span class='ocrx_word' id='word_1_163' title='bbox 1222 1277 1423 1332; x_wconf 84' lang='grc' dir='ltr'>τετάχθαι·</span> <span class='ocrx_word' id='word_1_164' title='bbox 1462 1277 1483 1318; x_wconf 82' lang='grc' dir='ltr'><strong>ὃ</strong></span> <span class='ocrx_word' id='word_1_165' title='bbox 1503 1278 1554 1319; x_wconf 89' lang='grc' dir='ltr'>σὺ</span> 
     </span>
     <span class='ocr_line' id='line_1_25' title="bbox 221 1344 1555 1398; baseline -0.001 -10"><span class='ocrx_word' id='word_1_166' title='bbox 221 1347 304 1388; x_wconf 85' lang='grc' dir='ltr'>νυνὶ</span> <span class='ocrx_word' id='word_1_167' title='bbox 325 1347 548 1398; x_wconf 85' lang='grc' dir='ltr'>πεποιηκὼς</span> <span class='ocrx_word' id='word_1_168' title='bbox 574 1346 611 1386; x_wconf 81' lang='grc' dir='ltr'>εῖ</span> <span class='ocrx_word' id='word_1_169' title='bbox 627 1345 812 1398; x_wconf 88' lang='grc' dir='ltr'>φανερός,</span> <span class='ocrx_word' id='word_1_170' title='bbox 835 1346 902 1396; x_wconf 82' lang='grc' dir='ltr'>ἐμὲ</span> <span class='ocrx_word' id='word_1_171' title='bbox 922 1344 1082 1385; x_wconf 85' lang='grc' dir='ltr'>πάντων</span> <span class='ocrx_word' id='word_1_172' title='bbox 1107 1346 1235 1385; x_wconf 87' lang='grc' dir='ltr'>αἵτιον</span> <span class='ocrx_word' id='word_1_173' title='bbox 1261 1346 1324 1386; x_wconf 87' lang='grc' dir='ltr'>καὶ</span> <span class='ocrx_word' id='word_1_174' title='bbox 1351 1345 1399 1386; x_wconf 92' lang='grc' dir='ltr'>δι’</span> <span class='ocrx_word' id='word_1_175' title='bbox 1420 1345 1478 1396; x_wconf 85' lang='grc' dir='ltr'>ἔμ’</span> <span class='ocrx_word' id='word_1_176' title='bbox 1500 1347 1555 1387; x_wconf 88' lang='grc' dir='ltr'>εἷς</span> 
     </span>
     <span class='ocr_line' id='line_1_26' title="bbox 220 1411 1554 1466; baseline -0.001 -11"><span class='ocrx_word' id='word_1_177' title='bbox 220 1414 432 1466; x_wconf 88' lang='grc' dir='ltr'>πράγματα</span> <span class='ocrx_word' id='word_1_178' title='bbox 465 1413 636 1466; x_wconf 89' lang='grc' dir='ltr'>φάσκων</span> <span class='ocrx_word' id='word_1_179' title='bbox 669 1414 860 1463; x_wconf 86' lang='grc' dir='ltr'>ἐμπεσεῖν</span> <span class='ocrx_word' id='word_1_180' title='bbox 888 1411 959 1462; x_wconf 78' lang='grc' dir='ltr'>τὴν</span> <span class='ocrx_word' id='word_1_181' title='bbox 988 1412 1119 1459; x_wconf 90' lang='grc' dir='ltr'>πόλιν,</span> <span class='ocrx_word' id='word_1_182' title='bbox 1152 1412 1220 1452; x_wconf 88' lang='grc' dir='ltr'>οὐκ</span> <span class='ocrx_word' id='word_1_183' title='bbox 1251 1412 1329 1453; x_wconf 85' lang='grc' dir='ltr'>ἀπὸ</span> <span class='ocrx_word' id='word_1_184' title='bbox 1360 1414 1429 1462; x_wconf 89' lang='grc' dir='ltr'>τῆς</span> <span class='ocrx_word' id='word_1_185' title='bbox 1459 1413 1554 1463; x_wconf 83' lang='grc' dir='ltr'>ἐμῆς</span> 
     </span>
     <span class='ocr_line' id='line_1_27' title="bbox 221 1476 1555 1531; baseline -0.003 -9"><span class='ocrx_word' id='word_1_186' title='bbox 221 1481 424 1522; x_wconf 90' lang='grc' dir='ltr'>πολιτείας</span> <span class='ocrx_word' id='word_1_187' title='bbox 456 1480 545 1521; x_wconf 78' lang='grc' dir='ltr'>οὐδὲ</span> <span class='ocrx_word' id='word_1_188' title='bbox 578 1478 844 1531; x_wconf 86' lang='grc' dir='ltr'>προαιρέσεως</span> <span class='ocrx_word' id='word_1_189' title='bbox 878 1476 1108 1529; x_wconf 82' lang='grc' dir='ltr'>ἀρξαμένων</span> <span class='ocrx_word' id='word_1_190' title='bbox 1136 1479 1243 1529; x_wconf 85' lang='grc' dir='ltr'>ὑμῶν</span> <span class='ocrx_word' id='word_1_191' title='bbox 1274 1482 1355 1520; x_wconf 90' lang='grc' dir='ltr'>τοῖς</span> <span class='ocrx_word' id='word_1_192' title='bbox 1373 1477 1555 1529; x_wconf 63' lang='grc' dir='ltr'>“Έλλησι</span> 
     </span>
     <span class='ocr_line' id='line_1_28' title="bbox 220 1544 1554 1599; baseline -0.001 -11"><span class='ocrx_word' id='word_1_193' title='bbox 220 1550 398 1599; x_wconf 83' lang='grc' dir='ltr'>βοηθεῖν,</span> <span class='ocrx_word' id='word_1_194' title='bbox 427 1547 511 1587; x_wconf 82' lang='grc' dir='ltr'>ἐπεὶ</span> <span class='ocrx_word' id='word_1_195' title='bbox 537 1545 662 1598; x_wconf 78' lang='grc' dir='ltr'>ἔμοιγ’</span> <span class='ocrx_word' id='word_1_196' title='bbox 689 1546 722 1586; x_wconf 87' lang='grc' dir='ltr'>εἷ</span> <span class='ocrx_word' id='word_1_197' title='bbox 746 1548 858 1585; x_wconf 82' lang='grc' dir='ltr'>τοῦτο</span> <span class='ocrx_word' id='word_1_198' title='bbox 885 1545 1015 1594; x_wconf 86' lang='grc' dir='ltr'>δοθείη</span> <span class='ocrx_word' id='word_1_199' title='bbox 1042 1544 1132 1597; x_wconf 83' lang='grc' dir='ltr'>παρ’</span> <span class='ocrx_word' id='word_1_200' title='bbox 1157 1547 1277 1596; x_wconf 85' lang='grc' dir='ltr'>ὑμῶν,</span> <span class='ocrx_word' id='word_1_201' title='bbox 1305 1545 1353 1585; x_wconf 83' lang='grc' dir='ltr'>δι’</span> <span class='ocrx_word' id='word_1_202' title='bbox 1379 1544 1437 1596; x_wconf 85' lang='grc' dir='ltr'>ἔμ’</span> <span class='ocrx_word' id='word_1_203' title='bbox 1456 1546 1554 1595; x_wconf 76' lang='grc' dir='ltr'>ὑμᾶς</span> 
     </span>
     <span class='ocr_line' id='line_1_29' title="bbox 220 1610 1554 1670; baseline -0.002 -15"><span class='ocrx_word' id='word_1_204' title='bbox 220 1615 487 1664; x_wconf 84' lang='grc' dir='ltr'>ἠναντιῶσθαι</span> <span class='ocrx_word' id='word_1_205' title='bbox 507 1618 553 1670; x_wconf 84' lang='grc' dir='ltr'>τῇ</span> <span class='ocrx_word' id='word_1_206' title='bbox 574 1613 671 1653; x_wconf 79' lang='grc' dir='ltr'>κατὰ</span> <span class='ocrx_word' id='word_1_207' title='bbox 686 1615 763 1652; x_wconf 86' lang='grc' dir='ltr'>τῶν</span> <span class='ocrx_word' id='word_1_208' title='bbox 780 1610 990 1661; x_wconf 81' lang='grc' dir='ltr'>Ἑλλήνων</span> <span class='ocrx_word' id='word_1_209' title='bbox 1007 1612 1109 1668; x_wconf 83' lang='grc' dir='ltr'>ἇρχῇ</span> <span class='ocrx_word' id='word_1_210' title='bbox 1131 1611 1393 1668; x_wconf 85' lang='grc' dir='ltr'>πραττομένῃ,</span> <span class='ocrx_word' id='word_1_211' title='bbox 1411 1612 1554 1663; x_wconf 78' lang='grc' dir='ltr'>μείζων</span> 
     </span>
     <span class='ocr_line' id='line_1_30' title="bbox 221 1678 1552 1731; baseline -0.003 -10"><span class='ocrx_word' id='word_1_212' title='bbox 221 1681 269 1721; x_wconf 77' lang='grc' dir='ltr'>ἂν</span> <span class='ocrx_word' id='word_1_213' title='bbox 288 1682 418 1731; x_wconf 84' lang='grc' dir='ltr'>δοθείη</span> <span class='ocrx_word' id='word_1_214' title='bbox 439 1681 579 1731; x_wconf 79' lang='grc' dir='ltr'>δωρειὰ</span> <span class='ocrx_word' id='word_1_215' title='bbox 605 1681 828 1730; x_wconf 82' lang='grc' dir='ltr'>συμπασῶν</span> <span class='ocrx_word' id='word_1_216' title='bbox 848 1679 902 1719; x_wconf 80' lang='grc' dir='ltr'>ῶν</span> <span class='ocrx_word' id='word_1_217' title='bbox 928 1681 1010 1721; x_wconf 90' lang='grc' dir='ltr'>τοῖς</span> <span class='ocrx_word' id='word_1_218' title='bbox 1034 1678 1175 1720; x_wconf 83' lang='grc' dir='ltr'>ἄλλοις</span> <span class='ocrx_word' id='word_1_219' title='bbox 1201 1679 1406 1719; x_wconf 87' lang='grc' dir='ltr'>δεδώκατε.</span> <span class='ocrx_word' id='word_1_220' title='bbox 1460 1678 1552 1718; x_wconf 81' lang='grc' dir='ltr'>ἀλλ’</span> 
     </span>
     <span class='ocr_line' id='line_1_31' title="bbox 221 1742 1554 1799; baseline -0.002 -12"><span class='ocrx_word' id='word_1_221' title='bbox 221 1747 301 1787; x_wconf 79' lang='grc' dir='ltr'>οὔτ’</span> <span class='ocrx_word' id='word_1_222' title='bbox 326 1747 374 1788; x_wconf 78' lang='grc' dir='ltr'>ἂν</span> <span class='ocrx_word' id='word_1_223' title='bbox 404 1748 482 1799; x_wconf 85' lang='grc' dir='ltr'>ἐγὼ</span> <span class='ocrx_word' id='word_1_224' title='bbox 511 1749 631 1786; x_wconf 81' lang='grc' dir='ltr'>ταῦτα</span> <span class='ocrx_word' id='word_1_225' title='bbox 657 1744 831 1798; x_wconf 87' lang='grc' dir='ltr'>φήσαιμι</span> <span class='ocrx_word' id='word_1_226' title='bbox 854 1745 1047 1796; x_wconf 83' lang='grc' dir='ltr'>(ἀδικοίην</span> <span class='ocrx_word' id='word_1_227' title='bbox 1072 1747 1146 1798; x_wconf 75' lang='grc' dir='ltr'>γὰρ</span> <span class='ocrx_word' id='word_1_228' title='bbox 1172 1744 1220 1785; x_wconf 77' lang='grc' dir='ltr'>ἂν</span> <span class='ocrx_word' id='word_1_229' title='bbox 1251 1742 1374 1796; x_wconf 77' lang='grc' dir='ltr'>ὑμᾶς),</span> <span class='ocrx_word' id='word_1_230' title='bbox 1402 1743 1480 1785; x_wconf 78' lang='grc' dir='ltr'>οὔτ’</span> <span class='ocrx_word' id='word_1_231' title='bbox 1506 1744 1554 1784; x_wconf 83' lang='grc' dir='ltr'>ἂν</span> 
     </span>
     <span class='ocr_line' id='line_1_32' title="bbox 221 1811 1550 1865; baseline -0.002 -11"><span class='ocrx_word' id='word_1_232' title='bbox 221 1816 331 1865; x_wconf 82' lang='grc' dir='ltr'>ὑμεῖς</span> <span class='ocrx_word' id='word_1_233' title='bbox 364 1814 405 1854; x_wconf 72' lang='grc' dir='ltr'>εὗ</span> <span class='ocrx_word' id='word_1_234' title='bbox 437 1813 510 1854; x_wconf 77' lang='grc' dir='ltr'>οἶδ’</span> <span class='ocrx_word' id='word_1_235' title='bbox 540 1814 599 1853; x_wconf 86' lang='grc' dir='ltr'>ὅτι</span> <span class='ocrx_word' id='word_1_236' title='bbox 633 1811 950 1865; x_wconf 89' lang='grc' dir='ltr'>συγχωρήσαιτε·</span> <span class='ocrx_word' id='word_1_237' title='bbox 989 1812 1103 1854; x_wconf 74' lang='grc' dir='ltr'>οὗτός</span> <span class='ocrx_word' id='word_1_238' title='bbox 1134 1811 1168 1852; x_wconf 83' lang='grc' dir='ltr'>τ’</span> <span class='ocrx_word' id='word_1_239' title='bbox 1199 1813 1232 1852; x_wconf 82' lang='grc' dir='ltr'>εἰ</span> <span class='ocrx_word' id='word_1_240' title='bbox 1265 1811 1379 1852; x_wconf 85' lang='grc' dir='ltr'>δίκαι’</span> <span class='ocrx_word' id='word_1_241' title='bbox 1414 1812 1550 1857; x_wconf 86' lang='grc' dir='ltr'>ἐποίει,</span> 
     </span>
     <span class='ocr_line' id='line_1_33' title="bbox 221 1877 1554 1933; baseline -0.003 -12"><span class='ocrx_word' id='word_1_242' title='bbox 221 1882 290 1921; x_wconf 84' lang='grc' dir='ltr'>οὐκ</span> <span class='ocrx_word' id='word_1_243' title='bbox 315 1881 363 1921; x_wconf 81' lang='grc' dir='ltr'>ἂν</span> <span class='ocrx_word' id='word_1_244' title='bbox 388 1882 518 1921; x_wconf 86' lang='grc' dir='ltr'>εἵνεκα</span> <span class='ocrx_word' id='word_1_245' title='bbox 536 1882 605 1930; x_wconf 85' lang='grc' dir='ltr'>τῆς</span> <span class='ocrx_word' id='word_1_246' title='bbox 623 1879 719 1932; x_wconf 87' lang='grc' dir='ltr'>πρὸς</span> <span class='ocrx_word' id='word_1_247' title='bbox 744 1879 803 1930; x_wconf 83' lang='grc' dir='ltr'>ἔμ’</span> <span class='ocrx_word' id='word_1_248' title='bbox 831 1879 976 1933; x_wconf 85' lang='grc' dir='ltr'>ἔχθρας</span> <span class='ocrx_word' id='word_1_249' title='bbox 996 1880 1044 1919; x_wconf 77' lang='grc' dir='ltr'>τὰ</span> <span class='ocrx_word' id='word_1_250' title='bbox 1069 1878 1241 1931; x_wconf 87' lang='grc' dir='ltr'>μέγιστα</span> <span class='ocrx_word' id='word_1_251' title='bbox 1259 1882 1338 1919; x_wconf 88' lang='grc' dir='ltr'>τῶν</span> <span class='ocrx_word' id='word_1_252' title='bbox 1357 1877 1554 1931; x_wconf 86' lang='grc' dir='ltr'>ὑμετέρων</span> 
     </span>
     <span class='ocr_line' id='line_1_34' title="bbox 223 1945 902 1998; baseline -0.003 -10"><span class='ocrx_word' id='word_1_253' title='bbox 223 1951 354 1988; x_wconf 91' lang='grc' dir='ltr'>καλῶν</span> <span class='ocrx_word' id='word_1_254' title='bbox 379 1948 558 1998; x_wconf 80' lang='grc' dir='ltr'>ἔβλαπτε</span> <span class='ocrx_word' id='word_1_255' title='bbox 584 1946 646 1987; x_wconf 84' lang='grc' dir='ltr'>καὶ</span> <span class='ocrx_word' id='word_1_256' title='bbox 671 1945 902 1997; x_wconf 91' lang='grc' dir='ltr'>διέβαλλεν.</span> 
     </span>
    </p>
   </div>
   <div class='ocr_carea' id='block_1_10' title="bbox 219 2011 1554 2333">
    <p class='ocr_par' dir='ltr' id='par_1_11' title="bbox 219 2011 1554 2333">
     <span class='ocr_line' id='line_1_35' title="bbox 288 2011 1551 2068; baseline -0.002 -14"><span class='ocrx_word' id='word_1_257' title='bbox 288 2014 418 2054; x_wconf 82' lang='grc' dir='ltr'>Ἀλλὰ</span> <span class='ocrx_word' id='word_1_258' title='bbox 447 2014 485 2054; x_wconf 93' lang='grc' dir='ltr'>τί</span> <span class='ocrx_word' id='word_1_259' title='bbox 507 2013 613 2054; x_wconf 81' lang='grc' dir='ltr'>ταῦτ’</span> <span class='ocrx_word' id='word_1_260' title='bbox 640 2015 817 2064; x_wconf 85' lang='grc' dir='ltr'>ἐπιτιμῶ,</span> <span class='ocrx_word' id='word_1_261' title='bbox 846 2016 984 2068; x_wconf 80' lang='grc' dir='ltr'>πολλῷ</span> <span class='ocrx_word' id='word_1_262' title='bbox 1016 2011 1273 2066; x_wconf 86' lang='grc' dir='ltr'>σχετλιώτερ’</span> <span class='ocrx_word' id='word_1_263' title='bbox 1299 2011 1406 2052; x_wconf 82' lang='grc' dir='ltr'>ἄλλα</span> <span class='ocrx_word' id='word_1_264' title='bbox 1437 2027 1551 2062; x_wconf 89' lang='grc' dir='ltr'>κατη-</span> 
     </span>
     <span class='ocr_line' id='line_1_36' title="bbox 268 2120 1553 2163; baseline -0.004 -10"><span class='ocrx_word' id='word_1_265' title='bbox 268 2133 280 2153; x_wconf 93' lang='lat'>1</span> <span class='ocrx_word' id='word_1_266' title='bbox 307 2124 358 2160; x_wconf 73' lang='grc' dir='ltr'>καὶ</span> <span class='ocrx_word' id='word_1_267' title='bbox 378 2125 412 2154; x_wconf 86' lang='grc' dir='ltr'>ἐν</span> <span class='ocrx_word' id='word_1_268' title='bbox 429 2124 513 2163; x_wconf 79' lang='grc' dir='ltr'>αὐτῷ</span> <span class='ocrx_word' id='word_1_269' title='bbox 530 2121 636 2162; x_wconf 82' lang='grc' dir='ltr'>τούτῳ</span> <span class='ocrx_word' id='word_1_270' title='bbox 653 2120 732 2153; x_wconf 81' lang='lat' dir='ltr'><strong>secl.</strong></span> <span class='ocrx_word' id='word_1_271' title='bbox 752 2121 882 2151; x_wconf 81' lang='lat' dir='ltr'><strong>Reiske</strong></span> <span class='ocrx_word' id='word_1_272' title='bbox 899 2126 934 2151; x_wconf 88' lang='lat' dir='ltr'>ut</span> <span class='ocrx_word' id='word_1_273' title='bbox 953 2120 1079 2151; x_wconf 84' lang='lat' dir='ltr'>illatum</span> <span class='ocrx_word' id='word_1_274' title='bbox 1098 2131 1117 2150; x_wconf 81' lang='lat' dir='ltr'>e</span> <span class='ocrx_word' id='word_1_275' title='bbox 1138 2124 1152 2158; x_wconf 63' lang='grc' dir='ltr'><strong>ξ</strong></span> <span class='ocrx_word' id='word_1_276' title='bbox 1172 2121 1236 2159; x_wconf 88' lang='lat'>289</span> <span class='ocrx_word' id='word_1_277' title='bbox 1361 2121 1401 2151; x_wconf 84' lang='grc' dir='ltr'>ὡς</span> <span class='ocrx_word' id='word_1_278' title='bbox 1417 2120 1457 2151; x_wconf 78' lang='grc' dir='ltr'>τὸ</span> <span class='ocrx_word' id='word_1_279' title='bbox 1474 2123 1553 2149; x_wconf 87' lang='lat' dir='ltr'><strong>ante</strong></span> 
     </span>
     <span class='ocr_line' id='line_1_37' title="bbox 219 2164 1554 2206; baseline -0.004 -7"><span class='ocrx_word' id='word_1_280' title='bbox 219 2166 320 2206; x_wconf 83' lang='grc' dir='ltr'>μηδὲν</span> <span class='ocrx_word' id='word_1_281' title='bbox 333 2167 407 2196; x_wconf 83' lang='lat' dir='ltr'>add.</span> <span class='ocrx_word' id='word_1_282' title='bbox 425 2166 450 2196; x_wconf 93' lang='lat' dir='ltr'><strong>L</strong></span> <span class='ocrx_word' id='word_1_283' title='bbox 463 2165 551 2204; x_wconf 84' lang='lat' dir='ltr'><strong>vulg.</strong></span> <span class='ocrx_word' id='word_1_284' title='bbox 566 2176 572 2195; x_wconf 93' lang='lat'>:</span> <span class='ocrx_word' id='word_1_285' title='bbox 596 2175 660 2197; x_wconf 91' lang='lat' dir='ltr'>om.</span> <span class='ocrx_word' id='word_1_286' title='bbox 675 2164 739 2195; x_wconf 88' lang='lat' dir='ltr'>SA</span> <span class='ocrx_word' id='word_1_287' title='bbox 829 2175 848 2194; x_wconf 89' lang='lat'><strong>2</strong></span> <span class='ocrx_word' id='word_1_288' title='bbox 869 2167 940 2196; x_wconf 84' lang='grc' dir='ltr'>θεοῦ</span> <span class='ocrx_word' id='word_1_289' title='bbox 954 2164 1024 2194; x_wconf 86' lang='lat' dir='ltr'>AY</span> <span class='ocrx_word' id='word_1_290' title='bbox 1114 2173 1177 2202; x_wconf 85' lang='lat'>2—3</span> <span class='ocrx_word' id='word_1_291' title='bbox 1202 2165 1237 2195; x_wconf 84' lang='grc' dir='ltr'>οὐ</span> <span class='ocrx_word' id='word_1_292' title='bbox 1251 2166 1295 2203; x_wconf 82' lang='grc' dir='ltr'>τῷ</span> <span class='ocrx_word' id='word_1_293' title='bbox 1308 2186 1315 2192; x_wconf 94' lang='grc'><strong>.</strong></span> <span class='ocrx_word' id='word_1_294' title='bbox 1333 2186 1339 2193; x_wconf 92' lang='grc'><strong>.</strong></span> <span class='ocrx_word' id='word_1_295' title='bbox 1357 2186 1364 2192; x_wconf 91' lang='grc'><em>.</em></span> <span class='ocrx_word' id='word_1_296' title='bbox 1382 2164 1554 2203; x_wconf 81' lang='grc' dir='ltr'>κατορθοῦν</span> 
     </span>
     <span class='ocr_line' id='line_1_38' title="bbox 221 2204 1551 2248; baseline -0.005 -8"><span class='ocrx_word' id='word_1_297' title='bbox 221 2221 287 2241; x_wconf 90' lang='lat' dir='ltr'>om.</span> <span class='ocrx_word' id='word_1_298' title='bbox 308 2209 344 2240; x_wconf 84' lang='lat' dir='ltr'>S¹</span> <span class='ocrx_word' id='word_1_299' title='bbox 457 2220 474 2248; x_wconf 93' lang='lat'>7</span> <span class='ocrx_word' id='word_1_300' title='bbox 501 2209 535 2241; x_wconf 73' lang='grc' dir='ltr'>ἓν</span> <span class='ocrx_word' id='word_1_301' title='bbox 552 2214 630 2239; x_wconf 84' lang='lat' dir='ltr'>ante</span> <span class='ocrx_word' id='word_1_302' title='bbox 647 2208 793 2248; x_wconf 80' lang='grc' dir='ltr'>μάλιστα</span> <span class='ocrx_word' id='word_1_303' title='bbox 811 2208 886 2238; x_wconf 89' lang='lat' dir='ltr'>add.</span> <span class='ocrx_word' id='word_1_304' title='bbox 909 2208 934 2237; x_wconf 94' lang='lat' dir='ltr'><strong>L</strong></span> <span class='ocrx_word' id='word_1_305' title='bbox 952 2207 1041 2246; x_wconf 77' lang='lat' dir='ltr'>vulg.</span> <span class='ocrx_word' id='word_1_306' title='bbox 1059 2219 1065 2237; x_wconf 84' lang='lat' dir='ltr'>z</span> <span class='ocrx_word' id='word_1_307' title='bbox 1089 2217 1152 2237; x_wconf 90' lang='lat' dir='ltr'>om.</span> <span class='ocrx_word' id='word_1_308' title='bbox 1172 2206 1238 2237; x_wconf 90' lang='lat' dir='ltr'>SA</span> <span class='ocrx_word' id='word_1_309' title='bbox 1347 2207 1367 2237; x_wconf 92' lang='lat'>8</span> <span class='ocrx_word' id='word_1_310' title='bbox 1391 2207 1446 2238; x_wconf 81' lang='grc' dir='ltr'>ὅτε</span> <span class='ocrx_word' id='word_1_311' title='bbox 1464 2204 1551 2235; x_wconf 83' lang='lat' dir='ltr'>SA:</span> 
     </span>
     <span class='ocr_line' id='line_1_39' title="bbox 222 2249 1548 2293; baseline -0.005 -8"><span class='ocrx_word' id='word_1_312' title='bbox 222 2255 271 2285; x_wconf 74' lang='grc' dir='ltr'>ὅτι</span> <span class='ocrx_word' id='word_1_313' title='bbox 298 2253 335 2284; x_wconf 82' lang='lat' dir='ltr'>Ll</span> <span class='ocrx_word' id='word_1_314' title='bbox 361 2255 462 2292; x_wconf 69' lang='lat' dir='ltr'><strong>(corr.</strong></span> <span class='ocrx_word' id='word_1_315' title='bbox 490 2253 579 2293; x_wconf 76' lang='lat' dir='ltr'>ead.)</span> <span class='ocrx_word' id='word_1_316' title='bbox 606 2252 694 2291; x_wconf 87' lang='lat' dir='ltr'><strong>vulg.</strong></span> <span class='ocrx_word' id='word_1_317' title='bbox 808 2252 960 2290; x_wconf 82' lang='grc' dir='ltr'>μνησθεὶς</span> <span class='ocrx_word' id='word_1_318' title='bbox 986 2251 1009 2281; x_wconf 92' lang='lat' dir='ltr'>S</span> <span class='ocrx_word' id='word_1_319' title='bbox 1024 2250 1192 2280; x_wconf 89' lang='lat' dir='ltr'>LAFB:</span> <span class='ocrx_word' id='word_1_320' title='bbox 1226 2250 1438 2290; x_wconf 79' lang='grc' dir='ltr'>ἀναμνησθεὶς</span> <span class='ocrx_word' id='word_1_321' title='bbox 1461 2249 1548 2288; x_wconf 84' lang='lat' dir='ltr'>vulg.</span> 
     </span>
     <span class='ocr_line' id='line_1_40' title="bbox 225 2292 1552 2333; baseline -0.003 -7"><span class='ocrx_word' id='word_1_322' title='bbox 225 2307 264 2326; x_wconf 91' lang='lat'>10</span> <span class='ocrx_word' id='word_1_323' title='bbox 294 2299 441 2329; x_wconf 78' lang='grc' dir='ltr'>τοιοῦτον</span> <span class='ocrx_word' id='word_1_324' title='bbox 465 2302 544 2326; x_wconf 82' lang='lat' dir='ltr'>ante</span> <span class='ocrx_word' id='word_1_325' title='bbox 569 2295 662 2327; x_wconf 82' lang='grc' dir='ltr'>οὐδὲν</span> <span class='ocrx_word' id='word_1_326' title='bbox 686 2294 814 2325; x_wconf 85' lang='lat' dir='ltr'>SLA:</span> <span class='ocrx_word' id='word_1_327' title='bbox 846 2299 921 2333; x_wconf 84' lang='lat' dir='ltr'>post</span> <span class='ocrx_word' id='word_1_328' title='bbox 947 2294 1039 2326; x_wconf 84' lang='grc' dir='ltr'>οὐδὲν</span> <span class='ocrx_word' id='word_1_329' title='bbox 1066 2293 1091 2323; x_wconf 90' lang='lat' dir='ltr'>F</span> <span class='ocrx_word' id='word_1_330' title='bbox 1114 2292 1202 2332; x_wconf 88' lang='lat' dir='ltr'>vulg.</span> <span class='ocrx_word' id='word_1_331' title='bbox 1341 2301 1377 2331; x_wconf 87' lang='lat'>15</span> <span class='ocrx_word' id='word_1_332' title='bbox 1409 2293 1447 2324; x_wconf 75' lang='grc' dir='ltr'>τὸ</span> <span class='ocrx_word' id='word_1_333' title='bbox 1471 2296 1552 2322; x_wconf 89' lang='lat' dir='ltr'>ante</span> 
     </span>
    </p>
   </div>
   <div class='ocr_carea' id='block_1_11' title="bbox 221 2335 1552 2420">
    <p class='ocr_par' dir='ltr' id='par_1_12' title="bbox 221 2335 1552 2420">
     <span class='ocr_line' id='line_1_41' title="bbox 221 2335 1552 2377; baseline -0.005 -6"><span class='ocrx_word' id='word_1_334' title='bbox 221 2341 324 2372; x_wconf 80' lang='grc' dir='ltr'>ταύτὰ</span> <span class='ocrx_word' id='word_1_335' title='bbox 340 2341 416 2371; x_wconf 85' lang='lat' dir='ltr'>add.</span> <span class='ocrx_word' id='word_1_336' title='bbox 436 2340 461 2369; x_wconf 94' lang='lat' dir='ltr'><strong>L</strong></span> <span class='ocrx_word' id='word_1_337' title='bbox 479 2339 568 2377; x_wconf 81' lang='lat' dir='ltr'>vulg.</span> <span class='ocrx_word' id='word_1_338' title='bbox 586 2350 592 2369; x_wconf 74' lang='grc' dir='ltr'>ε</span> <span class='ocrx_word' id='word_1_339' title='bbox 618 2348 682 2369; x_wconf 88' lang='lat' dir='ltr'>om.</span> <span class='ocrx_word' id='word_1_340' title='bbox 701 2337 767 2368; x_wconf 89' lang='lat' dir='ltr'>SA</span> <span class='ocrx_word' id='word_1_341' title='bbox 900 2347 936 2366; x_wconf 88' lang='lat'>21</span> <span class='ocrx_word' id='word_1_342' title='bbox 965 2339 1110 2369; x_wconf 83' lang='grc' dir='ltr'>τοσαῦτα</span> <span class='ocrx_word' id='word_1_343' title='bbox 1127 2341 1204 2367; x_wconf 85' lang='lat' dir='ltr'>ante</span> <span class='ocrx_word' id='word_1_344' title='bbox 1223 2335 1261 2368; x_wconf 89' lang='grc' dir='ltr'>δι’</span> <span class='ocrx_word' id='word_1_345' title='bbox 1281 2335 1336 2375; x_wconf 81' lang='grc' dir='ltr'>ἐμὲ</span> <span class='ocrx_word' id='word_1_346' title='bbox 1354 2335 1427 2366; x_wconf 88' lang='lat' dir='ltr'>add.</span> <span class='ocrx_word' id='word_1_347' title='bbox 1449 2335 1552 2374; x_wconf 83' lang='lat' dir='ltr'><strong>vulg.:</strong></span> 
     </span>
     <span class='ocr_line' id='line_1_42' title="bbox 221 2380 871 2420; baseline -0.003 -6"><span class='ocrx_word' id='word_1_348' title='bbox 221 2395 285 2415; x_wconf 86' lang='lat' dir='ltr'>om.</span> <span class='ocrx_word' id='word_1_349' title='bbox 305 2383 329 2414; x_wconf 82' lang='lat' dir='ltr'>S</span> <span class='ocrx_word' id='word_1_350' title='bbox 342 2382 463 2413; x_wconf 80' lang='lat' dir='ltr'>L¹AY</span> <span class='ocrx_word' id='word_1_351' title='bbox 598 2391 638 2420; x_wconf 84' lang='lat'>25</span> <span class='ocrx_word' id='word_1_352' title='bbox 662 2383 704 2413; x_wconf 83' lang='grc' dir='ltr'>τὰ</span> <span class='ocrx_word' id='word_1_353' title='bbox 721 2381 824 2413; x_wconf 75' lang='grc' dir='ltr'>δίκαια</span> <span class='ocrx_word' id='word_1_354' title='bbox 840 2380 871 2410; x_wconf 85' lang='grc' dir='ltr'>Α</span> 
     </span>
    </p>
   </div>
   <div class='ocr_carea' id='block_1_12' title="bbox 1573 495 1590 527">
    <p class='ocr_par' dir='ltr' id='par_1_13' title="bbox 1573 495 1590 527">
     <span class='ocr_line' id='line_1_43' title="bbox 1573 495 1590 527; baseline 0 0"><span class='ocrx_word' id='word_1_355' title='bbox 1573 495 1590 527; x_wconf 90' lang='grc'><strong>5</strong></span> 
     </span>
    </p>
   </div>
   <div class='ocr_carea' id='block_1_13' title="bbox 1577 828 1614 850">
    <p class='ocr_par' dir='ltr' id='par_1_14' title="bbox 1577 828 1614 850">
     <span class='ocr_line' id='line_1_44' title="bbox 1577 828 1614 850; baseline 0.027 -1"><span class='ocrx_word' id='word_1_356' title='bbox 1577 828 1614 850; x_wconf 90' lang='lat'>10</span> 
     </span>
    </p>
   </div>
   <div class='ocr_carea' id='block_1_14' title="bbox 1579 1159 1615 1192">
    <p class='ocr_par' dir='ltr' id='par_1_15' title="bbox 1579 1159 1615 1192">
     <span class='ocr_line' id='line_1_45' title="bbox 1579 1159 1615 1192; baseline 0 0"><span class='ocrx_word' id='word_1_357' title='bbox 1579 1159 1615 1192; x_wconf 78' lang='lat'>15</span> 
     </span>
    </p>
   </div>
   <div class='ocr_carea' id='block_1_15' title="bbox 1577 1492 1616 1514">
    <p class='ocr_par' dir='ltr' id='par_1_16' title="bbox 1577 1492 1616 1514">
     <span class='ocr_line' id='line_1_46' title="bbox 1577 1492 1616 1514; baseline 0 0"><span class='ocrx_word' id='word_1_358' title='bbox 1577 1492 1616 1514; x_wconf 89' lang='lat'>20</span> 
     </span>
    </p>
   </div>
  </div>
 </body>
</html>
