1731 2844
453 130 848 167 ΎΠΟΘΕΣΕΩΝ
898 131 1261 169 ΠΡΟΟΙΜΙΟΝ
1549 132 1609 187 [4]

198 226 385 264 θάλατταν
414 226 512 274 παρὰ
545 226 628 265 τοὺς
660 226 850 278 αἰγιαλοὺς
882 226 1083 275 βαδίζοντα
1117 227 1250 278 λέγειν,
1284 228 1341 264 καὶ
1378 231 1425 278 τῷ
1460 232 1522 277 τῆς

197 280 383 328 θαλάττης
415 280 493 330 ἤχῳ
527 279 783 326 συνεθίζεσθαι
819 281 943 329 φέρειν
975 281 1039 320 τὰς
1072 283 1136 318 τοῦ
1171 281 1286 330 δήμου
1323 283 1520 330 καταβοάς.

195 334 482 383 μνημονεύονται
521 333 550 371 δ’
589 335 699 371 αὐτοῦ
740 334 799 371 καὶ
837 335 997 384 οἰκήσεις
1037 335 1221 386 κατάγειοι
1262 335 1320 372 καὶ
1355 336 1523 385 ξυρήσεις
1552 348 1571 383 7

195 390 377 437 ἀπρεπεῖς,
407 388 463 426 ἵνα
492 387 534 425 δι’
564 388 745 438 αἰσχύνην
772 388 824 437 μὴ
853 388 973 437 προΐοι
1002 391 1066 426 τοῦ
1094 390 1158 437 τῆς
1187 390 1302 429 οἰκίας
1331 389 1522 438 δωματίου,

157 459 175 492 5
197 442 255 479 καὶ
275 444 321 482 ὡς
341 441 421 479 οὐδὲ
441 443 504 483 τὰς
524 442 654 482 νύκτας
674 442 873 490 ἐκάθευδεν,
898 443 998 480 ἀλλὰ
1018 442 1216 480 διεπονεῖτο
1236 444 1326 493 πρὸς
1346 447 1423 491 φῶς
1442 445 1524 494 περὶ

195 496 341 547 λόγους.
402 496 486 534 ὅθεν
506 496 565 534 καὶ
589 496 735 537 Πυθέας
761 497 941 534 σκώπτων
962 497 1035 545 ἔφη
1054 497 1138 537 τοὺς
1158 497 1293 549 λόγους
1312 500 1376 535 τοῦ
1397 502 1523 547 Δημο-

195 550 348 590 σθένους
373 551 518 600 λύχνων
545 551 702 596 ἀπόζειν.
763 551 854 600 πρὸς
879 550 920 588 ὃν
946 552 964 588 ὁ
993 551 1239 600 Δημοσθένης
1268 553 1422 592 ἀστείως
1448 554 1523 602 ἅμα

196 604 256 642 καὶ
275 607 410 653 πικρῶς
430 609 438 623 ‘
453 603 538 642 οἶδ”
560 604 658 643 εἶπεν
679 609 687 624 ‘
701 604 756 642 ὅτι
776 622 821 643 σε
844 608 948 642 λυπῶ
975 605 1113 656 λύχνον
1134 606 1265 643 καίων’
1296 606 1523 655 διεβέβλητο

194 659 266 709 γὰρ
286 659 332 698 ὡς
351 658 570 696 λωποδυτῶν
584 659 722 708 νύκτωρ
742 660 761 696 ὁ
782 659 939 699 Πυθέας.
990 659 1048 696 καὶ
1066 659 1140 708 μὴν
1155 659 1210 697 ὅτι
1230 659 1263 711 γ’
1284 660 1376 709 ὕδωρ
1397 662 1524 710 ἐπετή-

137 726 176 750 10
195 712 273 750 δευε
310 712 436 756 πίνειν,
473 712 514 750 ἵν’
553 715 794 765 ἐγρηγορυῖαν
826 715 976 762 μᾶλλον
1008 715 1213 764 παρέχηται
1251 714 1318 763 τὴν
1351 714 1521 760 διάνοιαν,

194 767 334 804 ἅπασιν
366 768 614 818 ὡμολόγηται.
672 768 957 817 παρειλήφαμεν
988 767 1025 805 δὲ
1061 770 1214 812 κάκεῖνο,
1243 770 1290 808 ὡς
1324 769 1383 806 καὶ
1417 770 1523 817 ξίφος

193 820 274 858 ποτ’
302 823 341 857 ἐκ
370 823 434 869 τῆς
463 823 602 870 ὀροφῆς
631 821 824 870 ἇπήρτησε
855 822 913 858 καὶ
941 823 1134 871 ἱστάμενος
1162 823 1232 860 ὑπὸ
1258 823 1356 861 τοῦτ’
1384 823 1520 876 ἔλεγεν.

194 875 307 912 ἐποίει
331 874 368 912 δὲ
394 878 502 912 τοῦτο
527 874 571 913 δι’
596 876 714 913 αἰτίαν
737 875 918 924 τοιαύτην.
976 879 1013 914 ἐν
1038 879 1087 927 τῷ
1116 878 1239 928 λέγειν
1266 879 1434 927 ἀπρεπῶς
1460 879 1523 916 τὸν

193 928 292 977 ὦμον
311 929 427 967 εἰώθει
448 931 566 967 κινεῖν·
597 930 891 979 ὗπερεκρέμασεν
906 929 968 967 οὖν
982 933 1046 968 τοῦ
1067 931 1166 980 ὤμου
1185 932 1227 969 τὸ
1249 931 1356 979 ξίφος
1377 935 1414 969 ἐν
1432 935 1520 983 χρῷ,

135 995 173 1028 15
195 982 255 1020 καὶ
274 983 366 1020 οὕτω
389 987 438 1035 τῷ
465 983 534 1021 δέει
560 985 625 1032 τῆς
649 986 799 1035 πληγῆς
825 983 987 1033 ἠδυνήθη
1013 987 1212 1036 κατασχεῖν
1233 986 1359 1024 ἑαυτὸν
1380 986 1437 1024 ἐπὶ
1457 989 1522 1024 τοῦ

193 1038 394 1086 πρέποντος
413 1038 617 1088 σχήματος.

246 1091 465 1143 Ἀναγκαῖον
485 1092 522 1129 δὲ
543 1092 796 1144 διηγήσασθαι
821 1092 879 1129 καὶ
903 1092 999 1132 ὅπως
1019 1092 1092 1144 εἶχε
1113 1094 1157 1130 τά
1181 1110 1219 1131 τε
1238 1097 1309 1132 τῶν
1329 1092 1520 1143 Ἑλλήνων
1551 1101 1570 1135 8

194 1145 253 1182 καὶ
289 1148 360 1184 τῶν
397 1145 601 1195 Ἀθηναίων
638 1147 848 1198 πράγματα,
890 1147 943 1184 ὅτ’
983 1147 1041 1184 ἐπὶ
1078 1148 1120 1185 τὸ
1159 1148 1390 1200 δημαγωγεῖν
1427 1149 1520 1197 ἦλθε

194 1200 449 1249 Δημοσθένης.
507 1201 670 1249 Θηβαῖοι
696 1200 1004 1250 Λακεδαιμονίους
1032 1202 1211 1252 ἄρχοντας
1236 1205 1307 1240 τῶν
1330 1201 1521 1252 Ἑλλήνων

134 1268 173 1292 20
193 1253 252 1291 καὶ
279 1254 462 1305 μεγίστην
484 1254 635 1304 δύναμιν
659 1255 807 1305 ἔχοντας
837 1258 874 1293 ἐν
898 1256 1094 1305 Λεύκτροις
1121 1258 1185 1305 τῆς
1214 1257 1389 1297 Βοιωτίας
1417 1259 1519 1308 μάχῃ

192 1308 405 1357 νικήσαντες
442 1309 545 1346 αὐτοὶ
582 1309 772 1358 προῆλθον
806 1310 854 1348 εἷς
894 1311 1014 1359 ἰσχύν,
1051 1309 1109 1347 καὶ
1146 1311 1224 1359 μετ’
1264 1311 1392 1363 ὀλίγον
1430 1313 1520 1361 πρὸς

191 1363 337 1402 Φωκέας
359 1363 525 1412 πόλεμον
544 1363 748 1414 ἐξήνεγκαν.
808 1363 906 1412 ἦσαν
926 1363 955 1401 δῖ
980 1365 1013 1401 οἶ
1039 1366 1175 1405 Φωκεῖς
1199 1365 1300 1405 ἔθνος
1320 1366 1455 1415 ὅμορον
1474 1369 1520 1417 τῇ

192 1417 358 1467 Βοιωτίᾳ,
382 1418 510 1457 πόλεις
536 1418 620 1469 ἕχον
644 1417 707 1455 δύο
736 1417 794 1454 καὶ
820 1418 967 1456 εἴκοσιν.
1025 1418 1123 1456 οὗτοι
1154 1421 1428 1469 καταλαβόντες
1456 1421 1519 1459 τὸν
1549 1417 1607 1472 [5]

190 1473 254 1508 τοῦ
271 1470 413 1509 Πυθίου
428 1472 515 1509 ναὸν
529 1472 693 1521 πλησίον
708 1471 779 1510 ὄντ’
795 1472 998 1521 ἐσύλησαν·
1032 1471 1108 1511 ἀνθ’
1127 1473 1212 1511 ὅτου
1229 1474 1287 1510 καὶ
1308 1475 1341 1511 οἶ
1357 1475 1518 1523 Θηβαῖοι

132 1540 170 1574 25
190 1526 355 1574 πόλεμον
383 1526 580 1577 ἐξήνεγκαν
607 1527 698 1575 πρὸς
727 1526 867 1566 αὐτούς.
927 1528 1132 1576 ἐπολέμουν
1165 1527 1203 1565 δὲ
1238 1528 1296 1565 καὶ
1329 1527 1518 1577 Ἀθηναῖοι

189 1579 252 1617 τὸν
280 1580 517 1630 συμμαχικὸν
546 1580 728 1628 κληθέντα
755 1581 932 1629 πόλεμον·
978 1583 1062 1619 Χῖοι
1096 1582 1167 1633 γὰρ
1203 1582 1261 1619 καὶ
1293 1581 1427 1621 εΡόδιοι
1461 1583 1519 1621 καὶ

191 1633 382 1679 Βυζάντιοι
401 1634 519 1672 πάλαι
538 1633 619 1671 ποτ’
634 1635 732 1674 ὄντες
747 1635 901 1684 ὑπήκοοι
916 1634 1132 1684 Ἀθηναίων,
1146 1637 1228 1674 τότε
1248 1635 1326 1685 μετ’
1341 1638 1519 1686 ἀλλήλων

189 1688 392 1728 συστάντες
419 1688 478 1725 καὶ
504 1689 721 1739 συμμαχίαν
746 1689 1003 1738 ποιησάμενοι,
1028 1690 1118 1739 πρὸς
1144 1690 1274 1730 αὐτοὺς
1301 1692 1516 1740 ἐπολέμουν.

191 1741 250 1778 καὶ
269 1742 361 1780 οὕτω
380 1743 447 1791 μὲν
467 1743 489 1791 ἡ
509 1741 647 1782 Ἑλλὰς
667 1745 715 1783 εἷς
734 1744 863 1780 πολλὰ
885 1744 979 1792 μέρη
1003 1743 1161 1794 διῄρητο,
1185 1743 1390 1793 Ἀθηναίων
1407 1748 1519 1783 πολε-

130 1809 172 1842 30
188 1796 353 1845 μούντων
372 1797 462 1845 πρὸς
481 1797 565 1836 τοὺς
587 1798 869 1846 προειρημένους
897 1798 955 1835 καὶ
978 1799 1155 1847 Θηβαίων
1174 1800 1265 1848 πρὸς
1288 1800 1435 1840 Φωκέας
1459 1800 1517 1837 καὶ

189 1849 483 1899 Λακεδαιμονίων
502 1851 592 1900 πρὸς
612 1852 949 1900 Πελοποννησίους.
994 1854 1085 1890 κατὰ
1105 1852 1143 1890 δὲ
1162 1856 1291 1891 τοῦτον
1310 1854 1374 1891 τὸν
1395 1855 1518 1903 καιρὸν
1546 1867 1569 1902 9

188 1904 375 1944 Φίλιππος
390 1905 410 1942 ὁ
424 1904 606 1954 Ἀμύντου
621 1907 706 1945 παῖς
722 1907 771 1945 εἷς
785 1906 852 1953 τὴν
868 1907 1091 1945 Μακεδόνων
1102 1907 1304 1956 βασιλείαν
1315 1908 1515 1957 παρῆλθεν.

188 1957 350 2008 Ἀμύντᾳ
378 1960 449 2010 γὰρ
469 1961 519 2010 τῷ
542 1959 772 1999 Μακεδονίας
802 1961 960 2008 βασιλεῖ
992 1963 1086 2010 τρεῖς
1120 1962 1287 2013 ἐγένοντο
1319 1962 1445 2002 παῖδες
1479 1963 1519 2008 ἐξ

189 2011 390 2061 Εὐρυδίκης
426 2014 490 2061 τῆς
527 2010 740 2062 Ἰλλυρίδος,
776 2014 1030 2063 Ἀλέξανδρος,
1068 2015 1284 2065 Περδίκκας,
1319 2017 1514 2056 Φίλιππος.

129 2079 168 2110 35
187 2067 324 2103 τούτων
339 2067 359 2103 ὃ
373 2067 440 2115 μὲν
454 2067 713 2116 πρεσβύτατος
727 2067 970 2118 Ἀλέξανδρος
986 2069 1251 2118 δολοφονηθεὶς
1267 2070 1514 2118 ἐτελεύτησεν,

188 2119 208 2156 ὃ
223 2119 260 2156 δὲ
277 2120 480 2169 Περδίκκας
493 2122 585 2170 πρὸς
599 2121 801 2170 Ἰλλυριοὺς
815 2123 1034 2172 μαχόμενος·
1060 2123 1246 2163 Φίλιππος
1262 2122 1291 2161 δ’
1308 2125 1327 2161 ὃ
1342 2125 1517 2164 νεώτατος

188 2173 364 2224 ἐτύγχανε
387 2175 454 2223 μὲν
473 2177 511 2212 ἐν
533 2175 678 2223 Θήβαις
705 2176 902 2225 ὁμηρεύων,
923 2178 970 2217 ὡς
993 2177 1022 2214 δ’
1049 2177 1202 2215 ἐπύθετο
1228 2179 1292 2216 τὸν
1312 2178 1516 2227 Περδίκκου

188 2226 353 2275 θάνατον,
377 2228 586 2274 ὑπεξελθὼν
605 2229 726 2279 λάθρα
751 2229 810 2266 καὶ
837 2230 945 2275 ὀξέως
969 2233 1017 2271 εἷς
1041 2232 1273 2270 Μακεδονίαν
1294 2233 1516 2282 ἀφικόμενος

189 2281 346 2331 κατέσχε
374 2281 441 2330 τὴν
469 2283 597 2333 ἀρχήν.
653 2282 843 2332 Ἀθηναῖοι
872 2284 902 2322 δ’
934 2283 989 2333 ἄρ’
1020 2285 1141 2334 ἕτερόν
1168 2303 1258 2334 τινα,
1290 2287 1416 2337 γένους
1448 2287 1515 2334 μὲν

126 2350 170 2382 40
189 2334 275 2372 ὄντα
302 2337 367 2372 τοῦ
395 2337 610 2384 βασιλικοῦ,
644 2337 793 2388 φυγάδα
822 2337 851 2374 δ’
880 2341 919 2375 ἐκ
949 2339 1189 2383 Μακεδονίας,
1221 2340 1279 2376 ἐπὶ
1313 2341 1515 2388 βασιλείαν

189 2390 348 2438 κατῆγον
366 2391 458 2437 μετὰ
477 2392 623 2427 πολλοῦ
643 2391 809 2439 πλήθους
830 2395 1071 2440 στρατιωτῶν.
1129 2394 1269 2433 τούτοις
1290 2395 1308 2430 ὁ
1328 2394 1513 2432 Φίλιππος

1345 2456 1382 2486 1*
