1763 2828
146 915 213 941 110

142 1518 205 1545 111

140 1989 204 2016 112

88 2106 204 2162 [264]

670 129 1155 168 ΔΗΜΟΣΘΕΝΟΎΣ
1447 127 1568 181 [xvffl

243 230 353 282 ἄξιός
379 232 454 284 εἰμ’
473 234 637 274 ἐπαίνου
659 238 806 288 τυχεῖν,
828 234 889 274 ὅτι
914 233 1041 274 πάντα
1065 235 1113 274 τὰ
1137 237 1296 274 τοιαῦτα
1321 237 1570 292 προῃρούμην

244 299 525 351 πολιτεύματα,
566 301 636 354 ἀφ’
676 302 731 342 ῶν
768 301 849 352 ἅμα
889 300 998 352 δόξαι
1038 302 1100 342 καὶ
1138 302 1245 352 τιμαὶ
1285 302 1348 342 καὶ
1390 303 1570 354 δυνάμεις

245 366 487 418 συνέβαινον
512 370 559 425 τῇ
583 369 711 409 πόλει·
750 368 960 420 βάσκανον
985 371 1026 410 δὲ
1052 369 1113 409 καὶ
1140 368 1279 421 πικρὸν
1300 369 1361 410 καὶ
1381 371 1568 421 κακόηθες

245 433 358 474 οὐδέν
383 435 472 475 ἐστι
498 436 702 487 πολίτευμ’
729 437 836 488 ἐμόν,
865 436 953 477 οὐδὲ
983 436 1181 483 ταπεινόν,
1209 436 1297 478 οὐδὲ
1323 439 1390 487 τῆς
1415 438 1569 479 πόλεως

244 500 419 552 ἀνάξιον.
490 503 608 543 ταύτὸ
645 504 776 544 τοίνυν
815 502 908 554 ἦθος
947 503 1051 557 ἔχων
1088 503 1130 544 ἕν
1166 521 1208 544 τε
1243 507 1324 545 τοῖς
1364 505 1461 544 κατὰ
1498 505 1607 555 τὴν5

244 568 362 609 πόλιν
381 569 643 621 πολιτεύμασι
670 570 732 611 καὶ
758 572 801 611 ἐν
826 574 907 613 τοῖς
924 569 1178 621 Ἑλληνικοῖς
1197 569 1442 623 φανησομαι·
1481 572 1570 613 οὔτε

243 636 317 687 γὰρ
344 636 386 676 ἐν
415 653 461 692 τη
485 637 601 677 πόλει
629 654 700 680 τας
728 639 834 690 παρὰ
865 641 943 679 τῶν
975 638 1183 679 πλουσίων
1213 637 1379 691 χάριτας
1413 641 1570 689 μαλλον

241 698 265 752 ἢ
298 719 346 742 τα
378 706 457 743 τῶν
490 707 653 744 πολλῶν
685 704 800 745 δίκαι’
827 706 1003 756 εἱλόμην,
1030 705 1110 746 οὔτ’
1138 722 1180 746 εν
1209 709 1290 747 τοῖς
1314 704 1568 756 Ελληνικοῖς

242 770 289 809 τὰ
315 770 519 811 Φιλίππου
544 773 648 823 δῶρα
674 772 736 811 καὶ
761 788 832 821 την
862 771 995 822 ξενίαν
1024 771 1217 824 ἠγάπησα
1241 772 1328 813 ἀντὶ
1357 776 1433 813 τῶν
1459 790 1568 830 κοινῃ

242 838 342 876 πᾶσι
367 840 448 878 τοῖς
465 836 648 888 ’Έλλησι
673 838 973 890 συμφερόντων.
1590 855 1629 879 10

308 901 506 955 <Ηγοῦμαι
529 905 661 946 τοίνυν
693 904 836 945 λοιπὸν
871 905 973 946 εἶναί
1002 922 1070 956 μοι
1101 905 1190 957 περὶ
1222 908 1288 945 τοῦ
1324 906 1568 957 κηρύγματος

241 971 366 1010 εἰπεῖν
400 971 461 1011 καὶ
494 975 572 1012 τῶν
607 971 789 1012 εὐθυνῶν·
830 971 874 1012 τὸ
910 973 985 1024 γὰρ
1019 972 1070 1014 ὡς
1106 971 1273 1023 τᾶριστά
1305 972 1339 1012 τ’
1372 972 1567 1025 ἔπραττον

242 1036 304 1077 καὶ
337 1039 400 1078 διὰ
429 1038 577 1081 παντὸς
612 1039 746 1081 εὔνους
781 1039 860 1090 εἰμὶ
894 1040 956 1080 καὶ
990 1039 1187 1091 πρόθυμος
1220 1038 1262 1079 εὖ
1295 1042 1422 1080 ποιεῖν
1454 1041 1565 1091 ὑμᾶς,

240 1105 381 1146 ἱκανῶς
407 1106 449 1145 ἐκ
473 1109 549 1146 τῶν
583 1105 798 1158 εἰρημένων
832 1107 1084 1157 δεδηλῶσθαί
1114 1123 1182 1157 μοι
1213 1106 1370 1156 νομίζω.
1443 1108 1568 1148 καίτοι

238 1172 286 1211 τὰ
304 1170 476 1224 μέγιστά
494 1190 539 1226 γε
558 1177 637 1215 τῶν
656 1172 1002 1224 πεπολιτευμένων
1023 1173 1085 1213 καὶ
1104 1171 1394 1225 πεπραγμένων
1414 1174 1565 1228 ἐμαυτῷ
1589 1190 1625 1223 15

239 1240 484 1291 παραλείπω,
522 1239 822 1292 ὑπολαμβάνων
859 1244 1015 1293 πρῶτον
1055 1241 1128 1291 μὲν
1166 1237 1313 1292 ἐφεξῆς
1351 1239 1441 1282 τοὺς
1477 1240 1567 1292 περὶ

239 1304 356 1346 αὐτοῦ
387 1310 454 1347 τοῦ
486 1308 713 1360 παρανόμου
745 1308 890 1360 λόγους
923 1308 1140 1348 ἀποδοῦναί
1167 1323 1217 1358 με
1249 1309 1342 1354 δεῖν,
1371 1306 1465 1354 εἶτα,
1494 1307 1565 1348 κᾶν

237 1374 360 1423 μηδὲν
379 1375 475 1414 εἵπω
495 1375 583 1427 περὶ
599 1378 676 1416 τῶν
693 1379 847 1416 λοιπῶν
863 1373 1174 1426 πολιτευμάτων,
1194 1374 1336 1426 ὁμοίως
1352 1373 1442 1426 παρ’
1458 1375 1564 1425 ὑμῶν

239 1438 392 1495 ἑκάστῳ
417 1440 461 1481 τὸ
488 1442 666 1484 συνειδὸς
690 1441 882 1495 ὑπάρχειν
905 1459 984 1492 μοι.

305 1509 396 1548 Τῶν
427 1510 499 1559 μὲν
532 1508 600 1549 οὖν
631 1509 778 1561 λόγων,
806 1508 871 1550 οὓς
896 1509 1009 1551 οὗτος
1034 1508 1114 1549 ἄνω
1142 1509 1205 1548 καὶ
1236 1506 1337 1548 κάτω
1371 1510 1563 1548 διακυκῶν
1584 1525 1624 1547 20

237 1572 353 1625 ἔλεγε
372 1574 459 1627 περὶ
479 1578 556 1615 τῶν
576 1574 965 1628 παραγεγραμμένων
985 1576 1126 1626 νόμων,
1150 1574 1239 1615 οὕτε
1263 1576 1317 1625 μὰ
1335 1573 1426 1615 τοὺς
1452 1574 1562 1616 θεοὺς

235 1641 334 1691 ὑμᾶς
368 1640 475 1692 οἶμαι
510 1641 723 1693 μανθάνειν
761 1641 841 1682 οὔτ’
876 1641 991 1684 αὐτὸς
1030 1641 1223 1693 ἐδυνάμην
1261 1645 1438 1681 συνεῖναι
1472 1641 1562 1683 τοὺς

235 1707 424 1750 πολλούς·
473 1710 608 1750 ἁπλῶς
645 1711 686 1749 δὲ
722 1708 793 1759 τὴν
829 1708 948 1760 ὀρθὴν
988 1709 1076 1761 περὶ
1113 1712 1190 1749 τῶν
1227 1708 1386 1748 δικαίων
1428 1707 1558 1748 διαλέ-

236 1773 363 1825 ξομαι.
438 1775 627 1816 τοσούτου
660 1777 735 1828 γὰρ
768 1774 842 1815 δέω
874 1774 1010 1828 λέγειν
1045 1776 1096 1817 ὡς
1129 1775 1199 1815 οὐκ
1234 1774 1307 1826 εἴμ’
1332 1775 1558 1820 ὑπεύθυνος,

235 1840 255 1881 ὃ
280 1845 349 1883 νῦν
374 1842 486 1885 οὗτος
511 1842 704 1894 διέβαλλε
731 1843 792 1883 καὶ
818 1843 1028 1895 διωρίζετο,
1056 1842 1154 1883 ὥσθ’
1180 1841 1335 1882 ἅπαντα
1368 1841 1437 1882 τὸν
1468 1842 1560 1892 βίον
1583 1858 1620 1890 25

234 1909 449 1951 ὑπεύθυνος
479 1909 578 1950 εῖναι
603 1911 785 1963 ὁμολογῶ
818 1911 871 1951 ῶν
897 1907 920 1960 ἢ
948 1909 1197 1964 διακεχείρικ’
1222 1906 1244 1959 ἦ
1278 1910 1562 1960 πεπολίτευμαι

229 1975 326 2028 ’παρ’
353 1977 455 2027 ὑμῖν.
525 1978 579 2017 ῶν
611 1976 746 2029 μέντοι
778 1977 815 2030 γ’
843 1979 884 2017 ἐκ
917 1979 985 2027 τῆς
1021 1978 1120 2019 ἰδίας
1152 1976 1291 2017 οὐσίας
1321 1974 1559 2029 ἐπαγγειλά-

235 2059 352 2093 μενος
388 2043 538 2084 δέδωκα
569 2048 622 2099 τῷ
657 2043 778 2099 δήμῳ,
813 2045 998 2095 οὐδεμίαν
1031 2043 1180 2096 ἡμέραν
1212 2043 1427 2085 ὑπεύθυνος
1461 2042 1565 2083 εἶναί

237 2113 339 2161 φημι
370 2109 538 2162 (ἀκούεις
572 2109 785 2165 Αἰσχίνης)
827 2111 905 2151 οὐδ’
940 2111 1066 2152 ἄλλον
1099 2109 1250 2156 οὐδένα,
1286 2102 1365 2150 οὐδ’
1399 2109 1447 2150 ἂν
1482 2113 1560 2150 τῶν

235 2176 335 2218 ἐννέ’
360 2179 565 2232 ἀρχόντων
590 2196 648 2221 τις
673 2177 727 2220 ὢν
752 2179 865 2235 τύχη.
926 2180 984 2221 τίς
1009 2177 1085 2230 γάρ
1110 2179 1198 2218 ἐστι
1223 2178 1341 2228 νόμος
1365 2176 1562 2227 τοσαύτης
1581 2193 1622 2224 30

279 2299 316 2318 ΩΙ
344 2288 659 2331 παραγεγραμμένων
682 2289 705 2320 S
721 2299 796 2330 γρ..
827 2288 1059 2329 πεπραγμένων
1081 2288 1105 2319 S
1119 2287 1164 2319 L:
1196 2287 1428 2329 γεγραμμένων
1448 2286 1478 2316 Α
1491 2285 1520 2316 O
1535 2286 1560 2315 L

235 2343 338 2371 marg.
519 2344 560 2363 22
595 2335 673 2373 ὑμᾶς
701 2333 785 2371 οἶμαι
809 2331 860 2362 A:
894 2334 970 2371 ὑμᾶς
995 2334 1097 2371 οἴομαι
1123 2331 1171 2362 L:
1203 2332 1287 2370 οἶμαι
1313 2333 1390 2369 ὑμᾶς
1415 2329 1560 2367 SFQO

234 2386 275 2414 23
300 2377 373 2408 ὁδὸν
389 2381 467 2416 post
482 2377 578 2418 ὀρθὴν
593 2377 670 2407 add.
689 2376 804 2414 vulga
829 2380 906 2414 post
923 2376 1050 2407 δικαίων
1063 2375 1093 2405 Y
1108 2375 1132 2405 L
1146 2384 1248 2413 marg.
1338 2384 1378 2412 24
1404 2373 1562 2405 τοσούτου

234 2420 327 2459 vulg.
344 2430 350 2450 :
374 2419 520 2460 τοσούτῳ
538 2420 562 2451 S
576 2419 613 2450 L¹
634 2419 670 2450 F1
684 2419 728 2458 Q,
747 2419 789 2451 cf.
809 2418 842 2448 ix
863 2428 911 2457 17,
930 2418 989 2449 xix
1007 2420 1048 2457 48
