1747 2844
173 158 259 210 X1xj
398 162 538 197 ΠΕΡΙ
587 161 706 198 ΤΗΣ
756 158 1276 196 ΠΑΡΑΠΡΕΣΒΕΙΑΣ
1521 153 1633 209 [424]

172 266 341 305 ἐκείνους
360 264 471 310 ὥσθ’,
493 264 541 304 ἵν’
561 262 751 312 ἀλλήλων
775 262 929 314 ἄρχωσι
951 261 1011 300 καὶ
1032 262 1219 314 Φιλίππῳ
1241 262 1487 313 χαρίζωνται,

171 335 375 383 συγγενεῖς
400 332 525 370 αὑτῶν
551 331 612 369 καὶ
636 330 800 370 πολίτας
829 332 1068 379 μιαιφονεῖν.
1142 327 1204 366 καὶ
1234 326 1313 366 οὐδ’
1342 327 1491 367 ἐνταῦθ’
1523 332 1585 365 261

171 398 349 446 ἕστηκεν,
382 396 472 436 ἀλλ’
499 398 552 438 εἰς
575 395 785 447 Ἀρκαδίαν
818 393 1003 434 εἰσελθὸν
1037 391 1149 432 πάντ’
1179 392 1258 433 ἄνω
1294 393 1355 432 καὶ
1391 393 1491 433 κάτω

170 464 280 504 τάκεῖ
306 463 506 512 πεποίηκε,
534 462 596 502 καὶ
624 465 691 502 νῦν
716 459 918 512 Ἀρκάδων
946 460 1104 505 πολλοί,
1133 461 1333 510 προσῆκον
1363 459 1493 501 αὐτοῖς

132 550 150 581 5
172 529 232 570 ἐπ’
271 530 471 582 ἐλευθερίᾳ
510 527 699 580 μέγιστον
740 530 902 579 φρονεῖν
944 527 1085 577 ὁμοίως
1125 527 1214 576 ὑμῖν
1254 524 1382 576 (μόνοι
1420 528 1492 577 γὰρ

172 594 329 636 πάντων
360 595 597 647 αὐτόχθονες
629 595 736 645 ὑμεῖς
769 595 860 634 ἐστε
894 589 1078 642 κάκεῖνοι)
1110 593 1312 632 Φίλιππον
1346 592 1490 643 θαυμά-
1525 591 1636 645 [425]

172 662 283 711 ζουσι
301 661 364 701 καὶ
387 664 561 713 χαλκοῦν
582 662 719 701 ἱστᾶσι
743 661 805 700 καὶ
826 663 1086 712 στεφανοῦσι,
1109 659 1170 699 καὶ
1190 658 1233 699 τὸ
1252 663 1491 705 τελευταῖον,

171 727 218 768 ἂν
244 729 298 770 εἷς
324 727 641 777 Πελοπόννησον
666 728 717 782 ἴῃ,
744 725 934 779 δέχεσθαι
958 730 1043 768 ταῖς
1068 726 1237 766 πόλεσιν
1263 725 1366 766 εἰσὶν
1392 727 1490 778 ἐψη-

172 793 374 846 φισμένοι.
434 793 556 834 ταύτὰ
574 796 617 835 δὲ
636 792 741 833 ταῦτ’
757 792 943 845 Ἀργεῖοι.
998 796 1119 832 ταῦτα
1137 792 1182 842 νὴ
1200 792 1271 842 τὴν
1290 791 1491 843 Δήμητρα,
1525 802 1591 836 262

113 880 152 903 10
171 861 204 901 εἰ
228 863 289 901 δεῖ
309 860 362 911 μὴ
387 864 536 911 ληρεῖν,
559 859 771 910 εὐλαβείας
796 859 840 899 οὐ
864 862 1002 911 μικρᾶς
1027 862 1162 905 δεῖται,
1185 859 1235 900 ὡς
1260 859 1424 909 βαδίζον
1449 875 1494 910 γε

172 927 298 981 κύκλῳ
333 927 394 967 καὶ
426 925 525 978 δεῦρ’
556 925 761 976 ἐλήλυθεν,
794 924 822 965 ὦ
851 925 988 967 ἄνδοες
1016 925 1231 975 Ἀθηναῖοι,
1262 924 1306 964 τὸ
1339 926 1495 975 νόσημα

170 997 296 1033 τοῦτο.
367 993 440 1035 ἕως
467 993 534 1033 οὖν
559 992 613 1033 ἔτ’
639 994 681 1033 ἐν
706 993 897 1044 ἀσφαλεῖ,
925 991 1158 1043 φυλάξασθε
1190 991 1252 1031 καὶ
1275 992 1365 1033 τοὺς
1389 992 1491 1043 πρώ-

169 1076 260 1101 τους
285 1059 573 1111 εἰσαγαγόντας
604 1059 842 1109 ἀτιμώσατε·
882 1060 914 1099 εἰ
944 1060 985 1099 δὲ
1013 1057 1079 1109 μή,
1108 1057 1285 1099 σκοπεῖθ’
1312 1059 1417 1100 ὅπως
1440 1058 1493 1109 μὴ

169 1125 364 1175 τηνικαῦτ’
390 1125 431 1166 εὖ
463 1124 654 1178 λέγεσθαι
683 1124 787 1175 δόξει
817 1127 865 1165 τὰ
898 1129 965 1165 νῦν
995 1124 1191 1176 εἰρημένα,
1222 1124 1278 1164 ὅτ’
1303 1124 1383 1165 οὐδ’
1409 1126 1430 1164 ὅ
1457 1142 1494 1165 τι

112 1210 148 1243 15
168 1191 245 1244 χρὴ
276 1195 403 1232 ποιεῖν
434 1191 553 1242 ἕξετε.
625 1192 699 1245 οὐχ
729 1191 835 1243 ὁρᾶθ’
867 1192 918 1234 ὡς
947 1190 1120 1243 ἐναργές,
1153 1189 1182 1231 ὦ
1210 1190 1345 1243 ἄνδρες
1375 1190 1492 1241 Ἀθη-
1525 1197 1592 1240 263

169 1261 282 1304 ναῖοι,
334 1259 395 1299 καὶ
447 1260 575 1311 σαφὲς
629 1257 859 1310 παράδειγμ’
908 1260 944 1298 οἱ
990 1258 1234 1309 ταλαίπωροι
1281 1258 1495 1309 γεγόνασιν

169 1323 392 1372 Ὀλύνθιοι;
431 1325 467 1365 οἳ
496 1324 586 1377 παρ’
613 1325 724 1365 οὐδὲν
755 1325 876 1367 οὕτως
907 1324 957 1367 ὡς
986 1324 1029 1365 τὸ
1058 1328 1216 1364 τοιαῦτα
1245 1328 1371 1365 ποιεῖν
1397 1325 1492 1365 ἀπο-

168 1391 350 1431 λώλασιν
370 1393 405 1432 οἱ
426 1392 604 1432 δείλαιοι.
668 1392 798 1445 ἔχοιτε
824 1391 856 1431 δ’
876 1391 924 1432 ἂν
944 1390 1130 1442 ἐξετάσαι
1156 1393 1330 1442 καθαρῶς
1356 1392 1397 1431 ἐκ
1417 1395 1495 1432 τῶν

170 1459 487 1509 συμβεβηκότων
507 1458 650 1500 αὐτοῖς.
714 1459 856 1498 ἐκεῖνοι
879 1457 966 1510 γάρ,
988 1458 1102 1508 ἡνίκα
1126 1460 1199 1508 μὲν
1218 1459 1494 1509 τετρακοσίους

109 1543 148 1565 20
169 1523 310 1567 ἱππέας
340 1524 548 1575 ἐκέκτηντο
578 1526 701 1575 μόνον
729 1525 790 1564 καὶ
819 1525 1043 1575 σύμπαντες
1070 1524 1182 1564 οὐδὲν
1207 1524 1310 1575 ἦσαν
1335 1525 1494 1566 πλείους

167 1593 504 1646 πεντακισχιλίων
523 1591 592 1632 τὸν
614 1592 790 1644 ἀριθμόν,
812 1591 918 1631 οὔπω
938 1590 1168 1631 Χαλκιδέων
1188 1590 1344 1631 πάντων
1371 1592 1425 1632 εἰς
1451 1590 1493 1631 ἓν

167 1659 485 1714 συνῳκισμένων,
518 1659 838 1709 Λακεδαιμονίων
869 1657 930 1698 ἐπ’
962 1657 1102 1699 αὐτοὺς
1135 1658 1331 1698 ἐλθόντων
1361 1663 1493 1714 πολλῇ
1522 1664 1589 1707 264

167 1727 229 1767 καὶ
254 1727 351 1784 πεζῇ
378 1729 439 1767 καὶ
465 1733 625 1783 ναυτικῇ
652 1724 812 1776 δυνάμει
836 1724 936 1775 (ἴστε
963 1726 1037 1776 γὰρ
1063 1723 1186 1773 δήπου
1210 1723 1315 1763 τοῦθ’
1333 1724 1394 1764 ὅτι
1420 1726 1492 1776 γῆς

166 1794 227 1833 καὶ
269 1793 464 1845 θαλάττης
507 1794 631 1847 ἦρχον
673 1794 723 1836 ὡς
766 1793 860 1833 ἔπος
902 1793 1030 1831 εἰπεῖν
1067 1791 1368 1841 Λακεδαιμόνιοι
1408 1790 1490 1830 κατ’

107 1874 143 1906 25
165 1862 336 1903 ἐκείνους
372 1861 461 1903 τοὺς
496 1860 688 1915 χρόνους),
724 1859 815 1901 ἀλλ’
852 1860 955 1910 ὅμως
990 1857 1224 1908 τηλικαύτης
1260 1856 1319 1897 ἐπ’
1352 1856 1490 1899 αὐτοὺς

166 1928 360 1978 ἐλθούσης
400 1928 597 1980 δυνάμεως
635 1929 724 1969 οὔτε
761 1928 831 1978 τὴν
868 1927 988 1966 πόλιν
1027 1925 1115 1965 οὔτε
1151 1923 1340 1976 φρούριον
1378 1923 1490 1964 οὐδὲν

165 1994 392 2041 ἀπώλεσαν,
416 1996 522 2036 ἀλλὰ
548 1996 610 2036 καὶ
634 1996 764 2049 μάχας
783 1995 938 2035 πολλὰς
964 1991 1185 2044 ἐκράτησαν
1205 1990 1267 2030 καὶ
1292 1993 1393 2042 τρεῖς
1411 1994 1490 2031 τῶν

164 2061 429 2115 πολεμάρχων
450 2062 682 2103 ἀπέκτειναν
709 2063 770 2102 καὶ
795 2061 839 2101 τὸ
863 2064 1103 2105 τελευταῖον,
1125 2059 1230 2099 ὅπως
1256 2057 1487 2107 ἐβούλοντο,

163 2128 263 2167 οὕτω
282 2128 351 2169 τὸν
371 2130 545 2180 πόλεμον
566 2129 785 2170 κατέθεντο.
854 2127 987 2177 ἐπειδὴ
1008 2129 1049 2167 δὲ
1069 2128 1301 2177 δωροδοκεῖν
1320 2123 1490 2175 ἤρξαντό
1518 2129 1583 2173 265

102 2207 144 2237 30
161 2209 276 2241 τινες,
300 2195 361 2235 καὶ
381 2195 427 2236 δι’
445 2197 684 2248 ἀβελτερίαν
703 2198 739 2236 οἱ
759 2196 917 2241 πολλοί,
937 2196 1094 2245 μᾶλλον
1115 2194 1156 2233 δὲ
1175 2193 1237 2232 διὰ
1256 2192 1484 2244 δυστυχίαν,

162 2261 320 2303 τούτους
348 2262 604 2315 πιστοτέρους
635 2261 838 2314 ἡγήσαντο
871 2265 949 2301 τῶν
980 2261 1078 2311 ὑπὲρ
1111 2260 1237 2299 αὑτῶν
1269 2259 1482 2311 λεγόντων,
1515 2256 1634 2311 [426]

204 2381 225 2409 9
249 2371 330 2403 εἰσὶν
346 2376 423 2402 ante
441 2372 580 2412 Ἀργεῖοι
597 2372 672 2401 add.
693 2372 716 2402 S
731 2371 755 2402 L
767 2371 797 2402 Y
815 2383 821 2402 z
845 2382 908 2401 om.
929 2370 1017 2407 vulg.
1184 2379 1217 2398 11
1247 2369 1404 2406 ἐλήλυθεν
1422 2369 1445 2399 S
1460 2369 1485 2399 L

163 2424 271 2443 corn:
308 2415 518 2452 εἰσελήλυθεν
546 2415 581 2445 L¹
610 2415 697 2454 vulg.
896 2425 932 2444 12
969 2413 1014 2444 ἔτ’
1042 2412 1085 2444 S:
1122 2411 1198 2444 ἐστὲ
1226 2412 1278 2442 vel
1309 2412 1377 2443 ἔστ’
1404 2417 1482 2443 cett.

161 2466 204 2495 30
228 2457 278 2488 διὰ
295 2457 374 2488 secl.
395 2457 491 2488 Blass
