1763 2828
908 589 951 628 H

685 712 1095 759 ΟΛΤΝΘΙΑΚΟΣ
1143 716 1179 757 Β

820 849 1037 878 Tuom-2212.

316 922 565 971 Προσήκαντο
593 922 661 971 μὲν
686 921 754 970 τὴν
776 923 986 971 πρεσβειαν
1008 925 1079 960 τῶν
1102 921 1307 961 Ὀλυνθίων
1330 924 1365 960 οἳ
1392 921 1593 972 Ἀθηναῖοι,

261 976 321 1014 καὶ
348 976 505 1025 βοηθεῖν
531 978 653 1016 αὐτοῖς
683 977 883 1026 κεκρίκασι·
918 977 1104 1026 μέλλουσι
1131 978 1169 1015 δὲ
1193 978 1277 1026 περὶ
1301 977 1369 1026 τὴν
1393 977 1517 1024 ἔξοδον
1538 979 1597 1016 καὶ

261 1031 420 1069 δεδιόσιν
453 1033 499 1071 ὡς
534 1031 821 1081 δυσπολεμήτου
854 1034 919 1070 τοῦ
953 1032 1154 1076 Φιλίππου,
1189 1032 1385 1081 παρελθὼν
1420 1033 1439 1070 ὁ
1473 1036 1597 1083 Δημο-

260 1085 395 1134 σθένης
410 1088 579 1135 πειρᾶται
597 1086 791 1135 θαρσύνειν
805 1086 870 1124 τὸν
886 1086 1013 1136 δῆμον,
1028 1086 1226 1126 ἐπιδεικνὺς
1241 1088 1287 1126 ὡς
1308 1085 1448 1135 ἀσθενῆ
1467 1089 1513 1126 τὰ
1532 1091 1598 1126 τοῦ

261 1140 474 1180 Μακεδόνος
503 1141 715 1192 πράγματα.
774 1141 833 1178 καὶ
858 1142 930 1192 γὰρ
955 1143 1032 1180 τοῖς
1057 1141 1270 1192 συμμάχοις
1295 1141 1461 1180 ὕποπτον
1487 1143 1598 1180 αὐτὸν
1617 1159 1634 1191 5

261 1193 354 1233 εἶναί
377 1198 475 1243 φησι
503 1195 562 1232 καὶ
589 1196 680 1233 κατὰ
707 1212 773 1243 την
795 1196 930 1233 οἰκείαν
951 1195 1103 1245 δυναμιν
1123 1197 1188 1234 οὐκ
1217 1197 1382 1247 ἰσχυρόν·
1417 1197 1501 1237 τοίς
1526 1198 1598 1249 γὰρ

261 1249 434 1287 Μακεδόι
426 1265 478 1290 ας
499 1249 721 1290 ἀσθενεῖςφ
687 1267 776 1288 ειναι
798 1248 877 1287 καθ’
898 1252 960 1287 ἑαυ
963 1251 1056 1290 rofi-5

155 1382 233 1438 [18]
332 1375 424 1417 Ἐπὶ
451 1380 615 1417 πολλῶν
639 1379 711 1428 μὲν
735 1377 783 1417 ἄν
808 1394 866 1419 τις
897 1378 1005 1422 ἰδεῖν,
1033 1375 1062 1417 ὦ
1088 1377 1225 1429 ἄνδρες
1250 1376 1464 1428 Ἀθηναῖοι,
1493 1380 1600 1419 δοκεῖ

263 1460 329 1494 μοι
348 1443 418 1493 τὴν
435 1445 540 1495 παρὰ
559 1447 636 1484 τῶν
654 1447 753 1484 θεῶν
774 1445 929 1484 εὔνοιαν
945 1445 1122 1496 φανερὰν
1141 1443 1382 1497 γιγνομένην
1397 1450 1446 1501 τῇ
1464 1445 1592 1491 πόλει,

262 1510 337 1563 οὐχ
352 1510 497 1560 ἥκιστα
514 1509 545 1550 δ’
563 1512 606 1551 ἐν
621 1514 703 1552 τοῖς
719 1515 891 1563 παροῦσι
906 1510 1125 1563 πράγμασι·
1160 1511 1205 1552 τὸ
1220 1513 1294 1563 γὰρ
1311 1511 1402 1554 τοὺς
1418 1510 1593 1562 πολεμή-
1620 1530 1658 1554 10

263 1593 408 1618 σοντας
433 1578 623 1632 Φιλίππῳ
650 1580 891 1630 γεγενῆσθαι
921 1578 983 1618 καὶ
1013 1578 1146 1631 χώραν
1172 1579 1315 1636 ὅμορον
1341 1579 1403 1618 καὶ
1433 1578 1596 1629 δύναμίν

261 1660 350 1685 τινα
384 1660 654 1695 κεκτημενους,
687 1645 750 1685 καὶ
778 1644 823 1685 τὸ
855 1661 1047 1697 μεγιστου
1077 1644 1274 1715 ἁπάντων,
1302 1661 1373 1694 την
1401 1646 1499 1697 ὑπὲρ
1528 1648 1597 1685 τοῦ

261 1710 440 1762 πολεμου
472 1712 633 1764 γνώμην
665 1711 850 1762 τοιαύτην
880 1711 1045 1765 ἔχοντας
1077 1707 1180 1752 ὥστε
1212 1713 1282 1754 τὰς
1314 1711 1431 1768 πρὸς
1443 1713 1596 1752 ἐκεῖνον

262 1779 483 1830 διαλλαγὰς
512 1781 667 1830 πρῶτον
696 1780 768 1829 μὲν
797 1779 1003 1835 ἀπίστους,
1032 1777 1116 1819 εἳτα
1140 1781 1209 1829 τῆς
1238 1781 1386 1819 ἑαυτῶν
1411 1763 1596 1831 πατρίδος

261 1845 470 1895 νομίζειν’
452 1844 688 1891 ανάστασιν,
710 1846 892 1899 δαιμονίᾳ
911 1846 988 1886 τινὶ
1008 1846 1069 1886 καὶ
1089 1847 1175 1886 θεία
1194 1844 1448 1886 παντάπασιν
1468 1845 1595 1885 ἔοικεν
1617 1863 1654 1895 15

210 1930 230 1956 2
261 1911 480 1965 εὐεργεσίᾳ.
535 1915 596 1952 δεῖ
612 1913 757 1958 τοίνυν,
776 1910 806 1952 ὦ
825 1911 965 1964 ἄνδρες
980 1912 1196 1963 Ἀθηναῖοι,
1217 1911 1319 1952 τοῦτ’
1335 1911 1408 1962 ἤδη
1429 1914 1595 1952 σκοπεῖν

260 1978 413 2024 αὐτούς,
436 1979 542 2020 ὅπως
560 1978 612 2029 μὴ
632 1980 789 2032 χείρους
813 1980 902 2030 περὶ
927 1979 1027 2030 ἡμᾶς
1052 1978 1192 2021 αὐτοὺς
1213 1978 1312 2019 εἶναι
1332 1977 1497 2029 δόξομεν
1516 1981 1595 2018 τῶν

258 2045 531 2098 ὑπαρχόντων,
550 2045 601 2087 ὡς
621 2045 708 2086 ἔστι
726 2049 805 2086 τῶν
821 2047 1013 2098 αἰσχρῶν,
1030 2049 1188 2096 μᾶλλον
1204 2047 1245 2086 δὲ
1259 2049 1338 2085 τῶν
1354 2046 1591 2098 αἰσχίστων,

258 2110 311 2161 μὴ
336 2113 457 2162 μόνον
483 2112 640 2153 πόλεων
667 2114 729 2153 καὶ
753 2113 886 2153 τόπων
911 2113 966 2152 ὧν
991 2111 1089 2163 ἦμέν
1113 2128 1209 2152 ποτε
1235 2112 1357 2163 κύριοι
1377 2113 1593 2163 φαίνεσθαι

260 2178 525 2229 προϊεμένους,
548 2179 655 2218 ἀλλὰ
681 2178 744 2218 καὶ
763 2182 840 2219 τῶν
859 2178 935 2219 ὑπὸ
954 2180 1023 2228 τῆς
1041 2179 1163 2232 τύχης
1182 2176 1592 2230 παρασκευασθέντων
1614 2195 1655 2218 20

260 2244 479 2297 συμμάχων
506 2245 569 2285 καὶ
594 2249 751 2296 καιρῶν.

302 2364 323 2392 9
352 2353 549 2395 γιγνομένην
575 2353 697 2385 SFB:
728 2352 906 2394 γενομένην
930 2352 1017 2392 vulg.
1202 2363 1241 2383 10
1272 2353 1518 2392 πολεμήσοντας
1543 2353 1590 2385 S:

259 2398 511 2436 πολεμήσαντας
535 2397 624 2435 vulg.
859 2406 895 2435 17
929 2395 1043 2429 αὐτούς
1068 2401 1144 2435 post
1169 2399 1304 2428 σκοπεῖν
1328 2396 1380 2427 vel
1406 2401 1483 2436 post
1508 2397 1590 2437 ἡμᾶς

259 2440 374 2471 delere
392 2441 460 2471 vult
480 2440 614 2470 Dobree
705 2440 836 2480 δόξομεν
855 2439 1010 2470 Bekker:
1037 2439 1176 2480 δόξωμεν
1193 2440 1290 2470 codd.
