1747 2844
278 186 286 194 ,ι

169 141 286 181 Χνωι
481 146 621 182 ΠΕΡι
671 146 792 183 Τογ
841 146 1175 183 ΣΤΕΦΑΝΟΎ
1518 145 1627 199 [277]

166 249 323 289 πόλεσι.
385 250 445 290 καὶ
472 249 693 302 προφάσεις
719 250 906 301 εὐλόγους
931 249 1165 302 εἰλήφεσαν·
1204 246 1226 299 ἦ
1252 251 1325 301 γὰρ
1351 249 1490 291 αὐτοὺς
1525 263 1588 298 152

166 313 369 367 εἰσφέρειν
396 317 456 356 καὶ
486 315 620 366 ξένους
649 315 811 369 τρέφειν
836 316 995 368 ἔφασαν
1020 320 1101 356 δεῖν
1129 316 1189 356 καὶ
1221 316 1377 366 ζημιοῦν
1403 316 1490 357 τοὺς
1522 314 1633 370 [278]

164 382 216 432 μὴ
246 386 367 422 ταῦτα
397 387 617 430 ποιοῦντας,
646 380 668 433 ἢ
694 383 834 424 ’κεῖνον
860 385 1070 435 αἱρεῖσθαι.
1142 384 1182 423 τί
1203 385 1264 423 δεῖ
1285 384 1332 421 τὰ
1358 383 1490 422 πολλὰ

1438 452 1455 459 Α
1481 448 1490 461 3

165 448 318 500 λέγειν;
367 449 480 505 ᾑρέθη
518 451 593 502 γὰρ
630 451 671 490 ἐκ
708 449 856 490 τούτων
899 449 1070 502 ἡγεμών.
1144 449 1205 489 καὶ
1245 450 1343 500 μετὰ
1385 465 1479 489 ταυτ

127 533 143 563 5
166 515 307 557 εὐθέως
341 517 504 567 δύναμιν
537 515 736 566 συλλέξας
770 516 831 556 καὶ
866 517 1074 569 παρελθὼν
1109 516 1159 558 ὡς
1195 516 1258 556 ἐπὶ
1292 515 1363 566 τὴν
1396 518 1487 567 Κιρ-

165 583 290 634 ραίαν,
319 583 513 634 ἐρρῶσθαι
546 582 704 635 φράσας
734 585 868 624 πολλὰ
896 584 1094 636 Κιρραίοις
1127 582 1188 623 καὶ
1214 585 1391 634 Λοκροῖς,
1419 582 1490 633 τὴν

164 647 375 689 Ἐλάτειαν
395 648 703 700 καταλαμβάνει.
759 651 792 691 εἰ
811 652 881 700 μὲν
902 651 969 691 οὖν
988 650 1040 701 μὴ
1060 649 1315 702 μετέγνωσαν
1335 648 1488 695 εὐθέως,
1526 663 1588 699 153

164 714 214 756 ὡς
244 715 348 755 τοῦτ’
373 714 489 762 εἶδον,
517 717 553 756 οἱ
580 718 759 767 Θηβαῖοι
790 717 852 757 καὶ
876 716 960 767 μεθ’
987 716 1095 767 ἡμῶν
1127 715 1323 768 ἐγένοντο,
1355 716 1490 767 ὥσπερ

162 780 396 835 χειμάρρους
419 780 469 822 ἂν
486 782 591 823 ἅπαν
610 786 723 823 τοῦτο
749 783 792 823 τὸ
817 783 962 836 πρᾶγμ’
985 785 1038 825 εἰς
1063 783 1132 833 τὴν
1152 784 1270 823 πόλιν
1290 781 1488 823 εἰσέπεσε·

107 864 144 887 ιο
161 852 229 888 νῦν
265 850 306 889 δὲ
341 849 388 888 τό
423 847 459 900 γ’
493 848 682 902 ἐξαίφνης
720 849 896 904 ἐπέσχον
937 851 1090 896 ἐκεῖνοι,
1128 849 1303 900 μάλιστα
1337 849 1421 900 μέν,
1461 847 1489 888 ὦ

110 910 113 911 ⁷
162 914 299 967 ἄνδρες
324 913 539 966 Ἀθηναῖοι,
569 918 667 956 θεῶν
692 916 797 959 τινὸς
828 917 958 971 εὐνοίᾳ
989 916 1084 968 πρὸς
1109 918 1218 967 ὑμᾶς,
1247 916 1330 956 εἶτα
1354 915 1490 966 μέντοι

164 981 226 1021 καὶ
259 982 358 1022 ὅσον
393 981 477 1022 καθ’
503 982 556 1023 ἕν’
583 982 715 1035 ἄνδρα,
746 985 807 1024 καὶ
841 983 890 1024 δι’
921 983 1001 1034 ἐμέ.
1073 982 1137 1025 δὸς
1170 982 1212 1023 δέ
1244 999 1309 1033 μοι
1342 984 1389 1023 τὰ
1422 983 1485 1022 δό-

164 1063 294 1099 γματα
317 1052 438 1088 ταῦτα
463 1049 526 1089 καὶ
549 1050 639 1091 τοὺς
665 1050 829 1104 χρόνους
856 1052 899 1091 ἐν
924 1051 982 1092 οἷς
1008 1050 1154 1090 ἕκαστα
1180 1048 1409 1101 πέπρακται,
1438 1048 1487 1089 ἵν’

163 1114 283 1164 εἰδῆθ’
309 1114 426 1165 ἡλίκα
450 1115 690 1168 πράγμαθ’ἡ
716 1119 834 1169 μιαρὰ
861 1116 1015 1169 κεφαλὴ
1042 1114 1232 1167 ταράξασ’
1257 1116 1351 1166 αὕτη
1378 1117 1488 1166 δίκην

105 1194 140 1225 15
161 1179 229 1221 οὐκ
255 1181 386 1222 ἔδωκε.
457 1182 552 1234 λέγε
575 1200 639 1233 μοι
664 1185 712 1223 τὰ
737 1184 923 1236 δόγματα.
1522 1192 1587 1229 154

584 1314 725 1341 ΔΟΓΜΑ
757 1314 1063 1341 ΑΜΦΙΚΤὙΟΝΩΝ.

215 1371 313 1424 '[sz
334 1374 452 1423 ἱερέως
474 1376 738 1427 Κλειναγόρου,
757 1377 898 1423 ἐαρινῆς
919 1376 1085 1421 πυλαίας,
1111 1375 1210 1421 ἔδοξε
1230 1377 1304 1415 τοῖς
1325 1375 1490 1426 πυλαγό-

161 1444 237 1475 ροις
272 1428 331 1465 καὶ
364 1430 439 1469 τοῖς
474 1430 660 1479 συνέδροις
693 1433 763 1467 τῶν
793 1428 1074 1479 Ἀμφικτυόνων
1105 1429 1163 1466 καὶ
1196 1432 1245 1480 τῷ
1281 1433 1385 1480 κοινῷ
1418 1432 1490 1467 τῶν

161 1479 451 1530 Ἀμφικτυόνων,
483 1484 607 1532 ἐπειδὴ
642 1482 869 1533 Ἀμφισσεῖς
906 1484 1163 1532 ἐπιβαίνουσιν
1197 1484 1254 1520 ἐπὶ
1292 1484 1359 1532 τὴν
1393 1484 1490 1532 ἱερὰν

103 1553 142 1574 20
159 1536 283 1586 χώραν
317 1538 376 1575 καὶ
409 1539 606 1587 σπείρουσι
645 1538 704 1576 καὶ
740 1539 965 1588 βοσκήμασι
1008 1539 1285 1588 κατανέμουσιν,
1322 1537 1490 1575 ἐπελθεῖν

159 1590 243 1630 τοὺς
280 1593 513 1643 πυλαγόρους
554 1593 612 1630 καὶ
649 1593 732 1633 τοὺς
770 1593 964 1643 συνέδρους
1005 1593 1063 1629 καὶ
1102 1593 1258 1642 στήλαις
1297 1592 1490 1641 διαλαβεῖν

160 1644 243 1685 τοὺς
285 1646 401 1695 ὅρους,
443 1646 501 1684 καὶ
543 1648 709 1685 ἀπειπεῖν
746 1650 821 1688 τοῖς
858 1646 1119 1697 Ἀμφισσεῦσι
1157 1649 1221 1685 τοῦ
1263 1649 1395 1684 λοιποῦ
1437 1647 1489 1696 μὴ

160 1700 387 1752 ἐπιβαίνειν]

652 1794 807 1821 ΕΤΕΡΟΝ
840 1794 990 1821 ΔΟΓΜΑ.

102 1869 115 1889 2
122 1868 139 1899 5
215 1851 313 1900 {Tm}
334 1855 452 1904 ἱερέως
473 1857 738 1908 Κλειναγόρου,
761 1859 902 1906 ἐαρινῆς
921 1857 1090 1902 πυλαίας,
1114 1855 1213 1902 ἔδοξε
1233 1856 1307 1895 τοῖς
1327 1856 1487 1907 πυλαγό-
1523 1874 1584 1909 155

159 1925 235 1957 ροις
270 1908 329 1946 καὶ
358 1911 434 1949 τοῖς
467 1910 653 1960 συνέδροις
682 1914 753 1949 τῶν
786 1910 1066 1961 Ἀμφικτυόνων
1102 1911 1161 1949 καὶ
1194 1913 1243 1961 τῷ
1278 1913 1383 1961 κοινῷ
1416 1913 1488 1948 τῶν
1519 1909 1631 1965 [279]

160 1961 450 2012 Ἀμφικτυόνων,
466 1964 588 2013 ἐπειδὴ
605 1966 639 2003 οἱ
655 1966 695 2011 ἐξ
707 1964 928 2015 Ἀμφίσσης
943 1967 1009 2015 τὴν
1025 1967 1123 2016 ἱερὰν
1137 1965 1261 2017 χώραν
1277 1965 1488 2013 κατανειμά-

159 2033 262 2065 μενοι
288 2021 494 2069 γεωργοῦσι
521 2019 580 2056 καὶ
603 2020 831 2069 βοσκήματα
858 2022 1020 2070 νέμουσι,
1044 2021 1103 2059 καὶ
1130 2020 1353 2069 κωλυόμενοι
1379 2021 1487 2057 τοῦτο

160 2073 276 2109 ποιεῖν
310 2075 347 2110 ἐν
380 2075 456 2112 τοῖς
489 2072 620 2114 ὅπλοις
651 2075 941 2124 παραγενόμενοι
975 2076 1016 2113 τὸ
1050 2076 1169 2114 κοινὸν
1198 2077 1269 2112 τῶν
1297 2072 1488 2122 Ἑλλήνων

100 2138 141 2169 30
160 2125 349 2175 συνέδριον
378 2127 607 2166 κεκωλύκασι
635 2130 729 2177 μετὰ
756 2130 854 2177 βίας,
882 2131 980 2170 τινὰς
1010 2130 1048 2168 δὲ
1078 2130 1136 2168 καὶ
1165 2128 1485 2178 τετραυματίκασι,

159 2176 243 2231 [Kal]
267 2181 331 2218 τὸν
356 2182 567 2233 στρατηγὸν
591 2183 655 2221 τὸν
678 2181 860 2233 ᾑρημένον
884 2187 956 2222 τῶν
979 2183 1258 2233 Ἀμφικτυόνων
1287 2183 1487 2230 Κόττυφον

206 2292 244 2314 10
267 2283 307 2316 τό
322 2284 354 2325 γ’
373 2284 397 2315 S
414 2285 438 2315 L
454 2285 488 2315 F¹
503 2286 552 2324 Q:
578 2285 678 2318 τοῦτο’
692 2286 725 2327 γ’
742 2286 773 2316 Α
790 2298 796 2317 :
820 2287 896 2319 τότε
915 2287 942 2318 Β
957 2287 987 2318 Y
1002 2298 1008 2317 ε
1033 2287 1110 2319 τότε
1127 2287 1160 2327 γ’
1179 2287 1266 2326 vulg.
1388 2288 1485 2318 αὐτὸν

159 2331 235 2365 post
264 2327 406 2368 ἐπέσχον
432 2329 508 2360 add.
536 2329 601 2360 SL
626 2330 737 2369 vulg:
768 2341 832 2361 om.
858 2331 1012 2369 AFBQ
1192 2332 1229 2361 18
1262 2332 1312 2363 καὶ
1337 2334 1381 2371 τῷ
1406 2354 1413 2361 .
1442 2354 1447 2360 .
1476 2354 1481 2360 .

159 2369 400 2411 Ἀμφικτυόνων
430 2383 496 2402 om.
526 2372 590 2403 SL
621 2373 662 2403 al.
840 2385 881 2404 22
920 2376 1007 2415 ὅρους
1040 2375 1063 2404 S
1081 2373 1213 2405 LFO:
1252 2375 1361 2415 ὅρκους
1394 2374 1484 2412 vulg.

160 2423 197 2451 31
233 2415 283 2445 καὶ
307 2420 385 2445 ante
410 2417 467 2447 τὸν
492 2416 572 2446 secl.
600 2416 640 2447 G.
669 2416 712 2447 H.
742 2417 905 2448 Schaefer
