1763 2828
40 128 151 183 [222]
607 126 1092 167 ΔΙ-ΙΜΟΣΘΕΝΟΎΣ
1388 122 1507 173 {xvm

184 245 244 265 ιοι
251 246 262 267 ς
281 228 369 270 εἶναι
383 246 466 270 τοις
483 228 542 267 ἐπὶ
557 245 605 267 τω
623 227 857 278 Δημοσθένει
873 225 1024 275 ψευδεῖς·
1057 225 1108 275 μὴ
1129 226 1201 277 γὰρ
1216 226 1508 264 πεπολιτεῦσθαι

183 287 302 323 καλως
327 285 390 322 τὸν
410 285 558 333 ῥήτορα,
581 285 684 321 ἀλλὰ
710 282 767 320 καὶ
794 281 998 331 δωροδόκον
1019 279 1109 318 εἶναι
1135 280 1195 318 καὶ
1218 281 1370 318 πολλῶν
1391 283 1509 318 κακῶν

181 338 297 375 αἴτιον
318 341 364 389 τῇ
389 339 510 376 πόλει.
568 339 627 376 καὶ
653 338 753 383 τάξει
780 354 821 388 γε
847 337 962 386 ταιῗτῃ
989 337 1054 383 τῆς
1083 351 1303 386 κατηγοριας
1328 335 1509 384 Αἶσχινης

183 393 367 443 κέχρηται
384 396 528 442 πρῶτον
549 394 658 430 εἷπων
678 392 761 441 περὶ
780 394 845 429 τοῦ
865 393 936 428 τῶν
956 390 1096 428 υπευθι
1090 407 1167 427 νων
1182 389 1296 438 νόμου
1317 389 1376 426 καὶ
1396 388 1509 426 δεύτε-

181 464 246 495 ρον
274 464 356 496 περι
389 450 454 485 τοῦ
487 450 558 485 τῶν
588 447 830 498 κηρυγμάτων
862 445 920 482 καὶ
955 462 1077 494 τριτον
1106 443 1189 493 περὶ
1217 445 1282 491 τῆς
1310 443 1508 483 πολιτείας·
1530 456 1548 488 5

183 501 318 550 ἠξίωσε
349 502 386 539 δὲ
419 502 478 539 καὶ
508 519 572 539 τον
603 501 851 551 Δημοσθενην
881 517 948 548 την
981 499 1095 547 ω”τὴν
1128 499 1231 544 τάξιν
1265 497 1509 547 ποιήσασθαι.

130 559 202 593 6ο
234 556 270 593 δὲ
301 557 420 605 ρήτωρ
453 557 511 593 καὶ
544 558 595 593 117.-
598 557 616 593 ὸ
650 558 714 604 τῆς
746 555 933 594 πολιτειας
967 555 1033 602 τὴν
1068 554 1186 604 ἀρχὴν
1218 553 1420 601 ἐποιήσατο
1453 551 1512 589 καὶ

182 611 296 648 πάλιν
326 613 374 651 εἷς
407 628 473 648 ται
477 627 542 659 την
573 612 636 648 τὸν
666 611 782 661 λόγον
818 610 1051 658 κατέστρεψε,
1085 610 1259 658 τεχνικῶς
1293 609 1418 644 ποιῶν·
1459 606 1514 644 δεῖ

182 666 254 715 γὰρ
288 665 473 716 ἄρχεσθαί
503 665 532 702 τ’
564 665 636 701 ἀπὸ
670 681 741 702 των
774 664 1020 715 ἷσχιροτέρων
1053 663 1111 699 καὶ
1147 663 1275 713 λήγειν
1305 663 1353 701 εἷς
1383 663 1509 699 ταῦτα

181 736 280 768 μεσα
300 719 337 756 δὲ
357 720 494 757 τέθεικε
514 721 559 756 τὰ
578 720 660 768 περὶ
679 722 751 757 τῶν
771 719 901 768 νόμων,
925 719 983 756 καὶ
1004 721 1053 769 τῷ
1077 719 1145 767 μὲν
1166 734 1247 765 περι
1267 718 1338 754 τῶν
1358 717 1448 753 ἱπευ
1444 715 1511 753 ’θύ-
1536 726 1574 749 10

184 791 251 811 ιων
285 774 491 821 ἀντιτίθησι
531 773 702 818 διανοίας,
737 776 786 824 τῷ
824 773 861 810 δὲ
900 790 982 822 περι
1016 776 1086 811 τῶν
1123 771 1365 822 κηρυγμάτων
1400 771 1513 819 νόμον

182 828 304 877 ἕτερον
334 828 415 877 ἤτοι
444 828 557 876 νόμου
585 828 706 878 μέρος,
738 829 783 867 ὥς
813 832 932 876 φησιν
961 827 1078 869 αὐτός,
1112 829 1150 864 ἐν
1180 825 1206 877 ᾧ
1233 824 1513 877 συγκεχώρηται

182 882 242 920 καὶ
277 885 314 920 ἐν
344 885 394 933 τῷ
429 882 567 934 θεάτρῳ
603 883 801 932 κηρύττειν,
836 883 897 919 ἐὰν
929 883 948 919 ὁ
983 881 1097 930 δῆμος
1132 880 1154 929 ἢ
1188 881 1211 929 ἡ
1243 879 1369 929 βουλὴ
1405 882 1513 917 τοῦτο

181 938 406 987 ψηφίσηται.

661 1012 785 1039 ΕΤΕΡΑ
817 1011 1032 1039 ΎῙἹΟΘΕΣῙΣ.
1538 1015 1574 1047 15

236 1073 426 1124 Ἀθηναῖοι
448 1074 506 1112 καὶ
526 1075 689 1123 Θηβαῖοι
709 1076 956 1123 πολεμοῦντες
981 1073 1071 1122 πρὸς
1091 1073 1280 1110 Φίλιππον
1311 1073 1349 1109 ἐν
1369 1073 1513 1120 Χαιρω-

183 1130 268 1179 νείᾳ,
284 1130 391 1167 πόλει
407 1131 470 1178 τῆς
486 1130 671 1173 Βοιωτίας,
685 1129 911 1179 ἡττήθησαν.
951 1127 1202 1177 ἐπικρατήσας
1218 1126 1280 1165 οὖν
1298 1127 1317 1164 ὁ
1334 1125 1515 1164 Μακεδὼν

182 1186 348 1234 φρουρὰν
373 1187 441 1233 μὲν
469 1186 517 1224 εἷς
545 1185 610 1225 τὰς
639 1184 771 1233 Θήβας
801 1184 968 1232 ἐνέβαλε,
998 1182 1057 1219 καὶ
1087 1181 1184 1232 εἶχεν
1212 1182 1283 1219 ὑπὸ
1314 1183 1419 1232 χεῖρα
1448 1180 1514 1229 τὴν

182 1239 293 1277 πόλιν
319 1239 580 1277 δουλεύουσαν.
639 1238 860 1278 ἐλπίσαντες
887 1237 950 1275 οὗν
976 1238 1018 1275 τὸ
1049 1237 1137 1274 αὐτὸ
1164 1235 1295 1274 παθεῖν
1323 1234 1514 1284 Ἀθηναῖοι

183 1294 242 1331 καὶ
268 1294 359 1332 ὅσον
386 1293 527 1331 οὐδέπω
556 1292 635 1331 καθ’
661 1294 779 1331 αὑτῶν
805 1293 905 1341 ἥξειν
928 1291 1207 1341 προσδοκῶντες
1234 1291 1298 1329 τὸν
1322 1290 1508 1340 τύραννον,
1537 1303 1574 1325 20

39 1346 148 1401 [223]
182 1349 389 1398 ἐσκέψαντο
409 1350 454 1387 τὰ
474 1349 709 1397 πεπονηκότα
728 1348 822 1397 μέρη
842 1351 892 1398 τῷ
915 1347 1034 1398 χρόνῳ
1054 1349 1119 1384 τοῦ
1142 1346 1286 1397 τείχους
1307 1344 1511 1394 ἐπανορθώ-

182 1403 337 1445 σασθαι,
368 1403 427 1441 καὶ
457 1403 500 1451 δὴ
531 1401 596 1451 ἀφ’
625 1403 782 1451 ἑκάστης
811 1404 936 1451 φυλῆς
963 1402 1167 1453 τειχοποιοὶ
1201 1399 1509 1450 προεβλήθησαν.

182 1457 320 1496 τοιόνδε
350 1458 409 1495 καὶ
437 1459 460 1506 ἡ
492 1457 685 1497 Πανδιονὶς
715 1458 756 1502 ἐξ
785 1459 912 1505 ἑαυτῆς
942 1456 1061 1494 εἵλετο
1087 1457 1177 1505 πρὸς
1203 1456 1270 1504 τὴν
1296 1456 1423 1506 χρείαν
1449 1455 1513 1493 τὸν

181 1513 330 1561 ῥήτορα,
388 1515 453 1561 τῆς
479 1512 600 1550 τοίνυν
624 1512 800 1563 ἐργασίας
826 1514 865 1549 ἐν
890 1511 1021 1562 χερσὶν
1045 1512 1171 1559 οὔσης,
1194 1509 1437 1560 προσδεηθεὶς
1461 1509 1513 1547 ἔτι

181 1567 380 1617 χρημάτων
403 1568 496 1616 μετὰ
525 1568 571 1604 τὰ
600 1566 775 1615 δεδομένα
805 1566 875 1603 ὑπὸ
904 1567 968 1614 τῆς
998 1565 1153 1610 πόλεως,
1179 1566 1198 1603 ὁ
1223 1566 1343 1614 ῥήτωρ
1373 1567 1413 1602 ἐκ
1442 1567 1513 1602 τῶν
1535 1575 1548 1597 2

184 1621 281 1658 ἰδίων
320 1621 541 1670 ἐδαπάνησε,
582 1621 641 1658 καὶ
680 1622 744 1658 οὒκ
784 1621 986 1671 ἐλογίσατο
1025 1621 1118 1658 αὐτὰ
1160 1622 1207 1671 τῇ
1248 1621 1368 1663 πόλει,
1409 1620 1512 1656 ἀλλὰ

133 1690 152 1715 2
184 1692 465 1727 κατεχαρισατο
523 1676 660 1724 ταύτην
693 1675 868 1724 ἀφορμὴν
901 1676 920 1713 ὁ
956 1677 1177 1743 Κτησιφῶν,
1213 1673 1261 1714 εἷς
1299 1677 1370 1712 τῶν
1404 1676 1511 1711 πολι-

183 1731 394 1779 τευομένων,
417 1730 612 1779 δεξάμενος
634 1730 823 1780 εἰσήνεγκε
847 1729 997 1781 γνώμην
1019 1747 1056 1767 εν
1076 1732 1123 1779 τῇ
1149 1730 1278 1780 βουλῇ
1297 1729 1379 1778 περὶ
1399 1730 1511 1766 αὐτου

183 1786 364 1834 τοιαύτην,
381 1785 527 1833 ίἐπειδὴ
548 1784 709 1822 διατελει
727 1784 929 1833 Δημοσθέι
932 1801 973 1832 ης
994 1785 1013 1821 ὁ
1034 1784 1300 1833 Δημοσθενους
1314 1782 1400 1825 παρ’
1422 1782 1513 1821 ὅλον

182 1840 246 1878 τὸν
283 1840 371 1888 βίον
409 1840 549 1877 εὔνοιαν
588 1842 636 1879 εἷς
680 1839 747 1887 τὴν
785 1839 897 1877 πόλιν
936 1838 1234 1888 ἐπιδεικνύμενος,
1277 1838 1335 1876 καὶ
1374 1839 1437 1875 νῦν
1475 1836 1513 1875 δὲ
1533 1846 1574 1878 30

182 1895 388 1945 τειχοποιὸς
418 1893 465 1931 ὢν
495 1894 553 1931 καὶ
582 1893 824 1942 προσδεηθεὶς
853 1894 1052 1944 χρημάτων
1082 1893 1224 1931 οἴκοθεν
1253 1892 1420 1943 παρέσχε
1455 1890 1514 1929 καὶ

184 1949 395 1999 ἐχαρίσατο,
417 1948 476 1986 διὰ
494 1951 603 1987 τοῦτο
624 1948 795 1999 δεδόχθαι
813 1950 861 1999 τῇ
883 1949 1011 1998 βουλῇ
1033 1948 1092 1985 καὶ
1111 1950 1161 1998 τῷ
1182 1947 1284 1998 δήμῳ
1304 1948 1511 1995 στεφανοῦ-

184 2003 273 2041 σθαι
293 2004 404 2042 αὐτὸν
422 2004 568 2054 χρυσέα)
589 2003 774 2054 στεφάνῳ,
798 2005 835 2040 ἐν
853 2005 903 2053 τῷ
925 2002 1075 2054 θεάτρῳ
1092 2002 1302 2054 τραγωδιῶν
1323 2000 1514 2052 ἀγομένων

186 2061 316 2096 καινῶν
330 2055 504 2109 ’[ισως“
485 2075 545 2096 οτε
570 2057 699 2107 πλήθη
723 2074 916 2108 συντρεχει
941 2057 1188 2106 ἐπιθυμουντα
1215 2073 1320 2094 καινα
1346 2055 1514 2104 δραματα

133 2123 153 2158 3
183 2112 367 2165 βλεπειν].
427 2113 670 2164 εἰσαγομένου
689 2129 810 2150 τοινυν
832 2112 891 2149 καὶ
911 2113 959 2151 εἷς
981 2111 1046 2150 τὸν
1066 2111 1182 2161 δῆμον
1201 2113 1266 2149 τοῦ
1285 2108 1514 2160 προβουλεύ·
1534 2118 1572 2151 35

1555 1576 1572 1608 ‘1-

230 2227 264 2247 11
299 2217 452 2258 διανοίας]
478 2216 618 2249 διάνοιαν
643 2216 827 2255 Scrimgeri
852 2217 998 2247 schedae
1164 2224 1202 2254 19
1232 2214 1292 2253 τὴν
1315 2213 1412 2246 πόλιν
1435 2218 1514 2244 ante

184 2261 399 2293 δουλεύουσαν
417 2271 482 2294 om.
497 2262 587 2301 vulg
606 2272 613 2292 z
637 2261 712 2292 add.
733 2261 833 2292 Vind.
855 2271 893 2299 7.
920 2259 1009 2290 Aut
1026 2258 1239 2291 δουλευούσας
1257 2256 1512 2297 reponendum'

184 2304 280 2336 Blass
447 2316 489 2336 20
513 2307 616 2337 αὑτῶν
633 2304 796 2335 Voemel:
822 2306 924 2336 αὐτῶν
942 2303 1037 2334 codd.
1207 2311 1247 2340 27
1272 2300 1514 2341 κατεχαρίσατο

183 2348 223 2379 G.
244 2348 288 2379 H.
308 2348 490 2381 Sehaeser.
517 2350 567 2380 καὶ
587 2349 762 2390 ἐχαρίσατο
779 2347 869 2386 vulg.
994 2357 1034 2385 32
1060 2345 1210 2386 δεδόχθαι
1226 2344 1342 2376 Wolf:
1369 2343 1513 2383 δεδόχθω

182 2392 278 2423 codd.
430 2403 471 2430 33
496 2391 697 2433 τραγῳδιῶν]
717 2392 791 2422 sort.
813 2393 986 2432 τραγῳδῶν
1004 2389 1155 2421 Dindorf
1305 2396 1412 2427 34-35
1437 2389 1514 2419 ἴσως

239 2459 244 2466 .
267 2435 403 2471 Βλέπειν
420 2436 500 2467 secl.
522 2434 745 2467 Wunderlich
