1731 2844
149 151 207 205 V1]
501 155 664 193 ΚΑΤΑ
712 154 1028 192 ΦΙΛΙΠΠΟΎ
1078 155 1108 191 Β

145 258 193 299 ἄν
217 274 274 300 τις
293 258 416 309 ὀρθῶς
435 259 572 315 θεωρῇ,
593 256 709 298 πάνθ’
730 257 755 297 ἃ
773 256 1086 309 πραγματεύεται
1107 258 1203 296 κατὰ
1221 258 1290 306 τῆς
1308 257 1462 298 πόλεως

147 324 384 366 συντάττων.
445 325 507 364 καὶ
532 323 634 364 τοῦτ’
660 322 706 373 ἐξ
728 322 901 375 ἀνάγκης
924 323 1070 374 τρόπον
1094 322 1168 362 τιν’
1192 322 1293 377 αὐτῷ
1317 326 1385 363 νῦν
1418 340 1462 374 γε

145 391 191 442 δὴ
226 390 450 442 συμβαίνει.
520 390 732 442 λογίζεσθε
764 388 851 441 γάρ.
923 388 1061 442 ἄρχειν
1096 389 1299 439 βούλεται,
1324 389 1463 429 τούτου

145 457 178 498 δ’
216 458 512 510 ἀνταγωνιστὰς
551 457 694 508 μόνους
731 457 952 508 ὑπείληφεν
988 457 1099 506 ὑμᾶς.
1174 456 1299 495 ἀδικεῖ
1336 455 1462 495 πολὺν

107 540 124 571 5
143 524 217 575 ἤδη
241 524 398 576 χρόνον,
426 523 489 563 καὶ
513 522 614 563 τοῦτ’
640 522 755 565 αὐτὸς
780 521 922 574 ἄριστα
948 521 1130 562 σύνοιδεν
1154 522 1270 576 αὑτῷ·
1307 521 1364 562 οῖς
1387 523 1463 573 γὰρ

144 590 257 630 οὖσιν
272 589 470 640 ὑμετέροις
486 589 583 642 ἔχει,
604 588 756 630 τούτοις
775 587 904 629 πάντα
922 587 1038 628 τᾶλλ’
1057 588 1252 640 ἀσφαλῶς
1268 587 1460 637 κέκτηται·

144 657 178 696 εἰ
209 658 284 708 γὰρ
314 655 563 708 Ἀμφίπολιν
596 655 658 695 καὶ
692 656 931 695 Ποτείδαιαν
964 659 1135 706 προεῖτο,
1172 653 1251 693 οὐδ’
1285 653 1333 694 ἂν
1363 655 1462 694 οἴκοι

142 721 274 773 μένειν
298 723 477 772 βεβαίως
499 722 664 773 ἡγεῖται.
725 720 915 774 ἀμφότερ’
935 720 1003 761 οὖν
1027 720 1121 766 οἶδε,
1144 721 1205 760 καὶ
1231 720 1347 760 αὑτὸν
1371 721 1461 771 ὑμῖν

143 788 453 839 ἐπιβουλεύοντα
480 788 541 827 καὶ
569 789 667 838 ὑμᾶς
693 786 1015 838 αἰσθανομένους·
1054 787 1095 827 εὗ
1120 790 1282 839 φρονεῖν
1308 786 1340 825 δ’
1363 787 1462 837 ὑμᾶς

88 868 127 890 10
142 853 449 905 ὑπολαμβάνων,
472 855 628 896 δικαίως
647 854 764 894 αὑτὸν
782 857 917 905 μισεῖν
936 854 1095 904 νομίζει,
1119 853 1180 893 καὶ
1200 852 1459 904 παρώξυνται,

143 921 360 961 πείσεσθαί
387 937 424 960 τι
453 923 695 972 προσδοκῶν,
724 920 771 960 ἂν
806 919 938 971 καιρὸν
971 919 1138 970 λάβητε,
1167 919 1214 959 ἂν
1245 919 1296 969 μὴ
1323 918 1461 974 φθάσῃ

143 985 314 1036 ποιήσας
338 987 536 1039 πρότερος.
595 988 658 1026 διὰ
681 985 788 1026 ταῦτ’
815 985 1042 1038 ἐγρήγορεν,
1064 984 1298 1037 ἐφέστηκεν,
1327 985 1390 1026 ἐπὶ
1414 990 1462 1041 τῇ

144 1053 258 1093 πόλει
291 1053 496 1105 θεραπεύει
523 1052 643 1099 τινάς,
672 1054 880 1103 Θηβαίους
914 1052 975 1092 καὶ
1000 1053 1340 1102 Πελοποννησίων
1371 1050 1461 1092 τοὺς

143 1118 262 1158 ταύτὰ
302 1118 571 1170 βουλομένους
611 1120 774 1165 τούτοις,
817 1119 883 1161 οὓς
925 1120 988 1159 διὰ
1029 1120 1100 1169 μὲν
1141 1116 1376 1167 πλεονεξίαν
1413 1118 1461 1157 τὰ

87 1197 123 1230 15
142 1185 302 1237 παρόντ’
338 1185 560 1237 ἀγαπήσειν
595 1187 728 1232 οἴεται,
767 1187 829 1226 διὰ
865 1187 907 1226 δὲ
944 1185 1158 1234 σκαιότητα
1192 1185 1346 1236 τρόπων
1383 1187 1461 1224 τῶν

142 1253 239 1302 μετὰ
271 1251 376 1292 ταῦτ’
401 1252 512 1293 οὐδὲν
540 1252 802 1304 προόψεσθαι.
874 1252 999 1292 καίτοι
1032 1251 1290 1303 σωφρονοῦσί
1318 1267 1364 1302 γε
1398 1250 1460 1289 καὶ

141 1318 307 1369 μετρίως
332 1319 477 1370 ἐναργῆ
503 1318 783 1370 παραδείγματ’
808 1318 920 1358 ἔστιν
947 1319 1056 1363 ἰδεῖν,
1084 1318 1108 1357 ἃ
1132 1317 1195 1357 καὶ
1226 1316 1320 1368 πρὸς
1346 1319 1458 1356 Μεσ-

143 1385 301 1434 σηνίους
335 1385 396 1424 καὶ
429 1383 525 1435 πρὸς
557 1383 758 1436 Ἀργείους
791 1383 915 1436 ἔμοιγ’
941 1385 1065 1424 εἰπεῖν
1098 1382 1264 1434 συνέβη,
1295 1381 1460 1433 βέλτιον

143 1449 176 1490 δ’
200 1451 298 1491 ἴσως
323 1449 384 1490 καὶ
409 1450 504 1502 πρὸς
527 1451 625 1501 ὑμᾶς
651 1451 761 1491 ἐστιν
786 1452 978 1502 εἰρῆσθαι.

86 1528 125 1551 20
211 1519 220 1533 ‘
240 1519 333 1558 Πῶς
356 1517 430 1568 γὰρ
450 1516 599 1562 οἵεσθ’,’
619 1517 734 1568 ἔφην,
766 1519 775 1533 ‘
793 1515 822 1556 ὦ
841 1516 978 1568 ἄνδρες
999 1514 1239 1566 Μεσσήνιοι,
1260 1518 1462 1567 δυσχερῶς

143 1582 296 1623 ἀκούειν
316 1582 559 1629 Ὀλυνθίους,
584 1585 620 1623 εἴ
640 1584 698 1625 τίς
723 1600 760 1623 τι
783 1582 897 1635 λέγοι
923 1584 1018 1623 κατὰ
1038 1584 1240 1623 Φιλίππου
1260 1580 1342 1622 κατ’
1363 1582 1459 1622 ἐκεί-

144 1665 233 1691 νους
267 1650 356 1691 τοὺς
391 1651 569 1703 χρόνους,
604 1649 660 1690 ὅτ’
691 1649 957 1701 Ἀνθεμοῦντα
992 1651 1065 1700 μὲν
1097 1649 1227 1690 αὐτοῖς
1259 1648 1382 1700 ἀφίει,
1417 1647 1463 1698 ἧς

143 1715 287 1758 πάντες
328 1718 363 1756 οἱ
410 1717 600 1768 πρότερον
643 1718 891 1758 Μακεδονίας
938 1719 1126 1767 βασιλεῖς
1172 1716 1460 1760 ἀντεποιοῦντο,

145 1784 381 1823 Ποτείδαιαν
417 1782 449 1822 δ’
483 1784 610 1824 ἐδίδου
643 1783 732 1825 τοὺς
765 1783 984 1833 Ἀθηναίων
1017 1783 1200 1823 ἀποίκους
1234 1781 1459 1832 ἐκβάλλων,

87 1861 124 1892 25
145 1849 207 1888 καὶ
230 1849 302 1899 τὴν
325 1851 397 1900 μὲν
422 1850 567 1902 ἔχθραν
591 1849 662 1900 τὴν
687 1849 782 1902 πρὸς
807 1850 908 1901 ἡμᾶς
932 1848 1046 1891 αὐτὸς
1075 1849 1257 1905 ἀνῄρητο,
1284 1847 1354 1897 τὴν
1386 1847 1463 1900 χώ-

143 1931 216 1966 ραν
241 1915 273 1954 δ’
295 1917 458 1958 ἐκείνοις
483 1917 659 1957 ἐδεδώκει
686 1919 949 1969 καρποῦσθαι,·
985 1916 1060 1967 ἆρα
1079 1917 1305 1967 προσδοκᾶν
1325 1913 1462 1955 αὐτοὺς

143 1984 302 2022 τοιαῦτα
326 1983 551 2028 πείσεσθαι,
576 1980 599 2032 ἢ
624 1982 813 2035 λέγοντος
845 1983 893 2023 ἄν
925 1999 1030 2023 τινος
1064 1984 1276 2023 πιστεῦσαι
1309 1982 1460 2026 οἵεσθε,·

143 2047 234 2088 ἀλλ’
260 2048 391 2099 ὅμως,’
415 2049 519 2101 ἔφην
544 2050 634 2101 ἐγώ,
664 2049 828 2101 (μικρὸν
856 2050 1003 2103 χρόνον
1032 2049 1104 2099 τὴν
1130 2048 1346 2099 ἀλλοτρίαν
1373 2063 1461 2097 καρ-

190 2167 203 2186 1
222 2156 312 2188 πάνθ’
328 2157 347 2189 ἃ
361 2157 524 2188 Foertsch
539 2157 612 2188 coll.
627 2158 683 2188 viii
696 2168 738 2198 43
754 2170 761 2189 :
785 2158 890 2191 πάντα
904 2158 926 2189 S
943 2169 949 2188 ε
974 2159 1023 2190 ὅτι
1037 2157 1142 2189 πάντα
1154 2156 1243 2195 vulg.
1348 2156 1370 2185 6
1387 2159 1461 2194 post

144 2199 212 2239 ἔχει
235 2200 309 2230 add.
335 2202 473 2241 χρῆσθαι
495 2201 583 2240 vulg.
604 2212 610 2231 z
634 2202 710 2232 add.
738 2202 919 2242 χρήσασθαι
946 2201 1034 2231 FB:
1063 2210 1129 2231 om.
1156 2200 1178 2230 S
1203 2199 1306 2236 solus,
1324 2199 1364 2229 cs.
1383 2209 1404 2228 x
1425 2209 1462 2228 12

143 2243 164 2272 8
186 2243 311 2283 ἡγεῖται
329 2244 435 2274 Cobet
451 2255 457 2273 :
481 2244 594 2284 ἡγεῖτο
612 2244 717 2275 SAY
731 2245 782 2276 O:
808 2245 923 2286 ἡγοῖτο
940 2244 1027 2282 vulg.
1195 2253 1234 2273 10
1257 2242 1381 2274 δικαίως
1398 2265 1405 2271 .
1429 2266 1435 2272 .
1454 2265 1459 2270 .

144 2285 260 2324 νομίζει
286 2285 324 2317 G.
349 2286 395 2317 H.
419 2287 600 2318 Schaefer:
634 2288 758 2320 δικαίως
783 2289 821 2320 ἂν
844 2312 851 2319 .
881 2312 888 2319 .
913 2312 920 2319 .
949 2287 1067 2327 νομίζοι
1093 2286 1116 2317 S
1141 2286 1231 2325 vulg.
1251 2286 1305 2327 (ἂν
1329 2294 1391 2315 om.
1410 2284 1459 2315 A:

146 2328 261 2367 νομίζει
287 2329 386 2359 habet
412 2330 474 2369 1²¹),
493 2330 532 2361 cs.
554 2341 575 2359 x
597 2340 634 2369 13
799 2341 834 2361 11
870 2330 975 2372 φθάσῃ
1000 2330 1135 2367 ποιήσας
1159 2329 1311 2370 πρότερος
1336 2327 1459 2358 SLY:

145 2371 298 2411 πρότερον
319 2372 424 2414 φθάσῃ
447 2374 581 2411 ποιήσας
598 2373 687 2411 vulg.
868 2383 905 2412 13
930 2373 1088 2411 Θηβαίους
1107 2373 1130 2401 S
1144 2373 1189 2403 L:
1216 2372 1364 2409 Θηβαίων
1381 2375 1458 2400 cett.

145 2423 186 2442 22
210 2413 246 2450 ἧς
264 2414 287 2443 S
304 2415 328 2444 L
340 2415 389 2446 Y:
417 2415 452 2446 οὗ
468 2416 556 2453 vulg.
701 2426 741 2454 24
769 2416 941 2453 ἐκβάλλων
959 2416 1003 2446 S:
1031 2416 1179 2452 ἐκβαλών
1197 2415 1283 2453 vulg.

1494 153 1583 209 [70]

1496 337 1535 373 17

1495 722 1536 756 18

1496 994 1537 1030 19

1492 1526 1538 1551 20

1494 1842 1570 1897 [⁷1]
