1763 2828
102 106 184 160 [19]

96 480 184 535 [20]

146 2097 189 2123 10

643 103 1132 142 ΔΗΜΟΣΘΕΝΟὙΣ
1498 98 1547 154 [11

216 207 445 260 ἀπήλαυνόν
470 224 574 249 τινες
600 207 757 248 ἐνθένδε
784 207 1056 258 βουλομένους
1081 207 1171 257 ὑμῖν
1197 207 1467 259 διαλεχθῆναι,
1495 210 1547 261 τῷ

216 274 286 325 τὴν
321 275 569 328 Ἀμφίπολιν
602 274 776 326 φάσκειν
814 274 1066 326 παραδώσειν
1104 273 1166 313 καὶ
1202 272 1247 313 τὸ
1284 273 1550 324 θρυλούμενόν

216 342 301 383 ποτ’
340 342 561 394 ἀπόρρητον
601 342 727 382 ἐκεῖνο
770 340 1080 385 κατασκευάσαι,
1126 339 1250 394 τούτῳ
1291 340 1547 392 προσαγαγό-

215 426 348 460 μενον,
377 408 448 458 τὴν
474 408 506 448 δ’
533 408 756 448 Ὀλυνθίων
783 409 925 460 φιλίαν
950 408 1051 459 μετὰ
1081 410 1201 446 ταῦτα
1230 409 1282 461 τῷ
1310 408 1551 447 Ποτείδαιαν

216 477 342 516 οὖσαν
366 475 557 527 ὑμετέραν
591 473 742 525 ἐξελεῖν
775 475 836 515 καὶ
867 475 960 516 τοὺς
989 476 1061 525 μὲν
1086 474 1286 526 ’πρότερον
1319 472 1551 527 συμμάχους

216 539 340 595 [ὑμᾶς]
370 543 566 593 ἀδικῆσαι,
598 544 838 594 παραδοῦναι
872 541 905 581 δ’
932 542 1111 586 ἐκείνοις,
1146 539 1376 582 Θετταλοὺς
1407 542 1450 581 δὲ
1482 543 1551 581 νῦν

215 611 264 650 τὰ
298 613 507 650 τελευταῖα
542 613 595 664 τῷ
627 610 872 661 Μαγνησίαν
909 608 1163 661 παραδώσειν
1198 606 1453 660 ὑποσχέσθαι
1487 607 1550 648 καὶ

215 676 284 717 τὸν
310 676 492 717 Φωκικὸν
517 676 696 727 πόλεμον
719 674 968 726 πολεμήσειν
992 676 1092 727 ὑπὲρ
1117 675 1244 715 αὐτῶν
1269 673 1548 725 ἀναδέξασθαι.

216 744 319 785 ὅλως
344 743 376 783 δ’
402 743 527 785 οὐδεὶς
553 743 665 784 ἔστιν
690 742 809 783 ὅντιν’
836 742 879 782 οὐ
905 741 1138 795 πεφενάκικ’
1168 743 1316 783 ἐκεῖνος
1340 744 1417 781 τῶν
1447 741 1549 796 αὐτῷ

215 809 494 890 χρησαμένων·
532 810 604 860 τὴν
627 811 704 863 γὰρ
731 809 910 850 ἑκάστων
930 809 1066 850 ἄνοιαν
1097 809 1158 849 ἀεὶ
1188 812 1267 849 τῶν
1300 808 1551 860 ἀγνοούντων

216 876 334 918 αὐτὸν
356 876 565 928 ἐξαπατῶν
589 877 654 921 καὶ
678 875 1008 957 προσλαμβάνων
1035 877 1157 918 οὕτως
1182 873 1345 926 ηὐξηθη.
1415 875 1551 926 ὥσπερ

216 944 285 984 οὖν
309 946 372 984 δια
402 944 550 984 τούτων
583 943 681 996 ἤρθη
714 943 851 996 μέγας,·
879 943 984 996 ἡνίχ’
1012 943 1183 984 ἕκαστοι
1200 941 1410 995 συμφέρον
1432 941 1551 982 αὐτὸν

216 1013 368 1053 ἑαυτοῖς
392 1009 513 1066 ᾤοντό
536 1027 573 1050 τι
598 1009 775 1062 πράξειν,
796 1011 918 1052 οὕτως
942 1011 1100 1062 ὀφείλει
1122 1010 1190 1049 διὰ
1210 1012 1289 1049 τῶν
1309 1007 1437 1049 αὐτῶν
1461 1008 1549 1049 τού-

215 1095 294 1118 των
334 1078 395 1118 καὶ
435 1080 713 1129 καθαιρεθῆναι
752 1076 898 1123 πάλιν,
927 1076 1062 1127 ἐπειδὴ
1100 1074 1215 1119 πάνθ’
1255 1074 1374 1129 εἵνεχ’
1413 1077 1552 1115 ἑαυτοῦ

217 1148 340 1186 ποιῶν
373 1142 671 1197 ἐξελήλεγκται.
744 1147 878 1196 καιροῦ
909 1146 982 1195 μὲν
1016 1142 1074 1193 δή,
1101 1140 1132 1182 ὦ
1169 1142 1306 1194 ἄνδρες
1330 1141 1548 1193 Ἀθηναῖοι,

215 1212 312 1263 πρὸς
336 1215 450 1252 τοῦτο
476 1211 644 1264 πάρεστι
669 1211 858 1266 Φιλίππῳ
884 1212 933 1250 τὰ
957 1209 1181 1262 πράγματα·
1218 1206 1242 1259 ἢ
1263 1209 1472 1260 παρελθών
1491 1226 1551 1251 τις

217 1279 316 1329 ἐμοί,
351 1281 509 1329 μᾶλλον
542 1278 573 1318 δ’
606 1279 697 1329 ὑμῖν
730 1277 907 1329 δειξάτω,
935 1274 958 1327 ἢ
993 1277 1043 1319 ὡς
1073 1277 1142 1316 οὐκ
1175 1277 1304 1326 ἀληθῆ
1338 1276 1449 1317 ταῦτ’·
1473 1277 1551 1329 ἐγὼ

216 1344 336 1398 λέγω,
371 1342 394 1395 ἦ
429 1345 480 1387 ὡς
514 1347 550 1386 οἱ
582 1347 631 1385 τὰ
662 1344 783 1397 πρῶτ’
819 1343 1193 1396 ἐξηπαττ]μένοι’τὰ
1228 1344 1352 1384 λοιπὰ
1387 1343 1550 1384 πιστεύ-

217 1429 374 1459 σουσιν,
418 1409 441 1462 ἢ
485 1412 535 1454 ὡς
577 1414 613 1452 οἱ
655 1413 760 1464 παρὰ
806 1411 878 1462 τὴν
925 1412 1052 1451 αὐτῶν
1102 1408 1228 1461 ἀξίαν
1266 1410 1553 1462 δεδουλωμένοι

218 1475 448 1531 [Θετταλοὶ]
473 1482 543 1520 νῦν
566 1479 634 1519 οὐκ
658 1478 706 1520 ἃν
733 1478 933 1531 ἐλεύθεροι
959 1476 1126 1531 γένοιντ’
1154 1477 1332 1529 ἄσμενοι.

287 1546 363 1586 Καὶ
398 1546 476 1598 μὴν
509 1547 546 1586 εἴ
577 1563 635 1588 τις
670 1547 779 1597 ὑμῶν
814 1547 1045 1597 ταῦταμὲν
1084 1545 1207 1586 οὕτως
1243 1544 1351 1598 ἔχειν
1385 1544 1551 1596 ἡγεῖται,

219 1614 340 1653 οἴεται
365 1615 407 1654 δὲ
431 1615 505 1667 βίᾳ
532 1612 709 1664 καθέξειν
734 1612 853 1653 αὐτὸν
879 1614 927 1653 τὰ
952 1611 1165 1665 πράγματα
1191 1615 1244 1666 τῷ
1268 1613 1318 1652 τὰ
1343 1612 1470 1664 χωρία
1489 1611 1553 1651 καὶ

217 1679 382 1731 λιμένας
423 1681 485 1721 καὶ
521 1682 569 1720 τὰ
606 1683 766 1720 τοιαῦτα
802 1678 1104 1733 προειληφέναι,
1143 1679 1210 1718 οὐκ
1251 1679 1376 1730 ὀρθῶς
1415 1679 1551 1718 οἴεται.

219 1748 314 1788 ὅταν
348 1749 422 1798 μὲν
458 1748 533 1799 γὰρ
569 1746 633 1788 ὑπ’
667 1747 820 1789 εὐνοίας
855 1749 904 1787 τὰ
939 1746 1152 1799 πράγματα
1190 1751 1320 1802 συστῇ
1357 1745 1419 1785 καὶ
1454 1747 1554 1785 πᾶσι

218 1813 341 1854 ταύτὰ
366 1813 550 1870 συμφέρῃ
579 1817 661 1856 τοῖς
684 1813 902 1868 μετέχουσι
926 1817 994 1854 τοῦ
1025 1813 1215 1865 πολέμου,
1244 1812 1305 1852 καὶ
1336 1815 1554 1863 συμπονεῖν

219 1881 282 1921 καὶ
316 1880 454 1934 φέρειν
486 1882 555 1922 τὰς
589 1882 799 1934 συμφορᾶς
834 1882 896 1922 καὶ
930 1880 1063 1932 μένειν
1096 1879 1305 1921 ἐθέλουσιν
1339 1878 1552 1931 ἅνθρωποι·

219 1948 314 1988 ὅταν
334 1947 366 1988 δ’
387 1949 429 1987 ἐκ
448 1947 681 1998 πλεονεξίας
706 1949 769 1989 καὶ
797 1949 986 2000 πονηρίας
1011 1964 1070 1989 τις
1095 1948 1231 1999 ὥσπερ
1252 1946 1365 1988 οὗτος
1387 1946 1551 2002 ἰσχύσῃ,

218 2014 242 2065 ἡ
272 2015 406 2067 πρώτη
437 2015 642 2067 πρόφασις
675 2016 738 2056 καὶ
770 2015 910 2067 μικρὸν
939 2017 1118 2065 πταῖσμα
1147 2013 1288 2054 ἅπαντ’
1323 2014 1555 2066 ἀνεχαίτισε

221 2082 282 2122 καὶ
308 2081 505 2122 διέλυσεν.
568 2083 612 2122 οὐ
638 2084 715 2134 γὰρ
741 2082 865 2128 ἔστιν,
887 2081 955 2121 οὐκ
983 2081 1107 2127 ἔστιν,
1129 2079 1158 2120 ὦ
1178 2080 1316 2133 ἄνδρες
1336 2079 1552 2130 Ἀθηναῖοι,

264 2202 283 2221 2
307 2192 344 2222 τὸ
363 2191 386 2221 S
403 2191 427 2221 F
445 2203 451 2221 :
475 2195 519 2232 τῷ
536 2191 624 2230 vulg.
766 2201 786 2230 3
811 2189 1051 2223 κατασκευάσαι
1070 2190 1093 2220 S
1107 2189 1143 2220 F¹
1160 2189 1248 2228 vulg.
1267 2200 1274 2219 t
1299 2189 1555 2222 κατασκευάσειν

220 2234 295 2264 YO
456 2236 478 2265 6
508 2237 586 2273 ὑμᾶς
611 2233 676 2265 del.
707 2233 806 2264 Blass
832 2234 887 2273 (cf.
913 2234 1019 2264 schol.
1049 2233 1126 2274 SP)
1291 2242 1325 2271 17
1358 2234 1378 2271 ἢ
1403 2232 1477 2263 add.
1508 2232 1555 2263 S:

221 2288 284 2308 om.
306 2283 395 2316 cett„
416 2278 455 2308 ef.
478 2277 512 2307 xl
529 2279 572 2307 60
706 2287 748 2307 20
773 2278 933 2309 Θετταλοὶ
951 2276 1030 2307 secl.
1054 2276 1259 2316 Rosenberg
1387 2285 1427 2314 25
1451 2277 1555 2308 ταύτὰ

223 2321 246 2351 S
261 2322 287 2351 B
300 2321 330 2351 Y
344 2321 374 2351 O
391 2332 397 2350 ε
422 2323 524 2352 ταῦτα
541 2320 630 2359 vulg.
790 2321 831 2350 26
856 2320 1010 2362 ἅνθρωποι
1029 2319 1184 2349 Bekker:
1211 2321 1364 2360 ἄνθρωποι
1383 2318 1406 2349 S
1422 2318 1487 2348 FY
1499 2319 1530 2350 O
1548 2330 1555 2349 :

223 2366 251 2396 οἱ
274 2366 427 2405 ἅνθρωποι
449 2364 536 2402 vulg.
718 2364 759 2394 28
791 2364 903 2405 μικρὸν
921 2363 1017 2394 codd.
1035 2374 1041 2393 :
1072 2364 1111 2395 τὸ
1133 2364 1237 2403 τυχὸν
1256 2362 1319 2393 FB
1337 2376 1402 2404 Ὑρ.,
1423 2362 1465 2393 cf.
1482 2362 1516 2392 xi
1535 2372 1552 2401 7

222 2418 265 2446 29
289 2408 339 2439 καὶ
358 2406 508 2439 διέλυσεν
525 2407 621 2437 codd.
640 2419 645 2437 :
671 2417 737 2438 orn.
756 2407 821 2438 Rh.
844 2407 900 2438 Gr.
921 2407 942 2437 ii
960 2416 1022 2445 232
1038 2418 1044 2437 :
1069 2406 1146 2438 secl.
1166 2406 1275 2437 Cobet

1571 490 1588 523 5

1573 825 1612 846 10

1572 1162 1610 1194 15

1573 1490 1614 1513 20

1575 1825 1613 1858 25
