1731 2844
164 98 192 151 1]
573 103 984 140 ΟΛΎΝΘιΑκΟΣ
1033 103 1065 138 A

229 205 278 246 Ὁ
296 208 368 256 μὲν
394 206 461 246 οὖν
482 206 615 257 παρὼν
642 206 783 256 καιρός,
806 203 835 244 ὦ
860 204 996 256 ἄνδρες
1017 204 1230 254 Ἀθηναῖοι,
1252 205 1373 255 μόνον
1398 205 1486 257 οὐχὶ

162 272 272 325 λέγει
292 271 430 324 φωνὴν
455 272 586 324 ἀφιεὶς
611 273 670 312 ὅτι
694 275 772 312 τῶν
797 270 1036 323 πραγμάτων
1061 272 1151 322 ὑμῖν
1173 272 1331 311 ἐκείνων
1357 271 1486 312 αὐτοῖς

163 337 425 389 ἀντιληπτέον
455 339 578 385 ἐστίν,
606 340 713 390 εἴπερ
738 339 836 390 ὑπὲρ
865 338 1062 390 σωτηρίας
1092 337 1219 378 αὐτῶν
1245 337 1485 389 φροντίζετε·

163 405 274 457 ἡμεῖς
308 404 340 446 δ’
374 405 443 445 οὐκ
479 404 551 445 οἶδ’
581 403 715 446 ὅντινά
747 421 814 455 μοι
849 407 1038 455 δοκοῦμεν
1071 404 1180 457 ἔχειν
1211 404 1358 456 τρόπον
1391 403 1486 455 πρὸς

124 487 141 518 5
163 471 275 513 αὐτά.
346 471 433 512 ἔστι
462 471 507 522 δὴ
537 471 585 512 τά
613 471 650 523 γ’
676 471 762 522 ἐμοὶ
792 474 991 517 δοκοῦντα,
1019 472 1283 523 ψηφίσασθαι
1311 472 1384 521 μὲν
1413 470 1485 521 ἤδη

162 537 233 588 τὴν
271 537 474 589 βοήθειαν,
517 539 579 579 καὶ
618 537 999 590 παρασκευάσασθαι
1038 537 1109 587 τὴν
1147 538 1343 590 ταχίστην
1382 537 1486 578 ὅπως

163 604 319 646 ἐνθένδε
338 603 562 656 βοηθήσετε
577 604 656 656 (καὶ
674 604 726 656 μὴ
746 604 894 654 πάθητε
913 603 1053 644 ταύτὸν
1073 605 1169 656 ὅπερ
1186 603 1248 644 καὶ
1268 601 1484 655 πρότερον),

162 672 383 723 πρεσβείαν
419 673 460 712 δὲ
492 671 673 722 πέμπειν,
707 671 791 722 ἥτις
826 671 931 711 ταῦτ’
966 672 1047 722 ἐρεῖ
1082 671 1143 711 καὶ
1179 669 1372 722 παρέσται
1404 674 1486 712 τοῖς

163 736 405 790 πράγμασιν·
443 738 494 780 ὡς
524 738 610 778 ἔστι
637 738 815 789 μάλιστα
838 741 953 778 τοῦτο
983 736 1082 784 δέος,
1109 737 1160 788 μὴ
1186 740 1406 789 πανοῦργος
1431 735 1484 777 ὣν

103 818 143 840 10
164 804 226 844 καὶ
251 804 377 847 δεινὸς
400 804 603 857 ἅνθρωπος
629 804 834 857 πράγμασι
858 806 1044 857 χρῆσθαι,
1066 806 1115 844 τὰ
1140 805 1211 854 μὲν
1237 805 1363 850 εἴκων,
1385 803 1484 853 ἡνίκ’

161 870 210 911 ἂν
233 871 347 927 τύχη,
374 887 422 910 τα
447 870 480 912 δ’
500 872 674 912 ἀπειλῶν
696 870 940 923 (ἀξιόπιστος
965 870 998 911 δ’
1024 887 1072 911 αν
1097 871 1255 912 εἰκότως
1274 868 1483 922 φαίνοιτο),

162 939 210 977 τὰ
247 937 280 977 δ’
316 937 416 988 ἡμᾶς
453 937 688 989 διαβάλλων
725 955 788 978 και
828 954 899 988 την
937 938 1133 978 ἀπουσίαν
1171 954 1243 987 την
1281 937 1484 989 ἡμετέραν,

162 1003 358 1055 τρεψηται
388 1021 450 1044 και
475 1003 791 1056 παρασπάσηταί
818 1021 854 1044 τι
883 1008 961 1045 τῶν
986 1005 1091 1044 ὅλων
1116 1002 1371 1084 πραγμάτων
1443 1003 1486 1044 οὐ

163 1087 240 1120 μην
258 1070 350 1110 ἀλλ
366 1071 556 1117 επιεικῶς,
578 1088 607 1109 ω
626 1070 764 1123 ἄνδρες
780 1070 995 1121 Ἀθηιαῖοι,
1013 1070 1117 1111 τουθ’
1134 1070 1155 1110 ὂ
1175 1070 1487 1123 δυσμαχώτατόν

105 1149 141 1180 15
163 1138 250 1177 ἐστι
274 1140 352 1176 τῶν
371 1138 575 1178 Φιλίππου
600 1137 853 1189 πραγμάτων,
877 1138 939 1177 καὶ
963 1136 1182 1188 βέλτιστον
1207 1137 1309 1187 ὑμῖν·
1348 1136 1392 1176 τὸ
1413 1137 1487 1188 γὰρ

163 1203 262 1243 εἶναι
292 1202 451 1244 πάντων
482 1205 632 1244 ἐκεῖνον
662 1203 715 1243 ἕν’
741 1205 836 1244 ὄντα
868 1204 998 1256 κύριον
1029 1203 1090 1243 καὶ
1118 1204 1245 1255 ῥητῶν
1272 1202 1334 1243 καὶ
1364 1203 1484 1254 ἀπορ-

161 1268 288 1321 ρήτων
326 1271 387 1310 καὶ
425 1269 506 1321 ἅμα
541 1269 762 1323 στρατηγὸν
800 1270 862 1310 καὶ
900 1271 1099 1320 δεσπότην
1137 1270 1198 1310 καὶ
1232 1271 1386 1321 ταμίαν,
1426 1270 1488 1309 καὶ

161 1339 366 1389 πανταχοῦ
393 1336 512 1377 αὐτὸν
541 1340 722 1389 παρεῖναι
751 1341 803 1391 τῷ
834 1337 1107 1389 στρατεύματι,
1139 1335 1235 1388 πρὸς
1266 1338 1338 1387 μὲν
1366 1335 1411 1375 τὸ
1440 1337 1488 1375 τὰ

162 1406 230 1443 τοῦ
245 1402 420 1454 πολέμου
434 1403 535 1456 ταχὺ
552 1403 614 1443 καὶ
631 1405 727 1444 κατὰ
747 1403 880 1456 καιρὸν
896 1402 1139 1456 πράττεσθαι
1155 1406 1292 1456 πολλῷ
1313 1401 1485 1455 προέχει,

103 1485 142 1508 20
162 1469 259 1521 πρὸς
287 1472 329 1511 δὲ
358 1472 428 1512 τὰς
461 1470 735 1523 καταλλαγάς,
759 1470 805 1512 ἃς
833 1469 882 1511 ἂν
911 1472 1060 1511 ἐκεῖνος
1089 1468 1290 1519 ποιήσαιτ’
1314 1468 1487 1519 ἄσμενος

162 1536 258 1588 πρὸς
277 1536 521 1583 Ὀλυνθίους,
543 1538 729 1579 ἐναντίως
749 1537 844 1590 ἔχει.
900 1539 1021 1587 δῆλον
1041 1535 1115 1589 γάρ
1134 1537 1220 1576 ἐστι
1239 1539 1321 1577 τοῖς
1341 1535 1484 1576 Ὀλυν-

162 1603 259 1645 θίοις
287 1604 348 1643 ὅτι
376 1607 444 1644 νῦν
469 1604 514 1644 οὐ
542 1605 631 1656 περὶ
660 1603 777 1655 δόξης
806 1603 886 1644 οὐδ’
911 1604 1008 1655 ὑπὲρ
1036 1603 1176 1656 μέρους
1206 1602 1338 1655 χώρας
1366 1607 1486 1642 πολε-

160 1673 317 1720 μοῦσιν,
345 1670 437 1710 ἀλλ’
463 1670 722 1713 ἀναστάσεως
752 1671 814 1710 καὶ
847 1671 1167 1723 ἀνδραποδισμοῦ
1190 1672 1259 1719 τῆς
1286 1670 1483 1721 πατρίδος,

164 1736 226 1776 καὶ
245 1738 384 1777 ’ίσασιν
403 1736 428 1776 ὅ,
445 1736 480 1777 τ’
501 1737 803 1790 Ἀμφιπολιτῶν
822 1738 985 1788 ἐποίησε
1003 1737 1093 1778 τοὺς
1112 1736 1358 1789 παραδόντας
1383 1735 1485 1789 αὐτῷ

104 1817 141 1849 25
162 1801 233 1852 τὴν
271 1804 391 1844 πόλιν
431 1804 492 1844 καὶ
532 1805 741 1845 Πυδναίων
778 1804 868 1846 τοὺς
906 1802 1236 1854 ὑποδεξαμένουςΤ
1282 1802 1345 1843 καὶ
1383 1803 1486 1843 ὅλως

162 1868 344 1916 ἄπιστον,
380 1870 500 1921 οἶμαι,
534 1874 618 1912 ταῖς
649 1872 865 1913 πολιτείαις
897 1870 920 1921 ἡ
952 1870 1143 1922 τυραννίς,
1177 1869 1312 1911 ἄλλως
1344 1886 1386 1909 τε
1418 1868 1486 1909 κᾶν

163 1937 307 1988 ὅμορον
331 1937 466 1990 χώραν
491 1938 628 1990 ἔχωσι.
688 1937 794 1978 ταῦτ’
818 1937 886 1978 οὗν
911 1938 1132 1989 ἐγνωκότας
1157 1937 1268 1987 ὑμᾶς,
1296 1933 1325 1975 ῶ
1350 1934 1486 1988 ἄνδρες

163 2001 378 2053 Ἀθηναῖοι,
407 2005 468 2044 καὶ
497 2003 612 2044 τᾶλλ’
637 2004 661 2044 ἃ
690 2002 882 2056 προσήκει
911 2003 1025 2044 πάντ’
1052 2001 1486 2054 ἐι·θυμουμένους·φημὶ

162 2071 244 2109 δεῖν
273 2071 462 2120 ἐθελῆσαι
493 2070 554 2110 καὶ
584 2069 874 2122 παροξυνθῆναι
909 2071 969 2111 καὶ
998 2074 1051 2125 τῷ
1081 2068 1242 2124 πολέμῳ
1272 2067 1486 2121 προσέχειν

209 2187 225 2216 7
244 2179 425 2217 βοηθήσετε
439 2178 612 2210 Palatinus
628 2189 706 2217 142:
726 2179 914 2217 βοηθήσητε
930 2182 1009 2209 cett.
1102 2187 1141 2208 10
1157 2177 1317 2219 ἅνθρωπος
1332 2176 1486 2207 Bekker:

165 2221 325 2262 ἅνθρωπος
344 2222 411 2260 (vel
430 2223 516 2255 ἅνος)
536 2223 633 2253 codd.
796 2232 834 2261 13
857 2221 1014 2264 τρεψηται
1031 2221 1108 2252 secl.
1129 2221 1247 2251 Blassz
1273 2220 1433 2262 ἀνατρέψῃ
1451 2233 1487 2251 τε

166 2263 301 2295 Dobree
316 2265 390 2295 coll.
407 2276 473 2296 xxv
486 2267 550 2296 28:
568 2264 672 2308 κλέψῃ
689 2279 725 2297 τε
740 2266 868 2297 Cobet:
894 2265 1121 2305 εὐτρεπίσηται
1135 2264 1230 2295 Bake
1334 2275 1376 2295 20
1399 2263 1488 2301 ποιή-

165 2319 258 2339 σαιτο
277 2308 479 2340 Dresdensis
497 2309 521 2340 S
537 2322 588 2349 γρ.
608 2309 633 2339 F
649 2320 720 2350 γρ.;
745 2309 919 2346 ποιήσηται
937 2309 961 2339 S
979 2309 1069 2347 vulg.
1226 2318 1267 2338 22
1292 2309 1488 2347 πολεμοῦσιν

166 2351 283 2434 ςοῗᾱ,;
311 2352 547 2385 κινδυνεύουσιν
570 2351 738 2383 Maximus
755 2352 926 2383 Planudes
943 2362 962 2382 v
980 2362 1039 2391 471
1062 2351 1120 2393 ges.
1139 2351 1245 2382 schol.
1267 2351 1361 2381 Dem.
1383 2362 1412 2390 p.
1434 2360 1484 2388 43.

166 2402 207 2431 3ο

1515 101 1578 155 [9]

1515 714 1525 769 νὴ

1532 715 1594 769 10]
