1763 2828
89 108 204 163 [403]

675 104 1158 144 AHMOEOENOTE
1486 82 1572 155 &a

140 229 208 253 200
240 211 280 250 ἐν
314 209 469 252 θιάσοις
505 210 567 250 καὶ
601 209 816 261 μεθύουσιν
854 208 1076 260 ἀνθρώποις
1117 208 1440 258 καλινδούμενον;
1479 210 1577 259 μετὰ

87 797 205 852 [404]

138 894 202 919 201

137 1426 205 1451 202

239 279 360 316 ταῦτα
384 275 426 318 δὲ
451 281 538 318 ταῖς
567 277 709 330 ἀρχαῖς
740 275 1151 328 ὑπογραμματεύοντα
1187 274 1248 314 καὶ
1281 277 1387 315 δυοῖν
1411 271 1434 325 ἢ
1460 279 1577 327 τριῶν

240 346 425 397 δραχμῶν
451 343 624 396 πονηρὸν
651 345 767 391 ὅντα;
808 344 856 383 τὰ
883 345 1093 382 τελευταῖα
1124 340 1158 381 δ’
1185 341 1356 394 ἔναγχος
1382 342 1424 382 ἐν
1457 359 1576 395 χορη-

239 412 339 463 γίοις
374 411 600 462 ἀλλοτρίοις
637 411 701 450 ἐπὶ
741 413 795 464 τῷ
835 411 1164 461 τριταγωνιστεῖν
1203 409 1416 460 ἀγαπητῶς
1451 425 1575 461 παρα-

238 478 503 530 τρεφόμενον;
541 480 657 518 ποῖον
684 477 752 517 οὖν
780 478 880 529 ἐρεῖς
907 476 1019 526 filma·
1060 474 1105 516 ὃν
1132 477 1206 515 ποῦ
1230 475 1455 526 βεβίωκας;
1492 476 1577 516 ἐπεὶ
1598 493 1615 524 5

237 544 260 584 ὅ
284 562 329 597 γε
362 544 619 595 βεβιωμένος
647 560 713 583 σοι
739 546 914 584 τοιοῦτος
944 543 1142 594 φαίνεται.
1216 543 1322 582 ἀλλὰ
1355 541 1401 592 δὴ
1435 544 1483 582 τὰ
1509 544 1577 592 τῆς

238 610 434 661 ἐξουσίας·
473 611 586 652 οὗτος
614 610 740 650 ἄλλον
769 610 895 662 ἔκρινε
918 609 1009 661 παρ’
1032 610 1122 660 ὑμῖν
1149 609 1212 649 ἐπὶ
1237 609 1412 662 πορνείᾳ.
1471 610 1577 649 ἀλλὰ

236 677 352 729 μήπω
378 681 511 723 ταῦτα,
536 678 643 717 ἀλλὰ
668 679 737 718 τὰς
763 677 977 728 μαρτυρίας
1003 693 1069 727 μοι
1095 675 1190 727 λέγε
1215 679 1372 727 πρῶτον
1395 676 1575 716 ταυτασί.

802 795 1027 822 ΜΑΡΤΤΡΙΑῙ.

305 876 521 917 Τοσούτων
548 877 680 917 τοίνυν
707 875 768 915 καὶ
796 875 985 915 τοιούτων
1011 876 1148 921 ὄντων,
1171 873 1200 915 ὦ
1220 874 1356 926 ἄνδρες
1380 876 1573 922 δικασταί,
1601 894 1639 917 ιο

237 945 291 984 ὧν
327 945 470 984 ἀδικῶν
506 944 606 993 ὑμᾶς
645 941 945 994 ἐξελήλεγκται,
989 943 1029 982 ἐν
1066 942 1123 983 οἷς
1163 942 1203 982 τί
1240 941 1358 981 κακὸν
1393 942 1462 982 οὐκ
1497 942 1574 987 ἕνι,·

237 1011 464 1063 δωροδόκος,
495 1008 629 1060 κόλαξ,
667 1012 752 1050 ταῖς
788 1010 899 1061 ἀραῖς
936 1008 1090 1061 ἔνοχος,
1118 1008 1313 1061 ψεύστης,
1341 1012 1419 1049 τῶν
1445 1009 1576 1061 φίλων

236 1078 441 1130 προδότης,
469 1076 583 1118 πάντ’
615 1076 749 1117 ἔνεστι
785 1078 834 1116 τὰ
869 1076 1090 1116 δεινότατα·
1137 1075 1234 1126 πρὸς
1267 1075 1308 1116 ἓν
1339 1075 1420 1116 οὐδ’
1447 1076 1576 1116 ὁτιοῦν

236 1145 384 1185 τούτων
416 1142 731 1196 ἀπολογήσεται,
764 1142 843 1184 οὐδ’
872 1141 951 1193 ἕξει
990 1143 1141 1182 δικαίαν
1177 1141 1256 1182 οὐδ’
1288 1143 1420 1192 ἁπλῆν
1451 1143 1576 1183 εἰπεῖν

236 1211 456 1264 ἀπολογίαν
493 1210 688 1261 οὐδεμίαν.
764 1210 788 1250 ἃ
825 1209 856 1249 δ’
897 1210 976 1261 ἐγὼ
1015 1208 1218 1260 πέπυσμαι
1256 1207 1422 1260 μέλλειν
1458 1208 1576 1249 αὐτὸν
1599 1226 1636 1258 15

235 1278 382 1330 λέγειν,
418 1277 503 1318 ἔστι
539 1280 611 1328 μὲν
645 1275 849 1329 ἐγγυτάτω
887 1277 1042 1327 μανίας,
1080 1275 1125 1316 οὐ
1157 1275 1235 1327 μὴν
1267 1274 1359 1315 ἀλλ’
1392 1276 1491 1318 ἴσως
1521 1280 1575 1331 τῷ

235 1347 357 1396 μηδὲν
382 1344 515 1398 ἔχοντι
536 1345 685 1384 δίκαιον
709 1343 801 1384 ἄλλ’
827 1345 954 1384 εἰπεῖν
982 1342 1133 1395 ἀνάγκη
1154 1341 1283 1383 πάντα
1305 1345 1574 1396 μηχανᾶσθαι.

236 1412 363 1452 ἀκούω
396 1413 471 1464 γὰρ
505 1410 623 1452 αὐτὸν
658 1412 761 1463 ἐρεῖν
797 1410 847 1452 ὡς
884 1409 942 1462 ἄρ’
980 1410 1058 1462 ἐγὼ
1095 1408 1253 1450 πάντων
1284 1410 1338 1450 ῶν
1372 1412 1574 1462 κατηγορῶ

237 1478 422 1520 κοινωνὸς
447 1477 608 1530 γέγονα,
635 1478 696 1518 καὶ
725 1476 951 1529 συνήρεσκε
979 1475 1099 1517 ταῦτά
1124 1493 1191 1527 μοι
1217 1476 1279 1516 καὶ
1305 1475 1575 1528 συνέπραττον

235 1544 350 1599 αὐτῷ,
378 1544 497 1585 ἔπειτ’
525 1543 718 1596 ἐξαίφνης
755 1543 1068 1595 μεταβέβλημαι
1105 1543 1166 1583 καὶ
1201 1546 1416 1594 κατηγορῶ.
1487 1543 1574 1583 ἔστι
1597 1561 1636 1582 20

235 1611 267 1652 δ’
292 1612 388 1663 ὑπὲρ
420 1614 493 1662 μὲν
521 1614 599 1651 τῶν
627 1609 921 1662 πεπραγμένων
947 1610 1035 1650 οὔτε
1062 1610 1190 1649 δικαία
1216 1609 1304 1650 οὔτε
1330 1608 1572 1661 προσήκουσ’

235 1679 258 1730 ἡ
291 1678 450 1728 τοιαύτη
484 1678 696 1730 ἀπολογία,
735 1678 829 1727 ἐμοῦ
867 1676 1002 1727 μέντοι
1035 1693 1092 1718 τις
1127 1677 1352 1728 κατηγορία·
1390 1677 1468 1728 ἐγὼ
1499 1678 1573 1727 μὲν

236 1744 324 1798 γάρ,
365 1746 398 1786 εἰ
441 1748 561 1785 ταῦτα
606 1745 816 1794 πεποίηκα,
867 1743 1021 1795 φαῦλός
1064 1743 1138 1793 εἶμ’
1181 1742 1397 1795 ἄνθρωπος,
1441 1744 1489 1783 τὰ
1531 1745 1572 1784 δὲ

237 1811 432 1865 πράγματ’
469 1811 582 1852 οὐδὲν
621 1811 772 1862 βελτίω
813 1812 876 1851 διὰ
914 1813 1040 1856 τοῦτο,
1075 1811 1164 1851 οὐδὲ
1200 1813 1354 1850 πολλοῦ
1388 1812 1458 1850 δεῖ.
1528 1810 1573 1850 οὐ

238 1879 315 1930 μὴν
352 1878 443 1919 ἀλλ’
478 1877 596 1931 ἔγωγ’
633 1878 744 1929 οἶμαί
779 1895 846 1929 μοι
882 1877 1098 1930 προσήκειν
1135 1876 1327 1929 ἀμφότερ’
1360 1877 1449 1928 ὑμῖν
1486 1878 1570 1917 ἐπι-
1595 1893 1632 1926 ²5

240 1946 375 1997 δεῖξαι,
411 1946 472 1986 καὶ
507 1946 567 1986 ὅτι
602 1945 814 1998 ψεύσεται,
844 1944 948 1985 ταῦτ’
978 1946 1045 1985 ἐὰν
1078 1944 1192 2000 λέγῃ,
1225 1945 1287 1984 καὶ
1319 1943 1389 1994 τὴν
1419 1945 1573 1984 δικαίαν

239 2013 324 2063 ἥτις
350 2014 462 2054 ἐστὶν
489 2013 702 2065 ἀπολογία.
774 2012 796 2063 ἡ
823 2015 896 2063 μὲν
921 2014 1054 2053 τοίνυν
1079 2012 1208 2052 δικαία
1235 2011 1296 2051 καὶ
1325 2012 1445 2061 ἁπλῆ,
1471 2007 1494 2060 ἢ
1521 2010 1572 2052 ὡς

240 2080 284 2120 οὐ
320 2079 542 2132 πέπρακται
580 2082 628 2120 τὰ
667 2079 962 2132 κατηγορημένα
998 2077 1134 2129 δεῖξαι,
1169 2075 1193 2129 ἢ
1227 2078 1278 2121 ὡς
1313 2077 1571 2130 πεπραγμένα

285 2201 305 2221 2
328 2191 348 2229 ἢ
364 2191 390 2221 L
407 2190 514 2230 vulg.:
540 2191 591 2223 καὶ
611 2188 676 2221 SA
766 2198 785 2228 5
810 2189 914 2229 filum]
934 2189 1163 2228 interrogandi
1182 2188 1315 2227 signum
1333 2187 1446 2227 posuit
1463 2187 1571 2218 Cobet

242 2238 302 2266 ποῦ
320 2233 416 2265 Blass
435 2234 511 2265 coll.
530 2244 599 2264 xxv
617 2243 675 2273 77:
702 2235 736 2265 οὐ
754 2233 850 2264 codd.
1011 2242 1045 2262 11
1075 2231 1191 2272 κακὸν]
1210 2245 1314 2264 κακων
1332 2232 1356 2261 S
1374 2232 1404 2269 (o
1421 2241 1439 2261 a
1456 2241 1504 2270 pr.
1525 2241 1566 2262 m.

243 2288 344 2317 supra
360 2278 500 2317 scripto)
519 2290 525 2309 ε
550 2281 655 2310 κακῶν
671 2276 702 2306 Α
837 2286 874 2314 13
900 2276 1006 2308 ἔνεστι
1025 2287 1089 2307 om.
1109 2275 1212 2314 FPQ
1337 2285 1378 2305 22
1403 2275 1422 2313 ἡ
1439 2274 1570 2312 τοιαύτη

243 2321 420 2362 ἀπολογία]
438 2322 457 2359 ἡ
475 2322 638 2362 ἀπολογία
655 2322 733 2358 αὕτη
753 2319 776 2349 S
788 2333 837 2361 γρ.
857 2319 901 2350 L:
929 2321 1007 2357 αὕτη
1026 2320 1185 2360 ἀπολογία
1203 2318 1228 2349 Ρ
1246 2329 1328 2349 corr.
1347 2318 1400 2357 Q:
1426 2318 1570 2348 sortasse

243 2366 377 2403 τοιαύτη
395 2365 634 2395 secludendum
655 2363 775 2403 (weil)
867 2372 905 2400 27
931 2364 1092 2404 ἀπολογία
1110 2363 1194 2395 SA:
1221 2363 1400 2403 ἀπολογίαν
1418 2362 1567 2391 Dobree:

245 2409 403 2448 ἀπολογία
421 2408 568 2448 φεύξεται
589 2408 614 2437 L
631 2407 720 2445 vu!g.
