1747 2844
166 144 253 197 m]
391 148 535 185 ΠΕΡι
582 148 707 186 ΤΗΣ
755 147 1273 185 ΠΑΡΑΠΡΕΣΒΕιΑΣ
1522 147 1634 202 [435]

165 251 411 302 προστασίας
449 249 684 300 ἀξιούμενοι,
725 251 761 290 οἱ
799 250 951 300 μείζους
992 254 1070 290 τῶν
1111 254 1275 291 πολλῶν
1318 252 1491 302 οἰόμενοι

164 320 246 358 δεῖν
270 317 383 359 εἶναι.
454 316 498 357 οὐ
524 315 727 368 Πέριλλος
759 315 921 367 ἐκρίνετ’
948 315 1121 369 ἔναγχος
1152 317 1195 356 ἐν
1222 316 1424 369 Μεγάροις
1451 320 1491 359 ἐν

163 388 245 426 τοῖς
270 384 522 435 τριακοσίοις,
549 384 609 423 ὅτι
634 382 730 435 πρὸς
756 383 960 423 Φίλιππον
988 383 1168 435 ἀφίκετο,
1198 384 1260 423 καὶ
1285 385 1493 435 παρελθὼν
1523 383 1639 438 [436]

164 451 412 502 Πτοιόδωρος
451 449 568 490 αὐτὸν
608 447 841 505 ἐξῃτήσατο,
882 449 945 489 καὶ
985 449 1143 503 πλούτῳ
1186 449 1248 489 καὶ
1286 449 1392 502 γένει
1432 451 1493 491 καὶ

123 536 140 567 5
162 515 254 572 δόξῃ
281 520 431 568 πρῶτος
458 514 690 568 Μεγαρέων,
719 516 782 556 καὶ
810 515 931 556 πάλιν
959 515 1010 557 ὡς
1039 516 1246 557 Φίλιππον
1275 514 1491 570 ἐξέπεμψε,

163 583 226 623 καὶ
256 584 353 633 μετὰ
384 582 492 622 ταῦθ’
518 583 538 621 6
569 583 641 633 μὲν
674 582 768 633 ἧκεν
803 581 910 634 ἄγων
951 582 1041 624 τοὺς
1077 581 1224 632 ξένους,
1261 583 1281 622 6
1316 583 1349 622 δ’
1379 583 1494 624 ἔνδον

161 649 333 702 ἐτύρευε,·
368 652 539 689 τοιαῦτα.
600 648 644 688 οὐ
669 650 744 700 γὰρ
773 649 897 695 ἔστιν,
921 649 990 690 οὐκ
1019 648 1105 689 ἔσθ’
1126 651 1147 689 ὅ
1171 666 1208 689 τι
1232 653 1310 690 τῶν
1335 649 1492 691 πάντων
1522 656 1590 701 296

160 719 318 766 μᾶλλον
347 715 610 767 εὐλαβεῖσθαι
635 718 696 756 δεῖ
723 712 745 765 ἢ
778 715 822 755 τὸ
851 716 967 767 μείζω
1004 717 1091 756 τινὰ
1119 720 1195 756 τῶν
1226 721 1389 757 πολλῶν
1424 718 1492 758 ἐᾶν

161 784 380 834 γίγνεσθαι.
451 781 503 833 μή
539 799 605 833 μοι
642 781 831 837 σῳζέσθω
868 782 957 833 μηδ’
989 783 1235 823 ἀπολλύσθω
1270 784 1417 833 μηδείς,
1443 782 1492 824 ἂν

102 865 138 887 10
159 850 180 888 6
216 852 324 890 δεΐνα
360 849 569 900 βούληται,
609 849 701 889 ἀλλ’
738 848 783 890 ὃν
818 848 865 890 ἂν
902 851 950 889 τὰ
994 848 1252 901 πεπραγμένα
1288 848 1392 906 σῴζῃ
1431 850 1492 890 καὶ

159 915 397 963 τούναντίον,
426 916 550 971 τούτῳ
577 919 645 967 τῆς
679 917 957 968 προσηκούσης
999 914 1143 968 ψήφου
1172 915 1262 969 παρ’
1288 917 1395 967 ὑμῶν
1419 917 1490 957 ὑπ-

158 982 312 1036 αρχέτω
338 983 564 1036 τυγχάνειν·
601 987 715 1023 τοῦτο
748 983 821 1035 γάρ
857 984 944 1023 ἐστι
986 983 1209 1033 δημοτικόν.
1270 983 1327 1023 ἔτι
1360 983 1492 1024 τοίνυν
1521 993 1588 1029 297

159 1050 305 1090 πολλοὶ
337 1049 427 1102 παρ’
460 1051 551 1101 ὑμῖν
587 1050 651 1091 ἐπὶ
690 1053 833 1102 καιρῶν
873 1050 1092 1102 γεγόνασιν
1129 1050 1300 1103 ἰσχυροί,
1338 1050 1488 1089 Καλλί-

158 1132 340 1166 στρατος,
389 1116 499 1159 αὖθις
546 1115 815 1168 Ἀριστοφῶν,
871 1116 1114 1168 Διόφαντος,
1167 1116 1315 1157 τούτων
1366 1115 1492 1168 ἕτεροι

98 1198 133 1229 15
157 1183 360 1235 πρότερον.
430 1183 538 1224 ἀλλὰ
575 1187 649 1223 ποῦ
684 1183 831 1224 τούτων
873 1183 1040 1224 ἕκαστος
1080 1183 1319 1235 ἐπρώτευεν,’
1359 1183 1401 1223 ἐν
1436 1186 1488 1237 τῷ

156 1247 276 1303 δήμῳ·
313 1250 356 1290 ἐν
381 1251 422 1291 δὲ
445 1254 526 1292 τοῖς
552 1251 819 1302 δικαστηρίοις
848 1250 975 1292 οὐδείς
1002 1267 1062 1291 πω
1088 1248 1206 1303 μέχρι
1230 1251 1298 1299 τῆς
1323 1248 1490 1301 τήμερον

154 1314 300 1368 ἡμέρας
334 1316 443 1367 ὑμῶν
478 1316 567 1358 οὐδὲ
601 1320 679 1357 τῶν
716 1317 847 1367 νόμων
890 1317 979 1358 οὐδὲ
1022 1320 1100 1357 τῶν
1140 1317 1265 1368 ὅρκων
1305 1317 1489 1367 κρείττων

155 1381 332 1434 γέγονεν.
397 1382 449 1434 μὴ
488 1384 620 1424 τοίνυν
658 1385 755 1434 μηδὲ
795 1387 862 1424 νῦν
906 1386 1044 1423 τοῦτον
1091 1381 1248 1432 ἐάσητε.
1318 1382 1378 1422 ὅτι
1415 1383 1490 1433 γὰρ

153 1452 277 1489 ταῦτα
312 1449 575 1502 φυλάττοισθ’
608 1448 657 1490 ἂν
690 1450 848 1491 εἰκότως
888 1452 1044 1500 μᾶλλον
1080 1446 1104 1499 ἢ
1139 1449 1375 1495 πιστεύοιτε,
1412 1452 1489 1489 τῶν

94 1531 132 1552 20
152 1517 252 1555 θεῶν
287 1516 378 1566 ὑμῖν
412 1517 601 1567 μαντείαν
636 1516 932 1568 ἀναγνώσομαι,
971 1516 1083 1567 οἵπερ
1122 1516 1182 1556 ἀεὶ
1217 1513 1387 1570 σῴζουσι
1418 1514 1488 1565 τὴν

152 1582 272 1623 πόλιν
288 1586 426 1638 πολλῷ
443 1586 522 1624 τῶν
537 1583 841 1635 προεστηκότων
860 1585 1027 1633 μᾶλλον.
1093 1581 1188 1634 λέγε
1204 1583 1274 1624 τὰς
1289 1582 1487 1633 μαντείας.

712 1702 922 1729 ΜΑΝΤΕῙΑΙ.

219 1781 406 1828 Ἀκούετζ
433 1780 463 1822 ὦ
492 1780 629 1833 ἄνδρες
658 1780 877 1831 Ἀθηναῖοι,
904 1784 982 1821 τῶν
1017 1783 1116 1821 θεῶν
1147 1779 1199 1821 οἷ’
1225 1781 1315 1831 ὑμῖν
1343 1779 1485 1831 προλέ-
1519 1782 1587 1826 298

152 1865 306 1900 γουσιν.
367 1849 399 1889 εἰ
424 1850 496 1899 μὲν
520 1849 653 1888 τοίνυν
678 1847 960 1898 πολεμούντων
988 1848 1096 1898 ὑμῶν
1122 1846 1228 1887 ταῦτ’
1254 1845 1484 1903 ἀνῃρήκασι,

92 1930 129 1962 25
152 1914 243 1957 τοὺς
272 1914 517 1967 στρατηγοὺς
546 1913 713 1967 λέγουσι
744 1913 1035 1967 φυλάττεσθαι·
1076 1913 1254 1964 πολέμου
1283 1912 1357 1966 γάρ
1386 1914 1488 1955 εἰσιν

151 1982 341 2034 ἡγεμόνες
366 1983 402 2022 οἱ
429 1982 658 2033 στρατηγοί·
697 1982 730 2022 εἰ
755 1983 797 2022 δὲ
819 1980 1097 2033 πεποιημένων
1120 1979 1290 2032 εἰρήνην,
1311 1979 1400 2022 τοὺς
1424 1979 1488 2021 ἐπὶ

152 2051 221 2099 τῆς
258 2049 460 2089 πολιτείας
496 2048 782 2101 ἐφεστηκότας·
837 2048 945 2089 οὗτοι
982 2049 1057 2100 γὰρ
1100 2048 1298 2099 ἡγοῦνται,
1337 2046 1488 2089 τούτοις

198 2168 211 2188 1
239 2158 437 2199 προστασίας
456 2157 522 2189 SA
536 2157 600 2188 FY
612 2157 642 2189 Ο
658 2168 664 2188 2
688 2161 894 2199 προστασιῶν
912 2157 938 2187 L
952 2157 979 2187 P
1080 2167 1099 2187 2
1127 2156 1285 2198 Πέριλλος
1304 2156 1485 2196 Harpocr.‚

152 2201 306 2242 photius,
325 2202 458 2240 Suidas‚
479 2201 519 2232 cf.
539 2201 620 2231 xviii
638 2202 692 2239 48,
710 2210 772 2241 295
788 2212 793 2230 :
821 2201 976 2243 Περίλαος
994 2200 1090 2231 codd.
1256 2210 1295 2230 10
1318 2200 1337 2238 ἢ
1356 2200 1422 2240 (καὶ
1440 2200 1484 2241 L)

152 2247 168 2276 ὁ
193 2247 280 2277 δεῖνα
303 2251 380 2285 post
405 2247 420 2276 ὁ
445 2248 533 2277 δεῖνα
556 2245 632 2275 add.
652 2244 764 2283 vulg.:
801 2255 864 2276 om.
891 2245 914 2275 S
939 2244 1033 2275 solus
1186 2253 1223 2282 13
1263 2245 1383 2275 ἐκεῖνος
1407 2248 1484 2283 post

153 2289 400 2330 Καλλίστρατος
416 2289 493 2319 add.
514 2289 539 2318 L
555 2288 645 2327 vulg.
665 2288 720 2329 (cf.
738 2287 817 2318 xviii
836 2288 914 2328 219)
930 2298 935 2317 :
963 2297 1026 2318 om.
1049 2285 1084 2317 S¹
1097 2285 1127 2316 A
1140 2285 1170 2316 Y
1294 2297 1332 2325 19
1355 2288 1374 2325 ἢ
1393 2287 1483 2318 SA:

152 2333 237 2370 ὑμεῖς
254 2332 273 2370 ἢ
290 2332 417 2364 τούτοις
435 2332 461 2362 L
478 2331 567 2371 vulg.
680 2341 723 2361 20
745 2331 913 2372 μαντείαν]
933 2330 1106 2372 μαρτυρίαν
1124 2329 1148 2360 S
1165 2329 1257 2360 solus
1368 2341 1409 2370 23
1433 2330 1484 2363 οἶα

150 2373 239 2414 vulg.
260 2386 266 2405 :
300 2375 319 2407 ἃ
336 2376 360 2406 S
373 2375 399 2405 L
412 2375 477 2414 FQ
491 2375 521 2406 Ο
698 2385 738 2412 24
763 2374 937 2416 ἀνῃρήκασι
953 2373 1043 2412 vulg.
1063 2384 1070 2403 z
1103 2373 1308 2415 ἀνειρήκασιν
1326 2373 1350 2405 S
1362 2373 1409 2405 L:
1444 2375 1483 2407 ἂν

153 2417 316 2458 εἶρήκασιν
331 2418 404 2457 YQ
416 2418 447 2449 Ο
582 2419 624 2448 26
648 2418 677 2450 οἱ
693 2427 759 2451 om.
777 2417 834 2449 5¹:
859 2417 935 2449 add.
956 2421 1024 2448 ant.
1042 2426 1086 2448 m.
1288 2455 1348 2487 Y*

1314 2466 1323 2488 ι
