<?xml version="1.0" encoding="UTF-8"?>
<!DOCTYPE html PUBLIC "-//W3C//DTD XHTML 1.0 Transitional//EN"
    "http://www.w3.org/TR/xhtml1/DTD/xhtml1-transitional.dtd">
<html xmlns="http://www.w3.org/1999/xhtml" xml:lang="en" lang="en">
 <head>
  <title>
</title>
<meta http-equiv="Content-Type" content="text/html;charset=utf-8" />
  <meta name='ocr-system' content='tesseract 3.04.00' />
  <meta name='ocr-capabilities' content='ocr_page ocr_carea ocr_par ocr_line ocrx_word'/>
</head>
<body>
  <div class='ocr_page' id='page_1' title='image "./orationesrecogno01demouoft_0158.png"; bbox 0 0 1763 2828; ppageno 0'>
   <div class='ocr_carea' id='block_1_1' title="bbox 137 139 241 194">
    <p class='ocr_par' dir='ltr' id='par_1_1' title="bbox 137 139 241 194">
     <span class='ocr_line' id='line_1_1' title="bbox 137 139 241 194; baseline 0 0"><span class='ocrx_word' id='word_1_1' title='bbox 137 139 241 194; x_wconf 48' lang='lat' dir='ltr'>[affl</span> 
     </span>
    </p>
   </div>
   <div class='ocr_carea' id='block_1_2' title="bbox 197 1456 241 1492">
    <p class='ocr_par' dir='ltr' id='par_1_2' title="bbox 197 1456 241 1492">
     <span class='ocr_line' id='line_1_2' title="bbox 197 1456 241 1492; baseline 0 0"><span class='ocrx_word' id='word_1_2' title='bbox 197 1456 241 1492; x_wconf 89' lang='grc'>47</span> 
     </span>
    </p>
   </div>
   <div class='ocr_carea' id='block_1_3' title="bbox 131 1880 239 1935">
    <p class='ocr_par' dir='ltr' id='par_1_3' title="bbox 131 1880 239 1935">
     <span class='ocr_line' id='line_1_3' title="bbox 131 1880 239 1935; baseline 0 0"><span class='ocrx_word' id='word_1_3' title='bbox 131 1880 239 1935; x_wconf 48' lang='lat' dir='ltr'>[nst</span> 
     </span>
    </p>
   </div>
   <div class='ocr_carea' id='block_1_4' title="bbox 676 133 1593 189">
    <p class='ocr_par' dir='ltr' id='par_1_4' title="bbox 676 133 1593 189">
     <span class='ocr_line' id='line_1_4' title="bbox 676 133 1593 189; baseline -0.001 -11"><span class='ocrx_word' id='word_1_4' title='bbox 676 135 1196 189; x_wconf 60' lang='grc' dir='ltr'>[ΔιιΜοΣεηῑκωτΣ]</span> <span class='ocrx_word' id='word_1_5' title='bbox 1553 133 1593 188; x_wconf 84' lang='lat' dir='ltr'>[x</span> 
     </span>
    </p>
   </div>
   <div class='ocr_carea' id='block_1_5' title="bbox 270 242 1657 2164">
    <p class='ocr_par' dir='ltr' id='par_1_5' title="bbox 271 242 1635 762">
     <span class='ocr_line' id='line_1_5' title="bbox 274 242 1594 297; baseline 0.002 -15"><span class='ocrx_word' id='word_1_6' title='bbox 274 244 471 296; x_wconf 84' lang='grc' dir='ltr'>ἀσφαλῶς</span> <span class='ocrx_word' id='word_1_7' title='bbox 501 244 608 297; x_wconf 85' lang='grc' dir='ltr'>ἔχειν</span> <span class='ocrx_word' id='word_1_8' title='bbox 638 244 866 294; x_wconf 73' lang='grc' dir='ltr'>νομίζοντας</span> <span class='ocrx_word' id='word_1_9' title='bbox 897 243 959 283; x_wconf 87' lang='grc' dir='ltr'>καὶ</span> <span class='ocrx_word' id='word_1_10' title='bbox 988 244 1084 294; x_wconf 77' lang='grc' dir='ltr'>ὑπὲρ</span> <span class='ocrx_word' id='word_1_11' title='bbox 1108 242 1255 282; x_wconf 89' lang='grc' dir='ltr'>τούτων</span> <span class='ocrx_word' id='word_1_12' title='bbox 1283 242 1334 292; x_wconf 79' lang='grc' dir='ltr'>μὴ</span> <span class='ocrx_word' id='word_1_13' title='bbox 1360 242 1594 290; x_wconf 82' lang='grc' dir='ltr'>δεδοικότας,</span> 
     </span>
     <span class='ocr_line' id='line_1_6' title="bbox 275 310 1597 366; baseline -0.002 -16"><span class='ocrx_word' id='word_1_14' title='bbox 275 311 329 351; x_wconf 82' lang='grc' dir='ltr'>εἷς</span> <span class='ocrx_word' id='word_1_15' title='bbox 359 311 400 351; x_wconf 82' lang='grc' dir='ltr'>δὲ</span> <span class='ocrx_word' id='word_1_16' title='bbox 431 310 520 352; x_wconf 85' lang='grc' dir='ltr'>τοὺς</span> <span class='ocrx_word' id='word_1_17' title='bbox 551 311 749 352; x_wconf 75' lang='grc' dir='ltr'>κινδύνους</span> <span class='ocrx_word' id='word_1_18' title='bbox 780 312 889 350; x_wconf 77' lang='grc' dir='ltr'>κοινὰ</span> <span class='ocrx_word' id='word_1_19' title='bbox 914 311 1010 361; x_wconf 81' lang='grc' dir='ltr'>ὑπὲρ</span> <span class='ocrx_word' id='word_1_20' title='bbox 1035 311 1102 359; x_wconf 87' lang='grc' dir='ltr'>τῆς</span> <span class='ocrx_word' id='word_1_21' title='bbox 1133 310 1328 360; x_wconf 82' lang='grc' dir='ltr'>σωτηρίας</span> <span class='ocrx_word' id='word_1_22' title='bbox 1353 311 1401 349; x_wconf 84' lang='grc' dir='ltr'>τὰ</span> <span class='ocrx_word' id='word_1_23' title='bbox 1431 311 1526 350; x_wconf 86' lang='grc' dir='ltr'>ὄντα</span> <span class='ocrx_word' id='word_1_24' title='bbox 1550 315 1597 366; x_wconf 82' lang='grc' dir='ltr'>τῇ</span> 
     </span>
     <span class='ocr_line' id='line_1_7' title="bbox 274 376 1597 430; baseline 0 -14"><span class='ocrx_word' id='word_1_25' title='bbox 274 378 429 429; x_wconf 90' lang='grc' dir='ltr'>πατρίδι</span> <span class='ocrx_word' id='word_1_26' title='bbox 467 376 724 430; x_wconf 69' lang='grc' dir='ltr'>παρέχοντας,</span> <span class='ocrx_word' id='word_1_27' title='bbox 761 377 848 419; x_wconf 85' lang='grc' dir='ltr'>τοὺς</span> <span class='ocrx_word' id='word_1_28' title='bbox 884 378 925 417; x_wconf 82' lang='grc' dir='ltr'>δὲ</span> <span class='ocrx_word' id='word_1_29' title='bbox 962 376 1125 418; x_wconf 81' lang='grc' dir='ltr'>λοιποὺς</span> <span class='ocrx_word' id='word_1_30' title='bbox 1156 377 1203 415; x_wconf 77' lang='grc' dir='ltr'>τὰ</span> <span class='ocrx_word' id='word_1_31' title='bbox 1238 378 1309 425; x_wconf 80' lang='grc' dir='ltr'>μὲν</span> <span class='ocrx_word' id='word_1_32' title='bbox 1343 377 1453 416; x_wconf 81' lang='grc' dir='ltr'>κοινὰ</span> <span class='ocrx_word' id='word_1_33' title='bbox 1485 377 1597 416; x_wconf 81' lang='grc' dir='ltr'>κοινὰ</span> 
     </span>
     <span class='ocr_line' id='line_1_8' title="bbox 273 441 1597 497; baseline -0.002 -13"><span class='ocrx_word' id='word_1_34' title='bbox 273 444 501 494; x_wconf 81' lang='grc' dir='ltr'>νομίζοντας</span> <span class='ocrx_word' id='word_1_35' title='bbox 528 443 589 484; x_wconf 87' lang='grc' dir='ltr'>καὶ</span> <span class='ocrx_word' id='word_1_36' title='bbox 613 443 853 497; x_wconf 80' lang='grc' dir='ltr'>μετέχοντας</span> <span class='ocrx_word' id='word_1_37' title='bbox 877 443 922 482; x_wconf 84' lang='grc' dir='ltr'>τὸ</span> <span class='ocrx_word' id='word_1_38' title='bbox 946 443 1077 495; x_wconf 83' lang='grc' dir='ltr'>μέρος,</span> <span class='ocrx_word' id='word_1_39' title='bbox 1103 443 1150 482; x_wconf 82' lang='grc' dir='ltr'>τὰ</span> <span class='ocrx_word' id='word_1_40' title='bbox 1176 441 1208 482; x_wconf 90' lang='grc' dir='ltr'>δ’</span> <span class='ocrx_word' id='word_1_41' title='bbox 1233 441 1402 483; x_wconf 81' lang='grc' dir='ltr'>ἑκάστου</span> <span class='ocrx_word' id='word_1_42' title='bbox 1427 443 1506 483; x_wconf 79' lang='grc' dir='ltr'>ἴδια</span> <span class='ocrx_word' id='word_1_43' title='bbox 1528 445 1597 482; x_wconf 89' lang='grc' dir='ltr'>τοῦ</span> 
     </span>
     <span class='ocr_line' id='line_1_9' title="bbox 274 508 1635 561; baseline -0.001 -11"><span class='ocrx_word' id='word_1_44' title='bbox 274 510 520 561; x_wconf 87' lang='grc' dir='ltr'>κεκτημένου.</span> <span class='ocrx_word' id='word_1_45' title='bbox 593 511 691 550; x_wconf 83' lang='grc' dir='ltr'>οὕτω</span> <span class='ocrx_word' id='word_1_46' title='bbox 730 511 791 550; x_wconf 82' lang='grc' dir='ltr'>καὶ</span> <span class='ocrx_word' id='word_1_47' title='bbox 827 511 942 561; x_wconf 84' lang='grc' dir='ltr'>μικρὰ</span> <span class='ocrx_word' id='word_1_48' title='bbox 977 508 1131 561; x_wconf 83' lang='grc' dir='ltr'>μεγάλη</span> <span class='ocrx_word' id='word_1_49' title='bbox 1170 510 1286 550; x_wconf 84' lang='grc' dir='ltr'>πόλις</span> <span class='ocrx_word' id='word_1_50' title='bbox 1321 509 1499 560; x_wconf 90' lang='grc' dir='ltr'>γίγνεται</span> <span class='ocrx_word' id='word_1_51' title='bbox 1535 510 1597 549; x_wconf 90' lang='grc' dir='ltr'>καὶ</span> <span class='ocrx_word' id='word_1_52' title='bbox 1617 524 1635 556; x_wconf 85' lang='grc'>5</span> 
     </span>
     <span class='ocr_line' id='line_1_10' title="bbox 271 574 1596 632; baseline -0.002 -14"><span class='ocrx_word' id='word_1_53' title='bbox 271 576 426 629; x_wconf 87' lang='grc' dir='ltr'>μεγάλη</span> <span class='ocrx_word' id='word_1_54' title='bbox 454 574 629 632; x_wconf 78' lang='grc' dir='ltr'>σῴζεται.</span> <span class='ocrx_word' id='word_1_55' title='bbox 690 577 740 619; x_wconf 86' lang='grc' dir='ltr'>ὡς</span> <span class='ocrx_word' id='word_1_56' title='bbox 764 579 835 627; x_wconf 83' lang='grc' dir='ltr'>μὲν</span> <span class='ocrx_word' id='word_1_57' title='bbox 861 577 929 617; x_wconf 75' lang='grc' dir='ltr'>οὖν</span> <span class='ocrx_word' id='word_1_58' title='bbox 955 578 1056 617; x_wconf 84' lang='grc' dir='ltr'>εἴποι</span> <span class='ocrx_word' id='word_1_59' title='bbox 1081 592 1139 617; x_wconf 88' lang='grc' dir='ltr'>τις</span> <span class='ocrx_word' id='word_1_60' title='bbox 1163 575 1224 621; x_wconf 83' lang='grc' dir='ltr'>ἄν,</span> <span class='ocrx_word' id='word_1_61' title='bbox 1245 575 1270 616; x_wconf 76' lang='grc' dir='ltr'>ἃ</span> <span class='ocrx_word' id='word_1_62' title='bbox 1294 574 1382 627; x_wconf 87' lang='grc' dir='ltr'>παρ’</span> <span class='ocrx_word' id='word_1_63' title='bbox 1401 574 1596 627; x_wconf 80' lang='grc' dir='ltr'>ἑκατέρων</span> 
     </span>
     <span class='ocr_line' id='line_1_11' title="bbox 273 638 1596 697; baseline -0.002 -13"><span class='ocrx_word' id='word_1_64' title='bbox 273 643 372 684; x_wconf 80' lang='grc' dir='ltr'>εἶναι</span> <span class='ocrx_word' id='word_1_65' title='bbox 398 647 466 689; x_wconf 86' lang='grc' dir='ltr'>δεῖ,</span> <span class='ocrx_word' id='word_1_66' title='bbox 494 643 598 683; x_wconf 81' lang='grc' dir='ltr'>ταῦτ’</span> <span class='ocrx_word' id='word_1_67' title='bbox 624 644 721 686; x_wconf 81' lang='grc' dir='ltr'>ἴσως</span> <span class='ocrx_word' id='word_1_68' title='bbox 746 644 870 684; x_wconf 86' lang='grc' dir='ltr'>ἐστίν·</span> <span class='ocrx_word' id='word_1_69' title='bbox 909 643 959 686; x_wconf 87' lang='grc' dir='ltr'>ὡς</span> <span class='ocrx_word' id='word_1_70' title='bbox 986 645 1027 684; x_wconf 80' lang='grc' dir='ltr'>δὲ</span> <span class='ocrx_word' id='word_1_71' title='bbox 1053 642 1116 683; x_wconf 87' lang='grc' dir='ltr'>καὶ</span> <span class='ocrx_word' id='word_1_72' title='bbox 1138 641 1283 696; x_wconf 86' lang='grc' dir='ltr'>γένοιτ’</span> <span class='ocrx_word' id='word_1_73' title='bbox 1309 642 1368 689; x_wconf 86' lang='grc' dir='ltr'>ἄν,</span> <span class='ocrx_word' id='word_1_74' title='bbox 1397 638 1467 695; x_wconf 85' lang='grc' dir='ltr'>[ἐν]</span> <span class='ocrx_word' id='word_1_75' title='bbox 1490 643 1596 697; x_wconf 78' lang='grc' dir='ltr'>νόμῳ</span> 
     </span>
     <span class='ocr_line' id='line_1_12' title="bbox 272 710 662 762; baseline 0.003 -13"><span class='ocrx_word' id='word_1_76' title='bbox 272 710 567 762; x_wconf 86' lang='grc' dir='ltr'>διορθώσασθαι</span> <span class='ocrx_word' id='word_1_77' title='bbox 591 713 662 750; x_wconf 85' lang='grc' dir='ltr'>δεῖ.</span> 
     </span>
    </p>

    <p class='ocr_par' dir='ltr' id='par_1_6' title="bbox 270 776 1657 2164">
     <span class='ocr_line' id='line_1_13' title="bbox 337 776 1597 830; baseline 0 -15"><span class='ocrx_word' id='word_1_78' title='bbox 337 779 429 817; x_wconf 87' lang='grc' dir='ltr'>Τῶν</span> <span class='ocrx_word' id='word_1_79' title='bbox 462 778 504 816; x_wconf 82' lang='grc' dir='ltr'>δὲ</span> <span class='ocrx_word' id='word_1_80' title='bbox 540 777 746 828; x_wconf 89' lang='grc' dir='ltr'>παρόντων</span> <span class='ocrx_word' id='word_1_81' title='bbox 783 776 1023 830; x_wconf 86' lang='grc' dir='ltr'>πραγμάτων</span> <span class='ocrx_word' id='word_1_82' title='bbox 1060 777 1121 818; x_wconf 86' lang='grc' dir='ltr'>καὶ</span> <span class='ocrx_word' id='word_1_83' title='bbox 1153 779 1222 828; x_wconf 87' lang='grc' dir='ltr'>τῆς</span> <span class='ocrx_word' id='word_1_84' title='bbox 1254 778 1430 828; x_wconf 84' lang='grc' dir='ltr'>ταραχῆς</span> <span class='ocrx_word' id='word_1_85' title='bbox 1463 777 1597 816; x_wconf 82' lang='grc' dir='ltr'>πολλὰ</span> 
     </span>
     <span class='ocr_line' id='line_1_14' title="bbox 272 841 1657 895; baseline -0.001 -13"><span class='ocrx_word' id='word_1_86' title='bbox 272 841 474 895; x_wconf 86' lang='grc' dir='ltr'>πόρρωθέν</span> <span class='ocrx_word' id='word_1_87' title='bbox 510 843 598 883; x_wconf 84' lang='grc' dir='ltr'>ἐστι</span> <span class='ocrx_word' id='word_1_88' title='bbox 633 844 681 882; x_wconf 83' lang='grc' dir='ltr'>τὰ</span> <span class='ocrx_word' id='word_1_89' title='bbox 717 844 834 884; x_wconf 82' lang='grc' dir='ltr'>αἴτια·</span> <span class='ocrx_word' id='word_1_90' title='bbox 881 845 906 884; x_wconf 72' lang='grc' dir='ltr'><strong><em>ἃ</em></strong></span> <span class='ocrx_word' id='word_1_91' title='bbox 943 846 976 885; x_wconf 81' lang='grc' dir='ltr'>εἰ</span> <span class='ocrx_word' id='word_1_92' title='bbox 1011 843 1274 894; x_wconf 76' lang='grc' dir='ltr'>βουλομένοις</span> <span class='ocrx_word' id='word_1_93' title='bbox 1312 844 1403 893; x_wconf 83' lang='grc' dir='ltr'>ὑμῖν</span> <span class='ocrx_word' id='word_1_94' title='bbox 1441 842 1596 883; x_wconf 83' lang='grc' dir='ltr'>ἀκούειν</span> <span class='ocrx_word' id='word_1_95' title='bbox 1618 857 1657 879; x_wconf 89' lang='lat'>10</span> 
     </span>
     <span class='ocr_line' id='line_1_15' title="bbox 271 898 1597 962; baseline 0.002 -13"><span class='ocrx_word' id='word_1_96' title='bbox 271 910 396 956; x_wconf 81' lang='grc' dir='ltr'>ἐστίν,</span> <span class='ocrx_word' id='word_1_97' title='bbox 433 908 557 950; x_wconf 85' lang='grc' dir='ltr'>ἐθέλω</span> <span class='ocrx_word' id='word_1_98' title='bbox 593 908 741 962; x_wconf 89' lang='grc' dir='ltr'>λέγειν.</span> <span class='ocrx_word' id='word_1_99' title='bbox 785 898 1003 960; x_wconf 28' lang='grc' dir='ltr'>νβέξέστητζ</span> <span class='ocrx_word' id='word_1_100' title='bbox 1041 909 1070 950; x_wconf 78' lang='grc' dir='ltr'><em>ὦ</em></span> <span class='ocrx_word' id='word_1_101' title='bbox 1107 910 1242 961; x_wconf 83' lang='grc' dir='ltr'>ἄνδρες</span> <span class='ocrx_word' id='word_1_102' title='bbox 1279 909 1494 959; x_wconf 83' lang='grc' dir='ltr'>Ἀθηναῖοι,</span> <span class='ocrx_word' id='word_1_103' title='bbox 1527 911 1597 959; x_wconf 86' lang='grc' dir='ltr'>τῆς</span> 
     </span>
     <span class='ocr_line' id='line_1_16' title="bbox 271 975 1597 1029; baseline -0.001 -13"><span class='ocrx_word' id='word_1_104' title='bbox 271 975 498 1018; x_wconf 85' lang='grc' dir='ltr'>ὑποθέσεως</span> <span class='ocrx_word' id='word_1_105' title='bbox 523 975 589 1029; x_wconf 85' lang='grc' dir='ltr'>ἐφ’</span> <span class='ocrx_word' id='word_1_106' title='bbox 615 976 661 1027; x_wconf 78' lang='grc' dir='ltr'>ἧς</span> <span class='ocrx_word' id='word_1_107' title='bbox 689 977 787 1027; x_wconf 79' lang='grc' dir='ltr'>ὑμᾶς</span> <span class='ocrx_word' id='word_1_108' title='bbox 814 978 850 1017; x_wconf 85' lang='grc' dir='ltr'>οἱ</span> <span class='ocrx_word' id='word_1_109' title='bbox 879 977 1068 1029; x_wconf 88' lang='grc' dir='ltr'>πρόγονοι</span> <span class='ocrx_word' id='word_1_110' title='bbox 1099 976 1325 1021; x_wconf 87' lang='grc' dir='ltr'>κατέλιπον,</span> <span class='ocrx_word' id='word_1_111' title='bbox 1354 976 1416 1016; x_wconf 91' lang='grc' dir='ltr'>καὶ</span> <span class='ocrx_word' id='word_1_112' title='bbox 1449 975 1493 1016; x_wconf 86' lang='grc' dir='ltr'>τὸ</span> <span class='ocrx_word' id='word_1_113' title='bbox 1523 977 1597 1027; x_wconf 80' lang='grc' dir='ltr'>μὲν</span> 
     </span>
     <span class='ocr_line' id='line_1_17' title="bbox 271 1042 1593 1096; baseline 0 -13"><span class='ocrx_word' id='word_1_114' title='bbox 271 1042 539 1095; x_wconf 74' lang='grc' dir='ltr'>προΐστασθαι</span> <span class='ocrx_word' id='word_1_115' title='bbox 562 1047 639 1084; x_wconf 87' lang='grc' dir='ltr'>τῶν</span> <span class='ocrx_word' id='word_1_116' title='bbox 658 1042 868 1093; x_wconf 90' lang='grc' dir='ltr'>Ἑλλήνων</span> <span class='ocrx_word' id='word_1_117' title='bbox 894 1044 955 1084; x_wconf 88' lang='grc' dir='ltr'>καὶ</span> <span class='ocrx_word' id='word_1_118' title='bbox 981 1044 1143 1094; x_wconf 88' lang='grc' dir='ltr'>δύναμιν</span> <span class='ocrx_word' id='word_1_119' title='bbox 1169 1045 1454 1092; x_wconf 82' lang='grc' dir='ltr'>συνεστηκυῖαν</span> <span class='ocrx_word' id='word_1_120' title='bbox 1480 1042 1593 1096; x_wconf 84' lang='grc' dir='ltr'>ἔχον-</span> 
     </span>
     <span class='ocr_line' id='line_1_18' title="bbox 272 1107 1596 1161; baseline 0 -13"><span class='ocrx_word' id='word_1_121' title='bbox 272 1126 342 1152; x_wconf 88' lang='grc' dir='ltr'>τας</span> <span class='ocrx_word' id='word_1_122' title='bbox 379 1113 480 1150; x_wconf 78' lang='grc' dir='ltr'>πᾶσι</span> <span class='ocrx_word' id='word_1_123' title='bbox 518 1114 599 1152; x_wconf 87' lang='grc' dir='ltr'>τοῖς</span> <span class='ocrx_word' id='word_1_124' title='bbox 638 1109 906 1161; x_wconf 86' lang='grc' dir='ltr'>ἀδικουμένοις</span> <span class='ocrx_word' id='word_1_125' title='bbox 945 1113 1111 1161; x_wconf 82' lang='grc' dir='ltr'>βοηθεῖν</span> <span class='ocrx_word' id='word_1_126' title='bbox 1147 1111 1355 1161; x_wconf 87' lang='grc' dir='ltr'>περίεργον</span> <span class='ocrx_word' id='word_1_127' title='bbox 1395 1107 1596 1159; x_wconf 80' lang='grc' dir='ltr'>ἐπείσθητ’</span> 
     </span>
     <span class='ocr_line' id='line_1_19' title="bbox 273 1175 1655 1228; baseline -0.001 -11"><span class='ocrx_word' id='word_1_128' title='bbox 273 1176 372 1217; x_wconf 84' lang='grc' dir='ltr'>εἶναι</span> <span class='ocrx_word' id='word_1_129' title='bbox 406 1177 469 1218; x_wconf 89' lang='grc' dir='ltr'>καὶ</span> <span class='ocrx_word' id='word_1_130' title='bbox 501 1176 668 1228; x_wconf 91' lang='grc' dir='ltr'>μάταιον</span> <span class='ocrx_word' id='word_1_131' title='bbox 699 1176 875 1227; x_wconf 81' lang='grc' dir='ltr'>ἀνάλωμ’</span> <span class='ocrx_word' id='word_1_132' title='bbox 899 1176 975 1217; x_wconf 82' lang='grc' dir='ltr'>ὑπὸ</span> <span class='ocrx_word' id='word_1_133' title='bbox 1007 1181 1085 1218; x_wconf 89' lang='grc' dir='ltr'>τῶν</span> <span class='ocrx_word' id='word_1_134' title='bbox 1116 1180 1237 1217; x_wconf 84' lang='grc' dir='ltr'>ταῦτα</span> <span class='ocrx_word' id='word_1_135' title='bbox 1268 1175 1593 1226; x_wconf 84' lang='grc' dir='ltr'>πολιτευομένων,</span> <span class='ocrx_word' id='word_1_136' title='bbox 1618 1190 1655 1224; x_wconf 83' lang='grc'>15</span> 
     </span>
     <span class='ocr_line' id='line_1_20' title="bbox 271 1241 1593 1298; baseline 0 -15"><span class='ocrx_word' id='word_1_137' title='bbox 271 1242 316 1283; x_wconf 87' lang='grc' dir='ltr'>τὸ</span> <span class='ocrx_word' id='word_1_138' title='bbox 349 1242 381 1283; x_wconf 86' lang='grc' dir='ltr'>δ’</span> <span class='ocrx_word' id='word_1_139' title='bbox 414 1245 456 1284; x_wconf 80' lang='grc' dir='ltr'>ἐν</span> <span class='ocrx_word' id='word_1_140' title='bbox 484 1244 633 1298; x_wconf 76' lang='grc' dir='ltr'>ἡσυχίᾳ</span> <span class='ocrx_word' id='word_1_141' title='bbox 662 1243 812 1296; x_wconf 89' lang='grc' dir='ltr'>διάγειν</span> <span class='ocrx_word' id='word_1_142' title='bbox 843 1244 904 1284; x_wconf 90' lang='grc' dir='ltr'>καὶ</span> <span class='ocrx_word' id='word_1_143' title='bbox 933 1246 1056 1294; x_wconf 80' lang='grc' dir='ltr'>μηδὲν</span> <span class='ocrx_word' id='word_1_144' title='bbox 1084 1247 1162 1284; x_wconf 89' lang='grc' dir='ltr'>τῶν</span> <span class='ocrx_word' id='word_1_145' title='bbox 1194 1243 1364 1283; x_wconf 87' lang='grc' dir='ltr'>δεόντων</span> <span class='ocrx_word' id='word_1_146' title='bbox 1396 1241 1593 1294; x_wconf 87' lang='grc' dir='ltr'>πράττειν,</span> 
     </span>
     <span class='ocr_line' id='line_1_21' title="bbox 272 1308 1596 1363; baseline -0.002 -13"><span class='ocrx_word' id='word_1_147' title='bbox 272 1310 380 1351; x_wconf 82' lang='grc' dir='ltr'>ἀλλὰ</span> <span class='ocrx_word' id='word_1_148' title='bbox 418 1310 672 1363; x_wconf 83' lang='grc' dir='ltr'>προϊεμένους</span> <span class='ocrx_word' id='word_1_149' title='bbox 712 1310 796 1350; x_wconf 78' lang='grc' dir='ltr'>καθ’</span> <span class='ocrx_word' id='word_1_150' title='bbox 834 1311 876 1352; x_wconf 80' lang='grc' dir='ltr'>ἓν</span> <span class='ocrx_word' id='word_1_151' title='bbox 918 1311 1088 1352; x_wconf 81' lang='grc' dir='ltr'>ἕκαστον</span> <span class='ocrx_word' id='word_1_152' title='bbox 1130 1309 1245 1350; x_wconf 86' lang='grc' dir='ltr'>πάνθ’</span> <span class='ocrx_word' id='word_1_153' title='bbox 1287 1308 1440 1361; x_wconf 84' lang='grc' dir='ltr'>ἑτέρους</span> <span class='ocrx_word' id='word_1_154' title='bbox 1477 1311 1596 1350; x_wconf 83' lang='grc' dir='ltr'>ε’ἃσαι</span> 
     </span>
     <span class='ocr_line' id='line_1_22' title="bbox 272 1374 1595 1429; baseline -0.001 -12"><span class='ocrx_word' id='word_1_155' title='bbox 272 1381 431 1428; x_wconf 83' lang='grc' dir='ltr'>λαβεῖν,</span> <span class='ocrx_word' id='word_1_156' title='bbox 453 1377 686 1428; x_wconf 73' lang='grc' dir='ltr'>θαυμαστὴν</span> <span class='ocrx_word' id='word_1_157' title='bbox 705 1377 956 1428; x_wconf 87' lang='grc' dir='ltr'>εὐδαιμονίαν</span> <span class='ocrx_word' id='word_1_158' title='bbox 976 1378 1038 1417; x_wconf 90' lang='grc' dir='ltr'>καὶ</span> <span class='ocrx_word' id='word_1_159' title='bbox 1057 1376 1214 1427; x_wconf 81' lang='grc' dir='ltr'>πολλὴν</span> <span class='ocrx_word' id='word_1_160' title='bbox 1234 1374 1463 1427; x_wconf 88' lang='grc' dir='ltr'>ἀσφάλειαν</span> <span class='ocrx_word' id='word_1_161' title='bbox 1487 1375 1595 1429; x_wconf 84' lang='grc' dir='ltr'>ἔχειν</span> 
     </span>
     <span class='ocr_line' id='line_1_23' title="bbox 273 1441 1596 1499; baseline -0.002 -15"><span class='ocrx_word' id='word_1_162' title='bbox 273 1442 411 1499; x_wconf 83' lang='grc' dir='ltr'>ᾤεσθε.</span> <span class='ocrx_word' id='word_1_163' title='bbox 483 1446 525 1484; x_wconf 86' lang='grc' dir='ltr'>ἐκ</span> <span class='ocrx_word' id='word_1_164' title='bbox 551 1446 593 1485; x_wconf 84' lang='grc' dir='ltr'>δὲ</span> <span class='ocrx_word' id='word_1_165' title='bbox 618 1444 768 1485; x_wconf 88' lang='grc' dir='ltr'>τούτων</span> <span class='ocrx_word' id='word_1_166' title='bbox 793 1444 1000 1496; x_wconf 84' lang='grc' dir='ltr'>παρελθὼν</span> <span class='ocrx_word' id='word_1_167' title='bbox 1026 1444 1089 1485; x_wconf 83' lang='grc' dir='ltr'>ἐπὶ</span> <span class='ocrx_word' id='word_1_168' title='bbox 1113 1443 1184 1493; x_wconf 82' lang='grc' dir='ltr'>τὴν</span> <span class='ocrx_word' id='word_1_169' title='bbox 1208 1441 1318 1492; x_wconf 81' lang='grc' dir='ltr'>τάξιν</span> <span class='ocrx_word' id='word_1_170' title='bbox 1347 1441 1411 1493; x_wconf 83' lang='grc' dir='ltr'>ἐφ’</span> <span class='ocrx_word' id='word_1_171' title='bbox 1436 1442 1481 1491; x_wconf 82' lang='grc' dir='ltr'>ἧς</span> <span class='ocrx_word' id='word_1_172' title='bbox 1506 1443 1596 1492; x_wconf 84' lang='grc' dir='ltr'>ὑμῖν</span> 
     </span>
     <span class='ocr_line' id='line_1_24' title="bbox 272 1507 1657 1563; baseline -0.004 -13"><span class='ocrx_word' id='word_1_173' title='bbox 272 1509 462 1563; x_wconf 88' lang='grc' dir='ltr'>τετάχθαι</span> <span class='ocrx_word' id='word_1_174' title='bbox 497 1513 697 1563; x_wconf 86' lang='grc' dir='ltr'>προσῆκεν</span> <span class='ocrx_word' id='word_1_175' title='bbox 734 1511 876 1563; x_wconf 81' lang='grc' dir='ltr'>ἕτερος,</span> <span class='ocrx_word' id='word_1_176' title='bbox 913 1510 1024 1552; x_wconf 83' lang='grc' dir='ltr'>οὗτος</span> <span class='ocrx_word' id='word_1_177' title='bbox 1061 1509 1252 1560; x_wconf 82' lang='grc' dir='ltr'>εὐδαίμων</span> <span class='ocrx_word' id='word_1_178' title='bbox 1285 1509 1348 1548; x_wconf 85' lang='grc' dir='ltr'>καὶ</span> <span class='ocrx_word' id='word_1_179' title='bbox 1378 1507 1502 1560; x_wconf 82' lang='grc' dir='ltr'>μέγας</span> <span class='ocrx_word' id='word_1_180' title='bbox 1532 1508 1595 1548; x_wconf 88' lang='grc' dir='ltr'>καὶ</span> <span class='ocrx_word' id='word_1_181' title='bbox 1617 1523 1657 1545; x_wconf 83' lang='lat'>20</span> 
     </span>
     <span class='ocr_line' id='line_1_25' title="bbox 273 1575 1596 1630; baseline -0.002 -12"><span class='ocrx_word' id='word_1_182' title='bbox 273 1581 434 1618; x_wconf 85' lang='grc' dir='ltr'>πολλῶν</span> <span class='ocrx_word' id='word_1_183' title='bbox 465 1577 593 1629; x_wconf 89' lang='grc' dir='ltr'>κύριος</span> <span class='ocrx_word' id='word_1_184' title='bbox 627 1577 805 1630; x_wconf 88' lang='grc' dir='ltr'>γέγονεν,</span> <span class='ocrx_word' id='word_1_185' title='bbox 833 1576 1004 1619; x_wconf 83' lang='grc' dir='ltr'>εἰκότως·</span> <span class='ocrx_word' id='word_1_186' title='bbox 1045 1580 1207 1628; x_wconf 79' lang='grc' dir='ltr'>πρᾶγμα</span> <span class='ocrx_word' id='word_1_187' title='bbox 1239 1577 1314 1628; x_wconf 81' lang='grc' dir='ltr'>γὰρ</span> <span class='ocrx_word' id='word_1_188' title='bbox 1345 1576 1502 1625; x_wconf 85' lang='grc' dir='ltr'>ἔντιμον</span> <span class='ocrx_word' id='word_1_189' title='bbox 1533 1575 1596 1616; x_wconf 90' lang='grc' dir='ltr'>καὶ</span> 
     </span>
     <span class='ocr_line' id='line_1_26' title="bbox 271 1640 1593 1696; baseline -0.002 -12"><span class='ocrx_word' id='word_1_190' title='bbox 271 1643 373 1696; x_wconf 88' lang='grc' dir='ltr'>μέγα</span> <span class='ocrx_word' id='word_1_191' title='bbox 403 1644 464 1684; x_wconf 85' lang='grc' dir='ltr'>καὶ</span> <span class='ocrx_word' id='word_1_192' title='bbox 497 1644 693 1695; x_wconf 85' lang='grc' dir='ltr'>λαμπρόν,</span> <span class='ocrx_word' id='word_1_193' title='bbox 722 1645 785 1684; x_wconf 90' lang='grc' dir='ltr'>καὶ</span> <span class='ocrx_word' id='word_1_194' title='bbox 818 1644 906 1695; x_wconf 87' lang='grc' dir='ltr'>περὶ</span> <span class='ocrx_word' id='word_1_195' title='bbox 938 1643 983 1684; x_wconf 81' lang='grc' dir='ltr'>οὗ</span> <span class='ocrx_word' id='word_1_196' title='bbox 1016 1643 1143 1684; x_wconf 89' lang='grc' dir='ltr'>πάντα</span> <span class='ocrx_word' id='word_1_197' title='bbox 1175 1642 1243 1683; x_wconf 87' lang='grc' dir='ltr'>τὸν</span> <span class='ocrx_word' id='word_1_198' title='bbox 1275 1642 1421 1696; x_wconf 88' lang='grc' dir='ltr'>χρόνον</span> <span class='ocrx_word' id='word_1_199' title='bbox 1453 1642 1493 1682; x_wconf 76' lang='grc' dir='ltr'>αἱ</span> <span class='ocrx_word' id='word_1_200' title='bbox 1524 1640 1593 1692; x_wconf 81' lang='grc' dir='ltr'>με’-</span> 
     </span>
     <span class='ocr_line' id='line_1_27' title="bbox 273 1709 1595 1762; baseline -0.002 -11"><span class='ocrx_word' id='word_1_201' title='bbox 273 1727 408 1762; x_wconf 84' lang='grc' dir='ltr'>γισται</span> <span class='ocrx_word' id='word_1_202' title='bbox 437 1714 515 1751; x_wconf 89' lang='grc' dir='ltr'>τῶν</span> <span class='ocrx_word' id='word_1_203' title='bbox 544 1711 701 1751; x_wconf 89' lang='grc' dir='ltr'>πόλεων</span> <span class='ocrx_word' id='word_1_204' title='bbox 731 1710 827 1762; x_wconf 85' lang='grc' dir='ltr'>πρὸς</span> <span class='ocrx_word' id='word_1_205' title='bbox 857 1711 976 1752; x_wconf 80' lang='grc' dir='ltr'>αὑτὰς</span> <span class='ocrx_word' id='word_1_206' title='bbox 1006 1709 1248 1762; x_wconf 85' lang='grc' dir='ltr'>διεφέροντο,</span> <span class='ocrx_word' id='word_1_207' title='bbox 1275 1709 1595 1759; x_wconf 88' lang='grc' dir='ltr'>Λακεδαιμονίων</span> 
     </span>
     <span class='ocr_line' id='line_1_28' title="bbox 270 1774 1640 1832; baseline -0.003 -14"><span class='ocrx_word' id='word_1_208' title='bbox 270 1779 344 1828; x_wconf 82' lang='grc' dir='ltr'>μὲν</span> <span class='ocrx_word' id='word_1_209' title='bbox 379 1777 644 1832; x_wconf 86' lang='grc' dir='ltr'>ἠτυχηκότων,</span> <span class='ocrx_word' id='word_1_210' title='bbox 683 1778 880 1828; x_wconf 89' lang='grc' dir='ltr'>Θηβαίων</span> <span class='ocrx_word' id='word_1_211' title='bbox 917 1776 950 1817; x_wconf 88' lang='grc' dir='ltr'>δ’</span> <span class='ocrx_word' id='word_1_212' title='bbox 983 1777 1175 1830; x_wconf 89' lang='grc' dir='ltr'>ἀσχόλων</span> <span class='ocrx_word' id='word_1_213' title='bbox 1212 1777 1275 1816; x_wconf 80' lang='grc' dir='ltr'>διὰ</span> <span class='ocrx_word' id='word_1_214' title='bbox 1309 1775 1377 1816; x_wconf 85' lang='grc' dir='ltr'>τὸν</span> <span class='ocrx_word' id='word_1_215' title='bbox 1414 1774 1595 1815; x_wconf 87' lang='grc' dir='ltr'>Φωκικὸν</span> <span class='ocrx_word' id='word_1_216' title='bbox 1636 1788 1640 1795; x_wconf 85' lang='grc'><em>’</em></span> 
     </span>
     <span class='ocr_line' id='line_1_29' title="bbox 271 1833 1654 1896; baseline -0.003 -11"><span class='ocrx_word' id='word_1_217' title='bbox 271 1844 447 1895; x_wconf 88' lang='grc' dir='ltr'>πόλεμον</span> <span class='ocrx_word' id='word_1_218' title='bbox 480 1843 715 1896; x_wconf 87' lang='grc' dir='ltr'>γενομένων,</span> <span class='ocrx_word' id='word_1_219' title='bbox 741 1844 849 1895; x_wconf 86' lang='grc' dir='ltr'>ἡμῶν</span> <span class='ocrx_word' id='word_1_220' title='bbox 875 1843 907 1883; x_wconf 83' lang='grc' dir='ltr'>δ’</span> <span class='ocrx_word' id='word_1_221' title='bbox 934 1843 1199 1895; x_wconf 86' lang='grc' dir='ltr'>ἀμελούντων,</span> <span class='ocrx_word' id='word_1_222' title='bbox 1226 1842 1370 1894; x_wconf 78' lang='grc' dir='ltr'>ἔρημον</span> <span class='ocrx_word' id='word_1_223' title='bbox 1401 1842 1593 1889; x_wconf 69' lang='grc' dir='ltr'>ἀνείλετο,</span> <span class='ocrx_word' id='word_1_224' title='bbox 1610 1833 1654 1888; x_wconf 52' lang='grc'>35</span> 
     </span>
     <span class='ocr_line' id='line_1_30' title="bbox 271 1907 1596 1963; baseline 0 -13"><span class='ocrx_word' id='word_1_225' title='bbox 271 1910 470 1963; x_wconf 89' lang='grc' dir='ltr'>τοιγάρτοι</span> <span class='ocrx_word' id='word_1_226' title='bbox 502 1910 556 1955; x_wconf 58' lang='grc' dir='ltr'>τὸ,</span> <span class='ocrx_word' id='word_1_227' title='bbox 578 1912 650 1962; x_wconf 81' lang='grc' dir='ltr'>μὲν</span> <span class='ocrx_word' id='word_1_228' title='bbox 675 1913 897 1963; x_wconf 84' lang='grc' dir='ltr'>φοβεῖσθαι</span> <span class='ocrx_word' id='word_1_229' title='bbox 926 1915 1008 1953; x_wconf 85' lang='grc' dir='ltr'>τοῖς</span> <span class='ocrx_word' id='word_1_230' title='bbox 1040 1910 1192 1956; x_wconf 83' lang='grc' dir='ltr'>ἄλλοις,</span> <span class='ocrx_word' id='word_1_231' title='bbox 1219 1908 1263 1949; x_wconf 85' lang='grc' dir='ltr'>τὸ</span> <span class='ocrx_word' id='word_1_232' title='bbox 1293 1910 1334 1949; x_wconf 80' lang='grc' dir='ltr'>δὲ</span> <span class='ocrx_word' id='word_1_233' title='bbox 1364 1907 1596 1961; x_wconf 84' lang='grc' dir='ltr'>συμμάχους</span> 
     </span>
     <span class='ocr_line' id='line_1_31' title="bbox 271 1973 1595 2031; baseline -0.002 -14"><span class='ocrx_word' id='word_1_234' title='bbox 271 1978 447 2020; x_wconf 88' lang='grc' dir='ltr'>πολλοὺς</span> <span class='ocrx_word' id='word_1_235' title='bbox 473 1978 581 2031; x_wconf 78' lang='grc' dir='ltr'>ἔχειν</span> <span class='ocrx_word' id='word_1_236' title='bbox 608 1977 670 2017; x_wconf 88' lang='grc' dir='ltr'>καὶ</span> <span class='ocrx_word' id='word_1_237' title='bbox 695 1977 856 2028; x_wconf 90' lang='grc' dir='ltr'>δύναμιν</span> <span class='ocrx_word' id='word_1_238' title='bbox 884 1977 1064 2029; x_wconf 89' lang='grc' dir='ltr'>μεγάλην</span> <span class='ocrx_word' id='word_1_239' title='bbox 1094 1977 1228 2030; x_wconf 80' lang='grc' dir='ltr'>ἐκείνῳ</span> <span class='ocrx_word' id='word_1_240' title='bbox 1260 1974 1504 2027; x_wconf 87' lang='grc' dir='ltr'>περιγέγονε,</span> <span class='ocrx_word' id='word_1_241' title='bbox 1534 1973 1595 2014; x_wconf 87' lang='grc' dir='ltr'>καὶ</span> 
     </span>
     <span class='ocr_line' id='line_1_32' title="bbox 271 2039 1592 2096; baseline -0.003 -12"><span class='ocrx_word' id='word_1_242' title='bbox 271 2048 444 2085; x_wconf 82' lang='grc' dir='ltr'>τοσαῦτα</span> <span class='ocrx_word' id='word_1_243' title='bbox 479 2043 689 2096; x_wconf 89' lang='grc' dir='ltr'>πράγματα</span> <span class='ocrx_word' id='word_1_244' title='bbox 726 2044 787 2084; x_wconf 85' lang='grc' dir='ltr'>καὶ</span> <span class='ocrx_word' id='word_1_245' title='bbox 824 2043 968 2084; x_wconf 84' lang='grc' dir='ltr'>τοιαῦτ’</span> <span class='ocrx_word' id='word_1_246' title='bbox 999 2044 1073 2095; x_wconf 82' lang='grc' dir='ltr'>ἤδη</span> <span class='ocrx_word' id='word_1_247' title='bbox 1107 2041 1342 2095; x_wconf 86' lang='grc' dir='ltr'>περιέστηκε</span> <span class='ocrx_word' id='word_1_248' title='bbox 1374 2041 1463 2083; x_wconf 87' lang='grc' dir='ltr'>τοὺς</span> <span class='ocrx_word' id='word_1_249' title='bbox 1491 2039 1592 2080; x_wconf 67' lang='grc' dir='ltr'>’Έλ-</span> 
     </span>
     <span class='ocr_line' id='line_1_33' title="bbox 271 2108 1595 2164; baseline -0.003 -13"><span class='ocrx_word' id='word_1_250' title='bbox 271 2116 395 2162; x_wconf 85' lang='grc' dir='ltr'>ληνας</span> <span class='ocrx_word' id='word_1_251' title='bbox 425 2110 614 2157; x_wconf 80' lang='grc' dir='ltr'>ἅπαντας,</span> <span class='ocrx_word' id='word_1_252' title='bbox 641 2111 746 2152; x_wconf 88' lang='grc' dir='ltr'>ὥστε</span> <span class='ocrx_word' id='word_1_253' title='bbox 777 2111 866 2162; x_wconf 77' lang='grc' dir='ltr'>μηδ’</span> <span class='ocrx_word' id='word_1_254' title='bbox 892 2112 914 2150; x_wconf 82' lang='grc' dir='ltr'>ὅ</span> <span class='ocrx_word' id='word_1_255' title='bbox 936 2128 973 2151; x_wconf 89' lang='grc' dir='ltr'>τι</span> <span class='ocrx_word' id='word_1_256' title='bbox 1005 2110 1081 2164; x_wconf 76' lang='grc' dir='ltr'>χρὴ</span> <span class='ocrx_word' id='word_1_257' title='bbox 1107 2108 1396 2161; x_wconf 87' lang='grc' dir='ltr'>συμβουλεύειν</span> <span class='ocrx_word' id='word_1_258' title='bbox 1428 2108 1595 2160; x_wconf 82' lang='grc' dir='ltr'>εὔπορον</span> 
     </span>
    </p>
   </div>
   <div class='ocr_carea' id='block_1_6' title="bbox 270 2178 1655 2458">
    <p class='ocr_par' dir='ltr' id='par_1_7' title="bbox 270 2178 1655 2458">
     <span class='ocr_line' id='line_1_34' title="bbox 270 2178 1655 2220; baseline -0.006 -1"><span class='ocrx_word' id='word_1_259' title='bbox 270 2178 382 2219; x_wconf 80' lang='grc' dir='ltr'>εἶναι.</span> <span class='ocrx_word' id='word_1_260' title='bbox 1614 2189 1655 2220; x_wconf 84' lang='lat'>30</span> 
     </span>
     <span class='ocr_line' id='line_1_35' title="bbox 318 2283 1594 2330; baseline -0.004 -10"><span class='ocrx_word' id='word_1_261' title='bbox 318 2299 329 2319; x_wconf 95' lang='lat'>1</span> <span class='ocrx_word' id='word_1_262' title='bbox 359 2287 435 2330; x_wconf 86' lang='grc' dir='ltr'>ὑπὲρ</span> <span class='ocrx_word' id='word_1_263' title='bbox 453 2288 519 2320; x_wconf 81' lang='lat' dir='ltr'>SA</span> <span class='ocrx_word' id='word_1_264' title='bbox 535 2300 541 2319; x_wconf 81' lang='lat' dir='ltr'>z</span> <span class='ocrx_word' id='word_1_265' title='bbox 565 2288 636 2329; x_wconf 81' lang='grc' dir='ltr'>περὶ</span> <span class='ocrx_word' id='word_1_266' title='bbox 653 2286 742 2327; x_wconf 82' lang='lat' dir='ltr'>vulg.</span> <span class='ocrx_word' id='word_1_267' title='bbox 855 2297 874 2318; x_wconf 83' lang='lat'><strong>2</strong></span> <span class='ocrx_word' id='word_1_268' title='bbox 899 2287 939 2318; x_wconf 80' lang='grc' dir='ltr'>τὰ</span> <span class='ocrx_word' id='word_1_269' title='bbox 956 2297 1020 2317; x_wconf 89' lang='lat' dir='ltr'>om.</span> <span class='ocrx_word' id='word_1_270' title='bbox 1042 2288 1065 2317; x_wconf 79' lang='lat' dir='ltr'>S</span> <span class='ocrx_word' id='word_1_271' title='bbox 1176 2296 1195 2325; x_wconf 86' lang='lat'>5</span> <span class='ocrx_word' id='word_1_272' title='bbox 1220 2284 1346 2326; x_wconf 78' lang='grc' dir='ltr'>μεγάλη</span> <span class='ocrx_word' id='word_1_273' title='bbox 1364 2289 1442 2315; x_wconf 80' lang='lat' dir='ltr'>ante</span> <span class='ocrx_word' id='word_1_274' title='bbox 1459 2283 1551 2316; x_wconf 79' lang='grc' dir='ltr'>πόλις</span> <span class='ocrx_word' id='word_1_275' title='bbox 1569 2283 1594 2315; x_wconf 88' lang='lat' dir='ltr'>S</span> 
     </span>
     <span class='ocr_line' id='line_1_36' title="bbox 271 2327 1594 2371; baseline -0.003 -10"><span class='ocrx_word' id='word_1_276' title='bbox 271 2331 370 2362; x_wconf 86' lang='lat' dir='ltr'>Vind.</span> <span class='ocrx_word' id='word_1_277' title='bbox 400 2342 435 2364; x_wconf 84' lang='lat'>1:</span> <span class='ocrx_word' id='word_1_278' title='bbox 470 2336 547 2371; x_wconf 83' lang='lat' dir='ltr'>post</span> <span class='ocrx_word' id='word_1_279' title='bbox 570 2332 664 2364; x_wconf 86' lang='grc' dir='ltr'>πόλις</span> <span class='ocrx_word' id='word_1_280' title='bbox 689 2331 777 2370; x_wconf 83' lang='lat' dir='ltr'>vulg.</span> <span class='ocrx_word' id='word_1_281' title='bbox 958 2341 974 2369; x_wconf 91' lang='lat'><strong>7</strong></span> <span class='ocrx_word' id='word_1_282' title='bbox 1009 2333 1041 2362; x_wconf 86' lang='grc' dir='ltr'>ἐν</span> <span class='ocrx_word' id='word_1_283' title='bbox 1067 2329 1150 2370; x_wconf 83' lang='grc' dir='ltr'>νόμῳ</span> <span class='ocrx_word' id='word_1_284' title='bbox 1177 2328 1275 2360; x_wconf 77' lang='lat' dir='ltr'>S¹A:</span> <span class='ocrx_word' id='word_1_285' title='bbox 1310 2331 1344 2360; x_wconf 86' lang='grc' dir='ltr'>ἐν</span> <span class='ocrx_word' id='word_1_286' title='bbox 1367 2328 1445 2359; x_wconf 79' lang='lat' dir='ltr'><strong>secl.</strong></span> <span class='ocrx_word' id='word_1_287' title='bbox 1472 2327 1594 2358; x_wconf 82' lang='lat' dir='ltr'>Blass:</span> 
     </span>
     <span class='ocr_line' id='line_1_37' title="bbox 273 2370 1594 2413; baseline -0.004 -6"><span class='ocrx_word' id='word_1_288' title='bbox 273 2376 409 2410; x_wconf 78' lang='grc' dir='ltr'>ἐννόμως</span> <span class='ocrx_word' id='word_1_289' title='bbox 428 2376 516 2413; x_wconf 72' lang='lat' dir='ltr'>vulg.</span> <span class='ocrx_word' id='word_1_290' title='bbox 537 2377 560 2405; x_wconf 70' lang='lat' dir='ltr'>S</span> <span class='ocrx_word' id='word_1_291' title='bbox 578 2385 663 2406; x_wconf 83' lang='lat' dir='ltr'>corr.</span> <span class='ocrx_word' id='word_1_292' title='bbox 815 2384 851 2405; x_wconf 81' lang='lat'>12</span> <span class='ocrx_word' id='word_1_293' title='bbox 876 2373 1066 2413; x_wconf 74' lang='grc' dir='ltr'>ὑποθέσεως]</span> <span class='ocrx_word' id='word_1_294' title='bbox 1085 2373 1203 2413; x_wconf 82' lang='grc' dir='ltr'>τάξεως</span> <span class='ocrx_word' id='word_1_295' title='bbox 1221 2372 1244 2402; x_wconf 88' lang='lat' dir='ltr'>S</span> <span class='ocrx_word' id='word_1_296' title='bbox 1261 2385 1312 2413; x_wconf 79' lang='grc' dir='ltr'>γρ.</span> <span class='ocrx_word' id='word_1_297' title='bbox 1419 2370 1594 2403; x_wconf 85' lang='grc' dir='ltr'>κατέλιπον</span> 
     </span>
     <span class='ocr_line' id='line_1_38' title="bbox 271 2415 1594 2458; baseline -0.002 -10"><span class='ocrx_word' id='word_1_298' title='bbox 271 2419 357 2458; x_wconf 79' lang='lat' dir='ltr'>vulg.</span> <span class='ocrx_word' id='word_1_299' title='bbox 376 2431 382 2449; x_wconf 88' lang='lat'><strong>:</strong></span> <span class='ocrx_word' id='word_1_300' title='bbox 409 2419 602 2451; x_wconf 85' lang='grc' dir='ltr'>κατέλειπον</span> <span class='ocrx_word' id='word_1_301' title='bbox 620 2420 643 2449; x_wconf 72' lang='lat' dir='ltr'>S</span> <span class='ocrx_word' id='word_1_302' title='bbox 661 2419 752 2449; x_wconf 66' lang='lat' dir='ltr'>solus</span> <span class='ocrx_word' id='word_1_303' title='bbox 870 2427 908 2456; x_wconf 83' lang='lat'>19</span> <span class='ocrx_word' id='word_1_304' title='bbox 932 2418 1029 2457; x_wconf 77' lang='grc' dir='ltr'>ᾤεσθε</span> <span class='ocrx_word' id='word_1_305' title='bbox 1048 2417 1091 2449; x_wconf 83' lang='lat' dir='ltr'>S:</span> <span class='ocrx_word' id='word_1_306' title='bbox 1119 2419 1222 2448; x_wconf 71' lang='grc' dir='ltr'>οἴεσθε</span> <span class='ocrx_word' id='word_1_307' title='bbox 1240 2417 1327 2454; x_wconf 77' lang='lat' dir='ltr'>vulg.</span> <span class='ocrx_word' id='word_1_308' title='bbox 1440 2424 1478 2453; x_wconf 82' lang='lat'>27</span> <span class='ocrx_word' id='word_1_309' title='bbox 1506 2415 1594 2455; x_wconf 80' lang='grc' dir='ltr'>ἔχειν</span> 
     </span>
    </p>
   </div>
   <div class='ocr_carea' id='block_1_7' title="bbox 271 2461 637 2504">
    <p class='ocr_par' dir='ltr' id='par_1_8' title="bbox 271 2461 637 2504">
     <span class='ocr_line' id='line_1_39' title="bbox 271 2461 637 2504; baseline -0.003 -11"><span class='ocrx_word' id='word_1_310' title='bbox 271 2467 347 2502; x_wconf 82' lang='lat' dir='ltr'>post</span> <span class='ocrx_word' id='word_1_311' title='bbox 363 2462 512 2504; x_wconf 78' lang='grc' dir='ltr'>μεγάλην</span> <span class='ocrx_word' id='word_1_312' title='bbox 531 2461 595 2492; x_wconf 81' lang='lat' dir='ltr'>FY</span> <span class='ocrx_word' id='word_1_313' title='bbox 608 2461 637 2492; x_wconf 95' lang='lat' dir='ltr'>O</span> 
     </span>
    </p>
   </div>
  </div>
 </body>
</html>
