1763 2828
84 118 187 172 [315]

120 569 189 604 268

83 696 190 751 [316]

121 903 189 949 269

119 1445 189 1479 270

118 1847 181 1881 271

648 118 1133 156 ΔΗΜΟΣΘΕΝΟΎΣ
1427 112 1548 167 [xvm

220 220 364 263 πάντες
389 220 647 268 ἀπολέσειαν,
674 220 845 273 πονηρὸν
871 222 968 262 ὅντα
993 220 1055 261 καὶ
1080 222 1248 271 πολίτην
1274 220 1336 262 καὶ
1359 238 1547 275 τριταγω-

219 287 372 339 νιστήν.

287 354 390 408 Λέγε
415 357 484 398 τὰς
508 355 731 410 μαρτυρίας.

772 486 996 513 ΜΑΡΤΎΡΙΑΙ.

287 560 361 601 Ἐν
383 562 455 611 μὲν
479 561 609 600 τοίνυν
635 563 717 602 τοῖς
746 559 843 612 πρὸς
872 559 942 610 τὴν
968 560 1086 600 πόλιν
1111 563 1296 601 τοιοῦτος·
1334 561 1377 600 ἐν
1402 562 1444 601 δὲ
1468 564 1550 603 τοῖς

221 627 332 668 ἰδίοις
357 628 390 667 εἰ
414 627 466 677 μὴ
492 626 636 669 πάντες
661 626 741 667 ἴσθ’
760 627 819 666 ὅτι
846 626 973 668 κοινὸς
994 627 1055 667 καὶ
1075 625 1356 679 φιλάνθρωπος
1383 627 1444 667 καὶ
1468 631 1550 670 τοῖς

221 692 420 744 δεομένοις
449 694 640 744 ἐπαρκῶν,
669 696 806 733 σιωπῶ
834 693 895 733 καὶ
921 693 1033 734 οὐδὲν
1059 693 1106 734 ἂν
1132 694 1278 744 εἴποιμι
1309 692 1397 734 οὐδὲ
1423 710 1546 746 παρα-

222 761 395 813 σχοίμην
425 759 513 811 περὶ
541 759 689 800 τούτων
719 759 901 810 οὐδεμίαν
929 761 1156 812 μαρτυρίαν,
1188 759 1267 800 οὔτ’
1300 761 1337 801 εἴ
1365 776 1472 802 τινας
1505 762 1547 801 ε’κ

219 830 297 866 τῶν
317 827 516 877 πολεμίων
537 825 754 877 ἐλυσάμην,
773 825 853 866 οὔτ’
870 827 906 867 εἴ
928 842 1035 867 τισιν
1051 826 1266 878 θυγατέρας
1286 826 1546 877 συνεξέδωκα,

219 893 307 934 οὔτε
343 897 422 933 τῶν
453 893 640 933 τοιούτων
673 892 796 934 οὐδέν.
870 893 932 934 καὶ
968 894 1041 945 γὰρ
1077 894 1176 933 οὕτω
1213 910 1295 935 πως
1329 894 1546 946 ὑπείληφα.

219 960 298 1012 ἐγὼ
327 961 471 1011 νομίζω
500 959 569 1000 τὸν
593 962 666 1011 μὲν
691 960 733 1001 εὗ
762 959 940 1000 παθόντα
970 961 1051 1000 δεῖν
1075 961 1299 1010 μεμνῆσθαι
1327 959 1455 1000 πάντα
1479 960 1548 1001 τὸν

218 1027 376 1080 χρόνον,
402 1026 471 1067 τὸν
496 1028 537 1067 δὲ
563 1025 773 1077 ποιήσαντ’
800 1025 911 1068 εὐθὺς
936 1028 1215 1076 ἐπιλελῆσθαι,
1243 1027 1278 1066 εἰ
1302 1028 1362 1067 δεῖ
1383 1026 1452 1067 τὸν
1475 1029 1548 1078 μὲν

218 1097 408 1147 χρηστοῦ,
430 1093 498 1134 τὸν
523 1095 563 1134 δὲ
588 1093 640 1145 μὴ
665 1093 917 1146 μικροψύχου
942 1095 1069 1133 ποιεῖν
1089 1093 1205 1145 ἔργον
1230 1093 1448 1145 ἀνθρώπου.
1501 1093 1547 1134 τὸ

218 1163 261 1201 δὲ
297 1162 366 1203 τὰς
403 1161 501 1203 ἰδίας
537 1160 767 1213 εὐεργεσίας
801 1157 1113 1216 ὑπομιμνῄσκειν
1147 1160 1208 1200 καὶ
1244 1158 1379 1212 λέγειν
1411 1163 1548 1213 μικροῦ

218 1230 300 1268 δεῖν
335 1228 472 1278 ὅμοιόν
509 1229 597 1268 ἐστι
632 1231 684 1282 τῷ
722 1227 936 1277 ὀνειδίζειν.
1011 1226 1057 1266 οὗ
1092 1226 1137 1277 δὴ
1177 1225 1331 1277 ποιήσω
1367 1230 1546 1269 τοιοῦτον

217 1293 343 1340 οὐδέν,
371 1294 459 1336 οὐδὲ
484 1293 800 1348 προαχθήσομαι,
828 1293 919 1334 ἀλλ’
945 1294 1050 1335 ὅπως
1080 1292 1168 1334 ποθ’
1193 1293 1436 1345 ὑπείλημμαι
1459 1294 1547 1346 περὶ

217 1360 375 1408 τούτων,
403 1362 514 1414 ἀρκεῖ
535 1378 613 1412 μοι.

287 1429 486 1479 Βούλομαι
515 1430 557 1469 δὲ
586 1431 664 1468 τῶν
690 1428 797 1469 ἰδίων
823 1427 1070 1479 ἀπαλλαγεὶς
1100 1427 1156 1468 ἔτι
1186 1428 1303 1479 μικρὰ
1327 1426 1424 1479 πρὸς
1448 1427 1547 1478 ὑμᾶς

218 1495 343 1535 εἰπεῖν
372 1495 459 1547 περὶ
489 1498 566 1535 τῶν
597 1498 747 1535 κοινῶν.
820 1495 853 1535 εἰ
885 1496 957 1545 μὲν
992 1495 1066 1545 γὰρ
1099 1493 1215 1547 ἔχεις,
1250 1494 1435 1546 Αἰσχίνη,
1467 1497 1544 1535 τῶν

217 1561 293 1602 ὑπὸ
328 1565 464 1602 τοῦτον
499 1561 567 1602 τὸν
602 1562 717 1612 ἥλιον
755 1562 877 1602 εἰπεῖν
914 1560 1131 1612 ἀνθρώπων
1167 1561 1278 1601 ὅστις
1315 1561 1440 1614 ἀθῷος
1476 1563 1545 1612 τῆς

217 1629 422 1669 Φιλίππου
462 1629 652 1680 πρότερον
697 1628 757 1668 καὶ
798 1631 865 1668 νῦν
901 1630 969 1678 τῆς
1005 1626 1269 1678 Ἀλεξάνδρου
1312 1629 1544 1670 δυναστείας

216 1695 394 1748 γέγονεν,
420 1692 443 1745 ἢ
469 1699 546 1735 τῶν
568 1693 778 1745 Ἑλλήνων
803 1691 825 1745 ἢ
851 1698 928 1734 τῶν
952 1693 1184 1746 βαρβάρων,
1207 1693 1326 1740 ἔστω,
1349 1698 1542 1747 συγχωρῶ

216 1762 288 1812 τὴν
315 1762 410 1813 ἐμὴν
436 1763 513 1803 εἴτε
542 1762 664 1815 τύχην
691 1763 768 1803 εἴτε
798 1762 1012 1815 δυστυχίαν
1041 1760 1246 1812 ὀνομάζειν
1271 1761 1414 1811 βούλει
1443 1760 1540 1801 πάν-

216 1846 293 1870 των
319 1830 446 1870 αἰτίαν
471 1831 722 1881 γεγενῆσθαι.
793 1830 826 1869 εἰ
851 1831 892 1869 δὲ
919 1828 981 1868 καὶ
1005 1831 1082 1868 τῶν
1107 1826 1353 1878 μηδεπώποτ’
1382 1828 1543 1868 ἰδόντων

216 1897 284 1947 ἐμὲ
314 1898 411 1947 μηδὲ
442 1895 580 1948 φωνὴν
610 1896 834 1946 ἀκηκοότων
869 1897 962 1946 ἐμοῦ
993 1894 1138 1935 πολλοὶ
1172 1895 1306 1935 πολλὰ
1340 1895 1401 1935 καὶ
1435 1897 1543 1935 δεινὰ

216 1963 453 2011 πεπόνθασι,
480 1962 532 2014 μὴ
556 1963 678 2014 μόνον
704 1961 786 2003 κατ’
812 1963 946 2014 ἄνδρα,
974 1963 1079 2002 ἀλλὰ
1111 1962 1172 2001 καὶ
1202 1962 1339 2003 πόλεις
1364 1962 1454 2001 ὅλαι
1481 1961 1542 2002 καὶ

216 2030 321 2081 ἔθνη,
349 2031 462 2085 πόσῳ
496 2031 735 2082 δικαιότερον
768 2029 828 2069 καὶ
861 2027 1131 2081 ἀληθέστερον
1160 2028 1233 2078 τὴν
1262 2027 1458 2075 ἁπάντων,
1492 2027 1543 2070 ὡς

215 2097 353 2144 ἔοικεν,
381 2097 596 2150 ἀνθρώπων
626 2096 751 2150 τύχην
778 2095 910 2145 κοινὴν
938 2096 999 2135 καὶ
1031 2094 1159 2147 φοράν
1184 2111 1273 2135 τινα
1301 2094 1541 2147 πραγμάτων

216 2164 399 2218 χαλεπὴν
437 2165 499 2204 καὶ
534 2164 609 2217 οὐχ
645 2164 731 2203 οἵαν
768 2162 846 2203 ἔδει
882 2162 1030 2202 τούτων
1063 2162 1191 2202 αἰτίαν
1222 2161 1419 2213 ἡγεῖσθαι.
1491 2160 1541 2200 σὺ

264 2284 275 2304 1
304 2274 354 2306 καὶ
371 2278 450 2305 ante
467 2273 607 2311 πολίτην
623 2281 686 2302 om.
704 2270 735 2301 A
753 2270 841 2309 vulg.
857 2282 863 2301 τ
889 2271 965 2301 add.
988 2269 1021 2301 S¹
1038 2270 1063 2300 L
1079 2270 1112 2300 F¹
1129 2269 1159 2308 Q
1315 2270 1365 2301 καὶ
1382 2269 1542 2311 προδότην

216 2322 291 2356 post
308 2318 448 2354 πολίτην
463 2317 538 2348 add.
557 2316 646 2354 vulg.
663 2326 670 2345 ε
700 2325 764 2346 om.
783 2315 806 2345 S
821 2314 887 2344 LA
899 2313 929 2352 Q
1081 2323 1115 2344 11
1143 2314 1200 2344 τὸν
1218 2316 1296 2352 post
1313 2312 1418 2345 πάντα
1436 2312 1459 2343 S
1474 2312 1499 2343 L
1511 2313 1540 2343 A

218 2361 242 2391 F
256 2361 282 2391 B
295 2361 324 2399 Q
339 2376 344 2392 :
372 2365 451 2391 ante
470 2359 573 2392 πάντα
591 2359 680 2398 vulg.
790 2368 826 2388 12
851 2358 908 2389 τὸν
924 2358 951 2388 δ’
971 2357 1004 2388 εὖ
1021 2357 1203 2394 ποιήσαντα
1219 2356 1249 2386 Α
1361 2366 1402 2386 20
1426 2358 1542 2387 τοῦτον

217 2404 240 2434 S
254 2404 298 2434 L:
325 2405 452 2436 τουτονὶ
470 2407 547 2433 cett.
685 2411 725 2439 24
751 2401 855 2433 αἰτίαν
871 2410 935 2430 om.
957 2400 991 2430 5¹
1011 2400 1113 2439 solus,
1135 2399 1175 2430 cf.
1193 2399 1251 2429 xix
1273 2400 1344 2439 178,
1364 2409 1429 2429 xxv
1446 2409 1486 2438 57

1570 579 1588 610 5

1574 909 1612 931 10

1571 1243 1608 1277 15

1568 1578 1606 1600 20

1565 1911 1602 1944 ²5
