1731 2844
208 123 279 177 xn]
705 126 1025 164 ΕΠΙΣΤΟΛΗ
1555 125 1664 181 [163]

275 232 344 273 Εἷς
380 234 494 271 τοῦτο
531 233 572 273 δὲ
614 228 922 283 προβεβήκαμεν
959 228 1102 282 ἔχθρας
1138 228 1242 268 ὥστε
1278 229 1522 279 βουλόμενος
1558 237 1598 271 16

205 300 289 338 ταῖς
317 297 457 338 ναυσὶν
487 299 542 340 εἰς
570 297 638 338 τὸν
661 295 964 346 Ἑλλήσποντον
989 297 1240 346 παραβαλεῖν
1269 293 1524 345 ἠναγκάσθην

204 363 324 405 αὐτὰς
358 363 620 416 παραπέμψαι
655 364 718 403 διὰ
754 360 1007 413 Χερρονήσου
1041 362 1087 416 τῇ
1124 365 1301 415 στρατιᾷ,
1339 364 1417 400 τῶν
1452 363 1524 411 μὲν

207 429 435 482 κληρούχων
461 431 557 469 κατὰ
585 429 629 469 τὸ
654 426 931 479 Πολυκράτους
960 427 1087 478 δόγμα
1115 426 1394 477 πολεμούντων
1417 427 1521 477 ἡμῖν,

165 514 181 545 5
203 496 308 546 ὑμῶν
333 497 375 536 δὲ
398 499 557 535 τοιαῦτα
573 493 872 547 ψηφιζομένων,
894 496 961 532 τοῦ
985 494 1026 533 δὲ
1052 496 1274 544 στρατηγοῦ
1293 493 1524 541 Βυζαντίους

203 577 245 602 τε
293 565 612 613 παρακαλοῦντος
653 560 716 600 καὶ
757 558 1065 611 διαγγέλλοντος
1111 558 1206 611 πρὸς
1248 558 1423 601 ἅπαντας
1463 560 1522 600 ὅτι

201 630 390 677 πολεμεῖν
422 627 523 681 αὐτῷ
561 624 838 678 προστάττετε,
869 624 917 665 ἂν
948 625 1081 677 καιρὸν
1108 624 1233 681 λάβῃ.
1293 629 1450 665 τοιαῦτα
1480 627 1523 666 δὲ

200 692 369 745 πάσχων
393 693 497 742 ὅμως
524 694 592 742 τῆς
622 693 775 733 πόλεως
806 692 867 731 καὶ
897 694 975 731 τῶν
1002 690 1168 743 τριήρων
1198 691 1260 731 καὶ
1293 693 1360 741 τῆς
1392 692 1522 744 χώρας

200 759 447 811 ἀπεσχόμην,
475 758 604 799 ἱκανὸς
630 757 683 798 ὢν
707 759 755 797 τὰ
781 760 954 798 πλεῖστα
977 754 1163 807 λαβεῖνῆ
1189 757 1328 804 πάντα,
1351 758 1413 798 καὶ
1440 761 1520 798 δια-

141 843 181 864 10
199 823 384 865 τετέλεκα
424 824 742 876 προκαλούμενος
781 824 879 874 ὑμᾶς
915 824 969 865 εἰς
1005 825 1135 875 κρίσιν
1171 825 1302 863 ἐλθεῖν
1336 824 1432 875 ὑπὲρ
1467 825 1522 864 ὧν

198 890 395 940 αἰτιώμεθ’
443 889 655 939 ἀλλήλους.
730 891 852 929 καίτοι
895 891 1111 930 σκοπεῖσθε
1151 890 1316 941 πότερον
1358 889 1522 930 κάλλιόν
1555 904 1595 938 17

198 957 308 996 ἐστιν
344 957 483 997 ὅπλοις
518 953 540 1005 ἢ
578 957 714 1007 λόγοις
751 957 1031 1007 διακρίνεσθαι,
1073 956 1135 995 καὶ
1177 956 1344 1007 πότερον
1383 956 1522 997 αὐτοὺς

198 1021 297 1062 εἶναι
326 1024 553 1073 βραβευτὰς
581 1019 605 1071 ἢ
636 1023 776 1062 πεῖσαί
802 1038 909 1063 τινας
939 1021 1105 1073 ἑτέρους·
1147 1023 1210 1062 καὶ
1239 1021 1440 1073 λογίζεσθ’
1471 1022 1521 1063 ὡς

197 1087 347 1139 ἄλογόν
377 1089 487 1128 ἐστιν
513 1087 745 1138 Ἀθηναίους
771 1089 950 1129 Θασίους
974 1090 1046 1138 μὲν
1072 1088 1133 1128 καὶ
1159 1089 1396 1139 Μαρωνίτας
1425 1089 1516 1129 ἀνα-

139 1170 175 1201 ι5
196 1153 344 1204 γκάσαι
369 1154 456 1206 περὶ
477 1154 654 1205 Στρύμης
681 1157 924 1205 διακριθῆναι
947 1154 1096 1205 λόγοις,
1118 1153 1256 1196 αὐτοὺς
1276 1156 1317 1194 δὲ
1337 1153 1432 1206 πρὸς
1452 1156 1519 1205 ἐμὲ

195 1219 246 1269 μὴ
273 1220 541 1260 διαλύσασθαι
565 1221 652 1272 περὶ
678 1221 733 1260 ὧν
758 1221 1091 1271 ἀμφισβητοῦμεν
1115 1220 1182 1260 τὸν
1201 1220 1346 1272 τρόπον
1369 1224 1516 1267 τοῦτον,

194 1285 327 1328 ἄλλως
374 1303 415 1327 τε
463 1287 525 1327 καὶ
574 1286 871 1338 γιγνώσκοντας
918 1287 978 1326 ὅτι
1025 1286 1247 1337 νικηθέντες
1292 1289 1364 1337 μὲν
1407 1287 1519 1327 οὐδὲν

194 1352 450 1402 ἀποβαλεῖτε,
475 1351 740 1404 κρατήσαντες
765 1354 806 1393 δὲ
830 1352 1016 1404 λήψεσθε
1041 1354 1089 1392 τὰ
1113 1356 1181 1393 νῦν
1204 1352 1274 1404 ὑφ’
1293 1353 1386 1403 ἡμῖν
1409 1354 1516 1393 ὄντα.

260 1418 427 1459 Πάντων
460 1418 502 1459 δέ
535 1436 601 1469 μοι
633 1422 741 1459 δοκεῖ
771 1419 1103 1471 παραλογώτατον
1138 1418 1251 1464 εἶναι,
1286 1419 1385 1458 διότι
1421 1418 1517 1469 πέμ·
1552 1423 1593 1459 18

134 1502 173 1524 20
191 1489 343 1537 ψαντος
377 1486 470 1536 ἐμοῦ
503 1484 696 1537 πρέσβεις
730 1484 807 1525 ἀπὸ
841 1487 909 1535 τῆς
939 1485 1163 1538 συμμαχίας
1194 1484 1337 1535 πάσης,
1368 1484 1416 1525 ἵν’
1441 1483 1517 1525 ὦσι

190 1551 391 1604 μάρτυρες,
433 1552 494 1592 καὶ
530 1550 777 1602 βουλομένου
815 1549 1059 1601 ποιήσασθαι
1095 1550 1190 1603 πρὸς
1228 1551 1326 1602 ὑμᾶς
1368 1552 1516 1594 δικαίας

191 1618 404 1670 ὁμολογίας
429 1619 525 1670 ὑπὲρ
544 1622 622 1659 τῶν
640 1617 863 1668 Ἑλλήνων,
885 1618 973 1658 οὐδὲ
992 1617 1082 1659 τοὺς
1101 1617 1188 1669 περὶ
1207 1617 1354 1659 τούτων
1372 1619 1515 1670 λόγους

193 1683 379 1734 ἐδέξασθε
398 1687 502 1736 παρὰ
525 1689 602 1726 τῶν
623 1685 941 1737 πρεσβευόντων,
964 1682 1053 1734 ἐξὸν
1071 1684 1160 1734 ὑμῖν
1184 1680 1206 1734 ἢ
1233 1688 1308 1724 τῶν
1331 1684 1516 1725 κινδύνων

192 1750 421 1801 ἀπαλλάξαι
455 1751 545 1793 τοὺς
580 1753 770 1805 δυσχερὲς
810 1750 1104 1792 ὑποπτεύοντάς
1140 1767 1177 1790 τι
1215 1749 1298 1790 καθ’
1334 1750 1454 1801 ἡμῶν,
1492 1748 1514 1801 ἢ
1547 1749 1657 1807 [164]

134 1835 172 1867 25
193 1820 372 1868 φανερῶς
397 1815 602 1869 ἐξελέγξαι
625 1835 673 1869 με
698 1819 949 1870 φαυλότατον
975 1818 1070 1858 ὄντα
1093 1820 1171 1857 τῶν
1195 1815 1391 1857 ἁπάντων.
1461 1821 1513 1872 τῷ
1547 1832 1588 1866 19

190 1884 263 1932 μὲν
288 1882 355 1923 οὖν
379 1882 486 1938 δήμῳ
519 1887 639 1924 ταῦτα
668 1883 874 1937 συνέφερε,
901 1887 982 1925 τοῖς
1006 1885 1048 1924 δὲ
1072 1883 1261 1935 λέγουσιν
1286 1883 1353 1923 οὐκ
1380 1884 1510 1923 ἐλυσι-

190 1948 308 1989 τέλει.
378 1950 482 2001 φασὶ
514 1952 587 2002 γὰρ
617 1952 654 1991 οἱ
682 1953 750 2000 τῆς
781 1952 981 1993 πολιτείας
1010 1952 1078 2000 τῆς
1108 1949 1198 2001 παρ’
1222 1950 1311 2000 ὑμῖν
1335 1949 1513 2000 ἔμπειροι

190 2014 260 2064 τὴν
284 2016 356 2065 μὲν
381 2014 537 2067 εἰρήνην
562 2017 736 2067 πόλεμον
762 2016 892 2058 αὐτοῖς
917 2016 1027 2062 εἶναι,
1055 2015 1122 2057 τὸν
1147 2018 1188 2056 δὲ
1213 2017 1386 2066 πόλεμον
1412 2014 1511 2066 εἰρή-

191 2097 272 2130 νην*
320 2078 343 2131 ἢ
374 2083 447 2133 γὰρ
477 2082 860 2134 συναγωνιζομένους
888 2086 969 2125 τοῖς
995 2086 1231 2135 στρατηγοῖς
1256 2079 1279 2132 ἢ
1306 2087 1506 2134 συκοφαν-

232 2189 254 2218 6
276 2190 532 2231 διαγγέλλοντος
557 2191 767 2223 Felicianusz
799 2193 1009 2233 διαγγέλλειν
1030 2193 1126 2224 codd.
1306 2203 1323 2230 7
1352 2195 1507 2231 πολεμεῖν

192 2231 400 2264 Felicianus:
439 2234 535 2267 πόλιν
568 2235 699 2265 FYO:
736 2235 834 2268 πάλιν
865 2236 905 2267 al.
1098 2238 1118 2266 8
1158 2238 1220 2267 τῶν
1252 2235 1378 2267 πόλεων
1409 2236 1506 2266 Blass

194 2284 231 2312 14
271 2277 456 2317 Μαρωνίτας
490 2277 587 2308 Blass
621 2279 673 2317 (cf.
707 2277 779 2310 Att.
814 2279 940 2310 Inschr.
975 2279 1200 2310 Meisterhans
1230 2288 1263 2318 p.
1291 2289 1332 2317 54
1364 2280 1417 2309 ed.
1444 2278 1505 2317 3):

192 2320 393 2358 Μαρωνείτας
421 2321 518 2351 codd.
700 2323 738 2351 16
770 2323 1037 2363 ἀμφισβητοῦμεν
1065 2322 1107 2353 F:
1146 2323 1388 2363 ἀμφισβητοῦσι
1411 2321 1500 2360 vulg.

190 2369 230 2398 27
257 2361 394 2403 ἔμπειροι
411 2363 442 2393 O
458 2376 508 2404 γρ.
526 2374 531 2394 :
556 2364 685 2406 ἔμποροι
701 2363 789 2404 vulg.
1313 2408 1372 2439 10*
