1763 2828
80 123 190 178 [401]

129 449 192 485 193

128 844 193 879 194

75 1228 193 1283 [402]

130 1310 193 1347 195

134 1897 201 1943 196

650 123 1131 161 ΔΗΜΟΣΘΕΝΟὙΣ
1466 117 1553 171 [x1x

224 227 420 271 ἀκούσατέ
453 244 526 278 μου
561 227 635 278 ἔξω
665 244 702 267 τι
735 229 804 277 τῆς
837 227 1058 277 πρεσβείας
1089 226 1243 275 ταύτης.
1315 225 1448 276 ἐπειδὴ
1482 226 1557 276 γὰρ

224 297 331 338 εἶλεν
346 293 550 336 ’Όλυνθον
571 295 787 340 Φίλιππος,
809 292 998 344 Ὀλύμπι’
1017 292 1155 338 ἐποίει,
1179 293 1232 335 εἰς
1258 294 1299 332 δὲ
1325 290 1395 341 τὴν
1415 292 1558 332 θυσίαν

224 362 370 413 ταύτην
398 362 460 402 καὶ
485 360 556 411 τὴν
583 360 801 412 πανήγυριν
822 359 971 402 πάντας
994 359 1084 402 τοὺς
1107 359 1290 412 τεχνίτας
1317 357 1556 410 συνήγαγεν.

225 431 368 471 ἑστιῶν
408 428 441 469 δ’
482 427 622 470 αὐτοὺς
664 428 725 468 καὶ
769 431 981 480 στεφανῶν
1021 427 1111 468 τοὺς
1153 426 1404 476 νενικηκότας
1440 425 1557 478 ἤρετο

225 496 399 548 Σάτυρον
428 495 582 536 τουτονὶ
613 494 681 535 τὸν
713 493 882 545 κωμικὸν
907 492 1134 545 ὑποκριτήν,
1162 494 1202 534 τί
1229 493 1274 543 δὴ
1301 493 1421 544 μόνος
1444 493 1558 534 οὐδὲν

226 562 539 615 ἐπαγγέλλεται,·
577 560 602 612 ἤ
635 560 708 602 τιν’
742 563 783 602 ἐν
818 560 920 616 αὐτῷ
954 561 1224 613 μικροψυχίαν
1257 556 1280 610 ἢ
1313 559 1410 611 πρὸς
1442 558 1559 600 αὑτὸν

224 630 362 680 ἀηδίαν
389 628 624 681 ἐνεορακώς,·
666 629 789 668 εἰπεῖν
814 626 860 678 δή
888 633 992 681 φασι
1016 627 1085 668 τὸν
1110 626 1283 679 Σάτυρον
1307 627 1380 672 ὅτι,
1408 626 1462 666 ὧν
1486 627 1558 677 μὲν

225 698 261 738 οἱ
294 695 414 737 ἄλλοι
448 694 615 741 δέονται,
652 694 810 736 οὐδενὸς
844 693 897 735 ὢν
932 696 974 735 ἐν
1006 695 1121 748 χρείᾳ
1152 692 1350 747 τυγχάνει,
1385 693 1411 734 ὃ.
1445 692 1478 733 δ’
1510 692 1558 734 ἂν

225 762 339 804 αὐτὸς
364 760 638 814 ἐπαγγείλαιθ’
665 760 800 812 ἡδέως,
828 762 957 816 ῥᾷστα
981 760 1054 811 μέν
1078 761 1189 802 ἐστιν
1210 761 1398 814 Φιλίππῳ
1423 762 1559 800 δοῦναι

226 829 288 870 καὶ
318 829 567 883 χαρίσασθαι
599 827 770 874 πάντων,
804 827 953 868 δέδοικε
987 829 1029 869 δὲ
1061 826 1114 879 μὴ
1148 825 1350 882 διαμάρτῃ.
1425 826 1556 868 κελεύ-

226 912 371 938 σαντος
396 895 429 936 δ’
450 896 601 937 ἐκείνου
626 894 762 947 λέγειν
784 895 849 935 καί
870 911 908 934 τι
934 894 996 936 καὶ
1022 892 1351 943 νεανιευσαμένου
1368 896 1556 939 τοιοῦτον,

226 963 277 1004 ὡς
308 963 419 1004 οὐδὲν
445 963 467 1003 ὅ
495 979 532 1002 τι
562 962 607 1003 οὐ
633 960 806 1012 ποιήσει,
836 962 961 1003 εἰπεῖν
987 965 1114 1013 φασιν
1142 959 1260 1000 αὐτὸν
1289 960 1350 1000 ὅτι
1380 958 1426 1009 ἦν
1457 958 1558 1013 αὐτῷ

225 1028 539 1082 Ἀπολλοφάνης
583 1029 603 1067 ὁ
647 1031 847 1071 Πυδναῖος
894 1027 1007 1079 ξένος
1058 1028 1120 1068 καὶ
1161 1027 1292 1079 φίλος,
1335 1025 1470 1077 ἐπειδὴ
1517 1027 1558 1066 δὲ

225 1096 512 1148 δολοφονηθεὶς
537 1096 801 1146 ἐτελεύτησεν
829 1096 988 1141 ἐκεῖνος,
1016 1093 1266 1146 φοβηθέντες
1290 1093 1328 1133 οἱ
1353 1095 1559 1145 συγγενεῖς

226 1163 343 1204 αὐτοῦ
375 1161 611 1213 ὑπεξέθεντο
643 1163 712 1204 τὰς
746 1161 964 1214 θυγατέρας
993 1160 1121 1202 παιδί’
1150 1159 1232 1201 ὄντ’
1264 1160 1318 1202 εἰς
1342 1158 1557 1201 Ὄλυνθον.

229 1230 368 1270 ἀὗται
404 1230 536 1270 τοίνυν
573 1231 642 1279 τῆς
676 1229 832 1270 πόλεως
870 1228 1048 1278 ἁλούσης
1084 1226 1334 1281 αἰχμάλωτοι
1367 1226 1560 1279 γεγόνασι

229 1297 289 1337 καὶ
319 1296 421 1338 εἰσὶν
446 1297 552 1348 παρὰ
582 1297 662 1342 σοί,
689 1296 847 1347 ἡλικίαν
877 1295 1044 1348 ἔχουσαι
1073 1294 1212 1347 γάμου.
1283 1292 1438 1340 ταύτας,
1464 1294 1559 1334 αἰτῶ

228 1381 275 1405 σε
301 1364 362 1404 καὶ
387 1362 535 1414 δέομαι,
563 1363 629 1404 δός
654 1378 732 1413 μοι.
794 1362 994 1413 βούλομαι
1020 1361 1062 1402 δέ
1087 1361 1125 1401 σ’
1147 1362 1311 1402 ἀκοῦσαι
1336 1360 1397 1401 καὶ
1421 1362 1560 1411 μαθεῖν

227 1431 313 1471 οἵαν
337 1447 403 1481 μοι
433 1430 573 1471 δώσεις
605 1428 782 1481 δωρειάν,
811 1428 859 1470 ἂν
884 1428 959 1480 ἄρα
988 1431 1075 1483 δῷς·
1113 1427 1184 1480 ἀφ’
1210 1427 1256 1479 ἦς
1280 1428 1357 1479 ἐγὼ
1388 1430 1559 1479 κερδανῶ

226 1499 299 1548 μὲν
333 1495 457 1542 οὐδέν,
492 1496 540 1537 ἂν
575 1495 705 1547 λάβω,
742 1498 884 1547 προῖκα
916 1498 958 1536 δὲ
991 1494 1180 1547 προσθεὶς
1214 1494 1387 1540 ἐκδώσω,
1423 1494 1484 1534 καὶ
1516 1492 1561 1533 οὐ

229 1564 470 1616 περιόψομαι
509 1563 713 1604 παθούσας
754 1562 865 1603 οὐδὲν
903 1561 1064 1612 ἀνάξιον
1102 1560 1183 1602 οὔθ’
1218 1561 1329 1611 ἡμῶν
1364 1560 1454 1601 οὔτε
1493 1563 1560 1599 τοῦ

228 1629 399 1682 πατρός.’
470 1629 521 1671 ὡς
553 1629 587 1668 δ’
622 1630 790 1669 ἀκοῦσαι
823 1628 913 1670 τοὺς
946 1629 1143 1680 παρόντας
1174 1628 1218 1668 ἐν
1247 1631 1299 1682 τῷ
1335 1627 1558 1681 συμποσίῳ,

228 1700 418 1737 τοσοῦτον
457 1696 596 1748 κρότον
641 1696 701 1736 καὶ
746 1696 918 1747 θόρυβον
959 1694 1021 1735 καὶ
1061 1695 1223 1736 ἔπαινον
1261 1695 1365 1746 παρὰ
1404 1693 1561 1734 πάντων

229 1762 416 1815 γενέσθαι
441 1763 545 1803 ὥστε
571 1762 640 1803 τὸν
667 1763 873 1803 Φίλιππον
898 1764 1039 1802 παθεῖν
1063 1778 1100 1801 τι
1131 1761 1193 1801 καὶ
1219 1763 1364 1801 δοῦναι.
1438 1762 1562 1801 καίτοι

229 1834 307 1870 τῶν
343 1828 658 1870 ἀποκτεινάντων
696 1828 743 1879 ἦν
779 1828 847 1869 τὸν
880 1827 1145 1880 Ἀλέξανδρον
1179 1827 1246 1868 τὸν
1280 1826 1460 1879 ἀδελφὸν
1494 1826 1564 1867 τὸν

233 1897 436 1937 Φιλίππου
465 1896 576 1938 οὗτος
606 1897 626 1936 ὁ
655 1894 981 1948 Ἀπολλοφάνης.
1053 1894 1303 1946 ἐξετάσωμεν
1328 1894 1374 1945 δὴ
1401 1893 1496 1945 πρὸς
1520 1892 1564 1933 τὸ

230 1967 297 2004 τοῦ
318 1962 492 2015 Σατύρου
511 1966 625 2004 τοῦτο
653 1963 880 2013 συμπόσιον
899 1962 943 2002 τὸ
968 1962 1117 2003 τούτων
1137 1963 1179 2002 ἐν
1200 1962 1427 2015 Μακεδονία
1451 1960 1562 2013 γενό-

278 2083 291 2104 1
319 2087 350 2105 τι
368 2083 432 2104 om.
455 2073 480 2103 F
493 2072 561 2112 BQ
652 2072 772 2111 ταύτης
791 2072 814 2103 S
831 2084 835 2102 :
862 2073 1002 2111 ταυτησί
1020 2078 1098 2105 cett.
1241 2073 1262 2102 6
1285 2073 1306 2110 ἤ
1321 2071 1383 2104 τιν’
1400 2069 1542 2102 Voernel
1559 2081 1564 2099 :

232 2118 251 2155 ἢ
270 2118 330 2149 τίν’
349 2117 425 2148 edd.
447 2116 601 2157 plerique
618 2127 625 2146 :
650 2118 701 2148 καὶ
718 2116 791 2148 τίνα
811 2115 978 2147 Richards
1098 2118 1183 2157 αὐτῷ
1200 2115 1286 2156 vulg.
1305 2126 1311 2147 :
1341 2116 1442 2155 ἑαυτῷ
1459 2114 1484 2145 S
1497 2114 1522 2144 L
1534 2113 1564 2143 Y

233 2162 328 2193 αὑτὸν
346 2160 485 2191 Bekker
500 2172 506 2191 ε
532 2161 628 2193 αὐτὸν
644 2160 731 2198 vulg.
891 2170 908 2198 7
936 2162 983 2198 εἵη
1001 2165 1077 2200 post
1095 2160 1266 2201 ἐνεορακώς
1285 2158 1351 2197 (vel
1369 2158 1565 2198 ἐνεωρακώς)

233 2204 308 2236 add.
328 2204 417 2243 vulg.
438 2216 444 2235 :
469 2215 533 2236 om.
552 2204 576 2235 S
594 2203 686 2235 solus
926 2213 964 2234 10
989 2204 1109 2236 δέδοικε
1129 2203 1152 2234 S
1166 2203 1192 2234 L
1205 2202 1234 2232 Y
1251 2213 1257 2232 :
1283 2200 1456 2234 δεδοικέναι
1473 2200 1559 2239 vulg.

239 2258 275 2286 15
293 2248 371 2280 ὄντα
389 2248 413 2279 S
426 2248 452 2278 L
468 2259 474 2277 :
500 2249 596 2280 οὔσας
614 2251 691 2278 cett.
788 2248 825 2276 16
842 2247 949 2279 τοίνυν
968 2248 991 2277 S
1006 2248 1031 2278 L
1047 2258 1054 2277 ι
1079 2248 1134 2279 νῦν
1152 2247 1213 2287 ἔφη
1230 2246 1319 2285 vulg.
1411 2255 1450 2283 27
1468 2246 1564 2276 τοῦτο

235 2291 259 2322 S
275 2292 363 2331 vulg.
382 2302 388 2321 ε
413 2291 531 2323 τούτου
549 2291 575 2321 L
590 2290 614 2321 F
626 2290 677 2322 O:
704 2292 842 2322 τοσοῦτο
860 2289 890 2320 Y
969 2290 1080 2330 ἕτερον
1097 2290 1275 2329 συμπόσιον
1292 2293 1368 2328 post
1386 2287 1565 2327 συμπόσιον

235 2335 308 2365 add.
321 2334 407 2373 vulg.
430 2335 454 2365 S
473 2344 574 2374 marg.
596 2344 638 2365 m.
657 2338 724 2365 ant.
742 2344 747 2364 :
774 2343 837 2364 om.
859 2334 893 2365 S¹
909 2333 934 2365 L
1082 2335 1120 2366 τὸ
1138 2343 1201 2365 om.
1224 2331 1331 2364 SAY
1348 2343 1354 2363 ι
1378 2331 1452 2363 add.
1472 2330 1560 2371 vulg.

236 2378 272 2409 τὸ
290 2377 413 2410 τούτων
430 2386 493 2409 om.
516 2377 541 2409 L

1578 509 1595 540 5

1582 840 1620 862 10

1583 1505 1622 1527 20
