1747 2844
136 520 153 551 5

174 127 262 182 xxx]
402 133 543 170 ΠΕΡΙ
592 132 711 169 ΤΗΣ
762 131 1277 168 ΠΑΡΑΠΡΕΣΒΕΙΑΣ
1528 130 1632 183 [431]

175 237 468 290 καταγαγόντος
495 236 564 276 τὸν
590 238 724 287 δῆμον,
751 234 927 275 τάλαντα
960 234 1037 274 δέκ’
1064 233 1306 286 ὠφληκέναι,
1336 236 1397 275 καὶ
1431 234 1498 275 τὸν

174 304 244 357 ἀφ’
269 303 478 356 Ἁρμοδίου
504 303 567 343 καὶ
592 305 669 342 τῶν
694 303 742 341 τὰ
766 300 922 353 μέγιστ’
950 299 1063 352 ἀγάθ’
1088 301 1186 350 ὑμᾶς
1213 300 1496 352 εἰργασμένων,

174 371 239 412 οὓς
264 370 370 424 νόμῳ
396 370 458 409 διὰ
482 370 552 410 τὰς
578 367 805 420 εὐεργεσίας
831 367 875 408 ἃς
901 365 1077 419 ὑπῆρξαν
1103 368 1158 408 εἷς
1182 367 1280 417 ὑμᾶς
1306 368 1347 407 ἐν
1372 366 1499 408 ἅπασι

173 440 254 479 τοῖς
275 438 392 488 ἱεροῖς
417 436 481 476 ἐπὶ
501 438 585 477 ταῖς
606 435 759 476 θυσίαις
780 436 966 474 σπονδῶν
987 434 1049 473 καὶ
1071 431 1272 485 κρατήρων
1292 433 1500 476 κοινωνοὺς

174 504 408 553 πεποίησθε,
432 502 493 542 καὶ
520 500 630 555 ᾄδετε
657 501 719 541 καὶ
745 499 872 551 τιμᾶτ’
896 498 943 550 ἐξ
964 501 1053 540 ’ίσου
1072 503 1153 541 τοῖς
1179 499 1306 552 ἥρωσι
1329 500 1392 540 καὶ
1418 504 1500 541 τοῖς

173 572 290 615 θεοῖς,
317 569 476 609 τούτους
499 569 572 618 μὲν
596 566 745 609 πάντας
770 566 841 617 τὴν
869 567 910 607 ἐκ
935 569 1012 606 τῶν
1037 567 1167 617 νόμων
1192 567 1302 616 δίκην
1320 567 1497 619 ὑπεσχη-
1529 572 1594 606 281

175 635 293 681 κέναι,
322 636 384 676 καὶ
409 633 507 685 μήτε
532 634 771 686 συγγνώμην
801 632 889 685 μήτ’
916 633 1031 673 ἔλεον
1054 631 1153 684 μήτε
1179 634 1313 674 παιδία
1340 631 1500 673 κλάονθ’

173 701 359 753 ὁμώνυμα
391 704 468 741 τῶν
502 699 715 752 εὐεργετῶν
751 699 840 751 μήτ’
874 699 978 739 ἄλλο
1013 701 1135 750 μηδὲν
1171 699 1309 741 αὐτοὺς
1345 699 1500 752 ὠφελη·

174 767 295 809 κέναι·
332 766 401 808 τὸν
426 766 459 807 δ’
486 765 729 819 Ἀτρομήτου
753 770 821 806 τοῦ
846 769 1144 818 γραμματιστοῦ
1170 766 1232 806 καὶ
1251 765 1501 808 Γλαυκοθέας

114 849 154 874 10
172 836 241 885 τῆς
265 834 355 876 τοὺς
381 832 544 876 θιάσους
564 833 828 885 συναγούσης,
850 832 915 885 ἐφ’
937 833 993 874 οἷς
1020 832 1133 884 ἑτέρα
1157 831 1344 883 τέθνηκεν
1365 832 1498 885 ἱέρεια,

116 1181 151 1213 15

112 1847 149 1878 25

172 904 312 941 τοῦτον
336 901 444 951 ὑμεῖς
469 901 679 951 λαβόντες,
707 899 776 940 τὸν
805 903 884 940 τῶν
911 899 1109 945 τοιούτων,
1135 898 1205 939 τὸν
1235 898 1324 939 οὐδὲ
1350 898 1432 939 καθ’
1459 899 1500 939 ἓν

172 966 372 1020 χρήσιμον
396 968 443 1023 τῇ
469 967 598 1012 πόλει,
626 966 693 1006 οὐκ
720 966 848 1012 αὐτόν,
871 967 915 1007 οὐ
935 965 1096 1018 πατέρα,
1119 965 1187 1006 οὐκ
1211 965 1338 1007 ἄλλον
1363 965 1501 1006 οὐδένα

173 1036 251 1073 τῶν
276 1034 427 1080 τούτου,
458 1032 657 1086 ἀφήσετε;
696 1036 808 1074 ποῖος
834 1034 909 1085 γὰρ
933 1033 1064 1079 ἵππος,
1091 1033 1186 1073 ποία
1210 1031 1379 1085 τριήρης,
1407 1033 1501 1073 ποία
1530 1035 1598 1069 282

174 1101 374 1152 στρατεία,
402 1101 460 1142 τίς
485 1100 617 1153 χορός,
646 1100 703 1141 τίς
729 1100 955 1156 λῃτουργία,
983 1100 1042 1141 τίς
1067 1098 1251 1151 εἰσφορά,
1273 1100 1330 1141 τίς
1356 1099 1497 1145 εὔνοια,
1531 1096 1642 1151 [432]

173 1170 286 1209 ποῖος
313 1168 499 1213 κίνδυνος,
528 1168 568 1207 τί
590 1166 736 1207 τούτων
763 1167 806 1207 ἐν
832 1166 947 1207 παντὶ
972 1169 1024 1220 τῷ
1050 1166 1181 1220 χρόνῳ
1206 1165 1370 1217 γέγονεν
1396 1166 1499 1217 παρὰ

172 1233 321 1273 τούτων
347 1234 392 1289 τῇ
420 1234 555 1280 πόλει;
590 1234 713 1273 καίτοι
734 1233 804 1274 κᾶν
825 1234 857 1273 εἰ
883 1236 1004 1273 ταῦτα
1024 1231 1139 1273 πάνθ’
1159 1233 1347 1285 ὑπῆρχεν,
1370 1232 1500 1272 ἐκεῖνα

173 1302 215 1340 δὲ
239 1299 291 1350 μὴ
319 1302 487 1351 προσῆν,
516 1300 673 1341 δικαίως
702 1300 763 1340 καὶ
788 1303 928 1352 προῖκα
954 1298 1310 1351 πεπρεσβευκέναι,
1339 1299 1497 1339 ἀπολω-

172 1365 286 1407 λέναι
311 1365 435 1417 δήπου
461 1369 661 1418 προσῆκεν
683 1366 797 1420 αὐτῷ.
860 1367 893 1406 εἶ
918 1368 960 1406 δὲ
985 1364 1081 1417 μήτε
1100 1368 1221 1405 ταῦτα
1245 1364 1335 1416 μήτ’
1356 1366 1498 1411 ἐκεῖνα,

172 1433 216 1472 οὐ
241 1432 535 1484 τιμωρήσεσθε,·
576 1433 643 1472 οὐκ
664 1431 1016 1484 ἀναμνησθήσεσθ’
1036 1433 1090 1472 ὧν
1112 1435 1337 1484 κατηγορῶν
1362 1432 1500 1484 ἔλεγεν
1531 1440 1598 1483 283

113 1517 127 1537 2
170 1498 390 1552 Τιμάρχου,
420 1500 471 1540 ὡς
496 1499 609 1539 οὐδέν
637 1499 722 1538 ἐστ’
750 1500 900 1551 ὄφελος
930 1499 1084 1540 πόλεως
1114 1499 1198 1548 ἥτις
1230 1498 1282 1549 μὴ
1309 1497 1411 1549 νεῦρ’
1438 1498 1503 1538 ἐπὶ

171 1565 261 1607 τοὺς
295 1566 523 1607 ἀδικοῦντας
558 1566 655 1619 ἔχει,
692 1565 780 1606 οὐδὲ
814 1565 1016 1606 πολιτείας
1055 1566 1095 1604 ἐν
1131 1563 1153 1620 ᾗ
1188 1565 1401 1617 συγγνώμη
1441 1565 1502 1604 καὶ

172 1633 422 1684 παραγγελία
446 1636 524 1673 τῶν
550 1633 681 1683 νόμιον
716 1632 848 1682 μεῖζον
879 1631 1103 1684 ἰσχύουσιν·
1143 1630 1221 1671 οὐδ’
1248 1632 1376 1671 ε’λεεῖν
1405 1631 1503 1681 ὑμᾶς

172 1699 261 1739 οὔτε
294 1698 365 1748 τὴν
398 1698 547 1750 μητέρα
581 1701 662 1738 δεῖν
695 1697 766 1748 τὴν
799 1697 1018 1751 Τιμάρχου,
1055 1700 1177 1749 γραῦν
1210 1701 1387 1749 γυναῖκα,
1415 1697 1502 1737 οὔτε

171 1766 218 1804 τὰ
243 1764 369 1805 παιδί’
396 1765 477 1805 οὔτ’
503 1764 630 1805 ἄλλον
657 1764 809 1810 οὐδένα,
839 1764 932 1804 ἀλλ’
960 1764 1075 1805 ἐκεῖν’
1101 1765 1206 1815 ὁρᾶν,
1228 1764 1301 1810 ὅτι,
1323 1765 1357 1804 εἰ
1380 1762 1499 1816 προή-

172 1833 296 1871 σεσθε
321 1833 368 1870 τὰ
394 1835 470 1871 τῶν
497 1832 626 1881 νόμων
653 1831 714 1871 καὶ
745 1833 813 1880 τῆς
845 1832 1061 1877 πολιτείας,
1091 1830 1163 1883 οὐχ
1198 1828 1385 1882 εὑρήσετε
1412 1829 1503 1872 τοὺς

170 1898 268 1948 ὑμᾶς
289 1897 427 1939 αὐτοὺς
454 1896 707 1947 ἐλεήσοντας.
769 1896 861 1937 ἀλλ’
882 1898 901 1937 ὁ
925 1899 998 1948 μὲν
1025 1898 1274 1948 ταλαίπωρος
1300 1896 1503 1948 ἄνθρωπος
1533 1903 1601 1945 284

170 1963 424 2014 ἠτιμώσεται,
442 1965 501 2004 ὅτι
521 1967 658 2004 τοῦτον
678 1963 780 2004 εἶδεν
800 1965 1020 2011 ἀδικοῦντα,
1040 1963 1163 2017 τούτῳ
1183 1963 1215 2003 δ’
1232 1961 1343 2018 ἀθῴῳ
1361 1961 1501 2003 δώσετ’

213 2083 232 2102 2
256 2074 307 2105 καὶ
325 2072 601 2115 Ἀριστογείτονος
619 2078 696 2112 post
715 2073 879 2114 Ἁρμοδίου
895 2073 970 2105 add.
988 2072 1092 2112 vulg.:
1118 2082 1181 2103 om.
1204 2072 1240 2103 5ι
1254 2072 1279 2101 L
1299 2076 1381 2103 text.
1399 2071 1442 2110 A,
1459 2071 1497 2102 cf.

170 2127 217 2147 xx
237 2118 274 2147 18
367 2127 401 2147 11
429 2117 575 2157 ἀφήσετε
594 2121 669 2155 post
686 2116 848 2154 λαβόντες
865 2117 941 2148 add.
954 2115 996 2155 A,
1009 2116 1047 2147 cf.
1065 2116 1123 2146 xxi
1141 2126 1192 2155 97,
1211 2116 1338 2146 omisso
1357 2116 1502 2156 ἀφήσετε

172 2160 227 2191 ins.
244 2170 283 2199 13
344 2164 422 2199 post
432 2159 589 2191 τοιούτων
599 2160 675 2190 add.
691 2162 794 2192 αἴτιον
808 2159 1024 2191 Herwerden
1108 2169 1145 2197 14
1163 2163 1239 2198 post
1254 2159 1409 2200 στρατεία
1422 2158 1499 2189 add.

170 2204 245 2235 ποία
256 2203 397 2245 χορηγία
410 2203 511 2242 vulg.:
537 2213 602 2234 om.
618 2203 641 2233 S
655 2203 680 2233 L
694 2207 766 2233 text
776 2203 807 2233 Y
852 2202 966 2245 χορός]
978 2202 1121 2244 χορηγός
1137 2202 1161 2232 F
1172 2201 1202 2241 Q
1216 2202 1245 2232 O
1341 2211 1377 2240 15
1395 2201 1500 2242 ποῖος]

170 2247 218 2279 τίς
234 2246 266 2277 Α
413 2247 451 2277 16
476 2248 581 2277 ἐκεῖνα
599 2246 622 2276 S
636 2245 674 2276 L¹
690 2257 697 2276 ε
722 2248 823 2278 ἐκεῖνο
841 2250 920 2277 cett.
1068 2256 1104 2284 17
1130 2246 1167 2277 τὸ
1185 2249 1264 2275 ante
1281 2245 1407 2277 δικαίως
1424 2245 1499 2277 add.

173 2289 198 2319 Ι,
215 2289 319 2329 vulg.:
344 2299 409 2321 om.
432 2290 455 2320 S
473 2289 576 2328 solus,
594 2289 633 2319 cf.
652 2289 686 2319 iii
708 2299 744 2319 12
878 2299 918 2319 22
943 2288 1051 2329 μεῖζον
1069 2288 1253 2329 ἰσχύουσιν]
1274 2288 1376 2321 πλέον
1394 2287 1499 2328 ἰσχύει

169 2332 200 2362 Α
355 2343 395 2371 24
420 2334 461 2364 τὰ
477 2337 557 2363 ante
575 2332 683 2364 παιδία
699 2342 763 2362 om.
781 2332 812 2362 A
969 2341 1008 2371 27
1034 2332 1231 2371 ἠτιμώσεται
1251 2331 1274 2362 S
1295 2331 1347 2371 (σε
1364 2331 1499 2371 punctis

170 2377 299 2416 notata)
319 2375 344 2406 L
361 2387 367 2406 τ
391 2376 547 2416 ἠτίμωται
565 2380 656 2414 cett„
675 2375 715 2406 cs.
734 2375 790 2406 xiv
808 2385 827 2405 2
