1731 2844
147 130 220 184 vu]
513 134 654 170 ΠΕΡΙ
706 133 1094 169 ΑΛΟΝΝΗΣΟὙ
1491 130 1577 184 [83]

145 236 261 277 αὐτὸν
280 237 303 276 ἃ
323 235 442 289 εἶχεν.
501 236 608 286 ὑμεῖς
627 237 668 276 δὲ
688 235 731 275 τὸ
755 237 827 285 μὲν
846 231 1040 287 ψήφισμα
1064 233 1166 273 τοῦτ’
1186 235 1460 285 ἐψηφίσασθε,

144 303 187 343 οὐ
216 302 351 354 μέντοι
379 301 414 353 γ’
445 303 591 342 ἐκείνου
621 302 720 342 εἶναι
749 301 1009 353 Ἀμφίπολιν·
1047 299 1135 340 ἔστι
1163 301 1236 351 γὰρ
1266 300 1372 353 ἔχειν
1403 301 1463 341 καὶ

143 369 370 421 τάλλότρια,
403 369 464 409 καὶ
494 369 566 421 οὐχ
595 367 765 410 ἅπαντες
797 369 833 408 οἱ
867 368 1026 420 ἔχοντες
1055 367 1102 406 τὰ
1130 367 1257 406 αὑτῶν
1286 365 1460 419 ἔχουσιν,

143 436 249 476 ἀλλὰ
285 435 428 475 πολλοὶ
467 435 528 475 καὶ
563 434 754 485 ἀλλότρια
791 433 1006 484 κέκτηνται·
1056 434 1161 473 ὥστε
1197 433 1312 472 τοῦτό
1342 450 1386 484 γε
1418 433 1462 473 τὸ

105 520 122 551 5
143 501 274 554 σοφὸν
293 501 393 555 αὐτῷ
417 500 570 551 ἠλίθιόν
590 502 712 541 ἐστιν.
785 500 846 540 καὶ
865 503 933 540 τοῦ
951 501 1023 551 μὲν
1042 497 1312 551 Φιλοκράτους
1330 501 1459 551 ψηφί-
1493 512 1536 546 27

143 584 292 619 σματος
319 566 523 618 μέμνηται,
549 569 618 616 τῆς
647 566 679 606 δ’
706 567 934 617 ἐπιστολῆς,
960 565 1009 616 ἣν
1033 565 1128 617 πρὸς
1155 566 1253 616 ὑμᾶς
1282 565 1462 618 ἔπεμψεν

141 633 199 673 ὅτ’
218 633 463 686 Ἀμφίπολιν
489 633 724 685 ἐπολιόρκει,
753 633 1027 683 ἐπιλέλησται,
1056 633 1097 672 ἐν
1120 630 1145 687 ᾗ
1171 631 1367 684 ὡμολόγει
1391 632 1462 682 τὴν

140 699 384 753 Ἀμφίπολιν
417 699 606 751 ὑμετέραν
643 700 754 741 εἶναι·
803 699 879 752 ἔφη
917 700 990 751 γὰρ
1027 697 1339 750 ἐκπολιορκήσας
1374 699 1462 749 ὑμῖν

140 767 374 812 ἀποδώσειν,
397 766 447 808 ὡς
472 767 595 807 οὖσαν
619 765 809 818 ὑμετέραν
835 767 897 806 καὶ
922 765 967 805 οὐ
991 769 1067 805 τῶν
1093 765 1279 818 ἐχόντων,
1336 766 1461 806 κάκεῖ·
1493 772 1536 807 28

83 849 122 871 10
140 848 201 874 νοι
222 831 305 885 μέν,
329 832 379 875 ὡς
398 832 536 880 ἔοικεν,
557 834 593 874 οἱ
618 834 808 886 πρότερον
828 834 870 873 ἐν
889 831 1132 884 Ἀμφιπόλει
1157 832 1353 874 οἰκοῦντες
1372 832 1463 883 πρὶν

140 900 341 940 Φίλιππον
371 903 527 950 λαβεῖν,
564 899 635 949 τὴν
669 899 890 950 Ἀθηναίων
926 899 1058 951 χώραν
1095 897 1217 951 εἶχον,
1253 898 1384 948 ἐπειδὴ
1421 900 1463 939 δὲ

139 967 339 1008 Φίλιππος
364 965 484 1015 αὐτὴν
504 967 681 1018 εἴληφεν,
705 966 749 1006 οὐ
773 965 843 1015 τὴν
862 964 1082 1015 Ἀθηναίων
1102 965 1234 1017 χώραν
1261 965 1367 1004 ἀλλὰ
1391 964 1462 1014 τὴν

140 1034 276 1072 ἑαυτοῦ
302 1032 398 1084 ἔχει·
435 1031 512 1072 οὐδ’
533 1032 734 1072 ’Ὀλυνθόν
760 1049 803 1083 γε
829 1031 908 1072 οὐδ’
933 1031 1214 1072 Ἀπολλωνίαν
1239 1030 1325 1072 οὐδὲ
1346 1034 1457 1071 Παλ-

138 1097 276 1148 λήνην,
297 1098 364 1138 οὐκ
390 1099 601 1149 ἀλλοτρίας
621 1099 727 1138 ἀλλὰ
753 1100 821 1140 τὰς
848 1101 984 1139 ἑαυτοῦ
1001 1098 1132 1150 χώρας
1154 1096 1345 1147 κέκτηται.
1401 1096 1460 1149 ἆρ’
1492 1110 1535 1144 29

81 1180 117 1213 15
139 1164 227 1214 ὑμῖν
260 1167 366 1205 δοκεῖ
398 1164 712 1217 πεφυλαγμένως
745 1164 900 1205 ἅπαντα
931 1163 1027 1216 πρὸς
1059 1165 1156 1214 ὑμᾶς
1190 1163 1456 1210 ἐπιστέλλειν,

137 1230 242 1271 ὅπως
277 1230 325 1271 ἂν
358 1232 544 1282 φαίνηται
573 1232 636 1271 καὶ
664 1231 796 1283 λέγων
830 1231 892 1271 καὶ
928 1230 1108 1283 πράττων
1139 1231 1163 1270 ἃ
1200 1232 1304 1282 παρὰ
1335 1233 1457 1271 πᾶσιν
1489 1229 1574 1283 [84]

138 1296 357 1348 ἀνθρώποις
387 1298 637 1349 ὁμολογεῖται
668 1299 796 1337 δίκαια
823 1295 933 1343 εἶναι,
961 1296 1053 1337 ἀλλ’
1078 1297 1122 1336 οὐ
1157 1297 1316 1348 σφόδρα
1340 1314 1456 1337 κατα-

137 1362 437 1415 πεφρονηκέναι,
460 1362 502 1405 ὃς
527 1364 596 1414 τὴν
615 1364 761 1417 χώραν,
782 1363 831 1413 ἣν
852 1365 887 1404 οἱ
905 1362 1107 1413 “Έλληνες
1133 1363 1194 1403 καὶ
1218 1363 1414 1414 βασιλεὺς
1440 1364 1460 1403 ὁ

137 1432 306 1481 Περσῶν
351 1431 610 1483 ἐψηφίσαντο
658 1431 720 1470 καὶ
768 1429 1073 1482 ὡμολογήκασιν
1113 1429 1304 1482 ὑμετέραν
1345 1430 1455 1476 εἶναι,

79 1513 118 1535 20
136 1495 278 1547 ταύτην
303 1496 429 1550 φησὶν
454 1499 591 1538 ἑαυτοῦ
616 1497 678 1538 καὶ
703 1497 776 1550 οὐχ
799 1496 990 1549 ὑμετέραν
1015 1496 1132 1543 εἶναι,·

204 1563 302 1615 Περὶ
327 1566 368 1604 δὲ
392 1567 459 1604 τοῦ
485 1563 617 1616 ἑτέρου
644 1564 981 1616 ἐπανορθώματος,
1009 1562 1029 1604 ὃ
1053 1564 1160 1614 ὑμεῖς
1186 1564 1228 1603 ἐν
1253 1569 1300 1620 τῇ
1326 1562 1458 1619 εἰρήνῃ
1490 1578 1534 1612 30

138 1630 439 1682 ἐπανορθοῦσθε,
474 1630 564 1673 τοὺς
595 1631 742 1673 ἄλλους
767 1630 985 1681 “Ελληνας,
1022 1631 1110 1670 ὅσοι
1142 1629 1193 1680 μὴ
1228 1633 1459 1670 κοινωνοῦσι

137 1698 204 1747 τῆς
230 1696 394 1749 εἰρήνης,
416 1697 645 1750 ἐλευθέρους
665 1697 726 1738 καὶ
747 1698 986 1748 αὐτονόμους
1007 1697 1118 1743 εἶναι,
1142 1696 1203 1737 καὶ
1228 1696 1297 1737 ἐάν
1314 1713 1372 1739 τις
1396 1696 1457 1737 ἐπ’

136 1762 274 1805 αὐτοὺς
306 1765 511 1820 στρατεύῃ,
545 1767 710 1816 βοηθεῖν
742 1764 832 1807 τοὺς
869 1767 1148 1819 κοινωνοῦντας
1185 1765 1254 1814 τῆς
1289 1763 1455 1815 εἰρήνης,

78 1845 115 1877 25
136 1829 344 1882 ἡγούμενοι
381 1832 442 1872 καὶ
478 1832 626 1872 δίκαιον
661 1835 774 1872 τοῦτο
812 1832 874 1872 καὶ
910 1830 1207 1884 φιλάνθρωπον,
1244 1829 1295 1881 μὴ
1336 1831 1458 1881 μόνον
1488 1841 1528 1876 31

135 1895 236 1946 ἡμᾶς
261 1897 322 1937 καὶ
347 1897 437 1940 τοὺς
464 1897 693 1952 συμμάχους
722 1898 810 1940 τοὺς
839 1897 1048 1950 ἡμετέρους
1078 1897 1140 1937 καὶ
1166 1898 1369 1937 Φίλιππον
1395 1897 1457 1937 καὶ

136 1962 226 2005 τοὺς
251 1963 480 2018 συμμάχους
504 1964 593 2007 τοὺς
619 1966 767 2006 ἐκείνου
786 1965 898 2018 ἄγειν
916 1965 987 2016 τὴν
1007 1963 1176 2017 εἰρήνην,
1197 1963 1287 2005 τοὺς
1307 1965 1347 2004 δὲ
1366 1962 1456 2014 μήθ’

136 2029 343 2083 ἡμετέρους
367 2033 482 2073 ὄντας
505 2030 601 2082 μήτε
622 2032 823 2073 Φιλίππου
848 2031 1078 2085 συμμάχους
1103 2033 1145 2072 ἐν
1169 2030 1278 2085 μέσῳ
1305 2032 1459 2070 κεῖσθαι

137 2096 199 2136 καὶ
225 2096 300 2137 ὑπὸ
329 2101 405 2138 τῶν
433 2098 662 2150 κρειττόνων
692 2099 958 2144 ἀπόλλυσθαι,
990 2099 1096 2139 ἀλλὰ
1125 2098 1187 2138 καὶ
1216 2097 1367 2138 τούτοις
1396 2097 1459 2136 διὰ

179 2216 197 2244 4
223 2206 380 2248 ἀλλότρια
399 2207 421 2237 S
436 2206 470 2237 L¹
486 2217 492 2237 ι
518 2206 699 2248 τάλλότρια
715 2207 803 2246 vulg.
940 2217 959 2245 5
984 2209 1068 2247 αὐτῷ
1085 2206 1115 2237 Α
1132 2218 1138 2236 :
1164 2207 1266 2237 αὐτῶν
1285 2206 1307 2235 S
1321 2205 1357 2235 L¹
1376 2204 1457 2235 Soli:

138 2250 233 2281 αὐτοῦ
249 2250 335 2288 vulg.
475 2260 511 2287 14
537 2252 592 2282 οὐκ
609 2250 687 2281 secl.
706 2251 780 2281 edd.
803 2249 955 2290 plerique
973 2261 979 2280 :
1004 2255 1168 2280 commate
1187 2254 1264 2288 post
1282 2248 1459 2286 Παλλήνην

138 2293 246 2330 posito
274 2298 364 2324 recte
393 2298 504 2324 tuetur
533 2293 639 2331 Blass,
667 2293 707 2325 ef.
735 2294 790 2324 xxi
820 2304 890 2333 129,
917 2294 986 2323 xxii
1013 2303 1064 2331 32,
1091 2292 1173 2323 xxiii
1202 2302 1273 2331 191,
1300 2292 1390 2322 xxvii
1417 2293 1458 2329 65

139 2345 178 2365 22
210 2338 436 2377 ἐπανορθοῦσθε
464 2336 537 2367 SL¹
563 2336 650 2367 soli:
683 2337 952 2378 ἐπηνωρθώσασθε
978 2337 1065 2375 vulg.
1225 2345 1264 2374 25
1296 2336 1338 2375 μὴ
1363 2334 1459 2374 μόνον

140 2378 236 2419 ἡμᾶς]
254 2379 296 2418 μὴ
315 2380 394 2418 ἡμᾶς
411 2379 470 2419 μὲν
488 2379 596 2410 malim
