1747 2844
118 531 136 562 5

102 863 139 884 10

103 1195 138 1226 Ι5

102 1528 141 1550 20

158 141 261 195 xvn]
287 145 414 182 ΠΕΡΙ
441 144 558 182 ΤΩΝ
585 144 727 181 ΠΡΟΣ
753 141 1131 181 ΑΛΕΞΑΝΔΡΟΝ
1158 141 1472 178 ΣΎΝΘΗΚΩΝ

157 249 256 299 ἡμᾶς
283 248 372 289 τοὺς
400 248 596 289 τοιούτους
626 248 826 291 εἴσπλους,
855 245 1032 284 κάκεῖθεν
1056 246 1192 294 δῆλον·
1229 248 1282 298 τῷ
1308 245 1382 295 γὰρ
1408 242 1477 283 τὸν

157 316 245 355 τότε
278 314 342 355 ἐπὶ
374 317 441 364 τῆς
477 314 573 355 νεὼς
605 312 912 357 εἰσπλεύσαντα,
948 310 992 351 ὃν
1026 311 1103 351 ἔδει
1138 310 1248 351 εὐθὺς
1279 311 1376 360 μετὰ
1408 312 1477 360 τῆς

156 380 334 433 τριήρους
370 380 437 432 ὑφ’
470 381 576 430 ὑμῶν
612 378 875 423 ἀπολωλέναι,
914 378 1109 417 αἰτεῖσθαι
1143 375 1478 428 ναυπηγήσασθαι

156 449 274 499 μικρὰ
298 451 419 487 πλοῖα
444 448 586 487 ἐντοῖς
611 444 813 497 ἡμετέροις
836 443 973 494 λιμέσι
993 447 1074 485 πῶς
1098 443 1142 482 οὐ
1168 444 1392 495 καταφανὲς
1416 443 1476 482 ὅτι

158 515 244 554 ἀντὶ
268 517 337 553 τοῦ
361 515 541 554 εἰσπλεῖν
565 511 610 551 τὸ
635 511 747 552 εὐθὺς
777 511 889 550 ἔνδον
914 510 1013 550 εἶναι
1042 511 1315 563 ἐμηχανῶντο;
1354 509 1416 548 καὶ
1442 509 1476 548 εἰ

158 582 282 620 λεπτὰ
308 583 428 620 πλοῖα
453 580 733 629 ὑπομενοῦμεν,
755 578 893 629 ὀλίγον
919 578 1085 628 ὕστερον
1111 576 1173 616 καὶ
1198 574 1375 627 τριήρεις·
1415 576 1476 614 καὶ

159 648 192 686 εἱ
212 646 255 685 τὸ
275 650 427 697 πρῶτον
446 646 594 696 ὀλίγας,
616 648 738 699 μικρῷ
757 645 925 695 ὕστερον
946 642 1111 685 πολλάς.
1167 642 1211 682 οὐ
1230 643 1304 694 γὰρ
1324 641 1369 692 δὴ
1390 641 1476 681 ἔστι

158 712 194 764 γ’
214 714 337 753 εἰπεῖν
357 712 407 753 ὡς
424 710 616 761 Ἀθήνησι
633 713 706 762 μὲν
725 712 910 762 ἀφθόνων
928 712 1053 750 ὄντων
1072 714 1149 750 τῶν
1167 708 1477 760 ναυπηγησίμων

158 778 299 829 ξύλων,
331 782 408 819 τῶν
436 779 550 830 μόγις
585 778 646 818 καὶ
676 779 876 829 πόρρωθεν
909 775 1252 827 εἰσκομιζομένων,
1284 776 1327 815 ἐν
1357 777 1397 815 δὲ
1430 775 1475 830 τῇ

160 846 386 899 Μακεδονίᾳ
416 845 739 890 ἐπιλελοιπότων,
772 845 818 900 τῇ
851 845 912 884 καὶ
940 847 1020 885 τοῖς
1051 843 1190 884 ἄλλοις
1218 845 1300 884 τοῖς
1328 846 1474 893 βουλο-

159 911 291 962 μένοις
315 911 578 953 εὐτελέστατα
603 910 883 967 καθισταμένῃ,
905 910 996 951 &MC
1022 909 1133 965 ᾤονθ’
1159 909 1238 960 ἅμα
1262 926 1303 949 τε
1328 925 1474 958 ναυπη-

159 978 358 1030 γήσεσθαι
405 981 570 1019 ἐνταῦθα
618 978 680 1018 καὶ
727 978 1012 1029 πληρώσεσθαι
1058 978 1101 1017 ἐν
1142 980 1193 1031 τῷ
1241 975 1370 1026 λιμένι
1410 972 1476 1029 [τῷ

160 1043 452 1100 προειρημένῳῙ,
482 1047 523 1085 ἐν
548 1049 632 1087 ταῖς
658 1048 802 1086 κοιναῖς
832 1045 1061 1096 ὁμολογίαις
1086 1041 1329 1094 διειρημένον
1356 1044 1478 1093 μηδὲν

160 1116 336 1152 τοιοῦτον
374 1111 640 1165 εἰσδέχεσθαι,
678 1112 741 1151 καὶ
775 1111 877 1151 τοῦτ’
914 1110 1127 1161 ἐξέσεσθαι
1162 1110 1226 1150 ε’πὶ
1258 1108 1382 1149 πλέον
1418 1109 1478 1148 ἀεὶ

160 1182 297 1218 ποιεῖν.
347 1179 447 1218 οὕτω
465 1179 713 1231 πανταχόθεν
729 1177 1131 1229 καταπεφρονηκότως
1148 1177 1287 1216 ἐκεῖνοι
1302 1181 1349 1232 τῇ
1365 1176 1479 1215 πόλει

159 1249 330 1297 χρῶνται
356 1247 419 1285 διὰ
443 1245 532 1285 τοὺς
558 1246 737 1285 ἐντεῦθεν
766 1243 1026 1284 διδασκάλους
1050 1243 1140 1284 τοὺς
1164 1241 1478 1294 ὑπαγορεύοντας

160 1312 291 1353 αὐτοῖς
327 1313 352 1352 ἃ
390 1313 450 1351 δεῖ
484 1315 623 1351 ποιεῖν·
675 1311 773 1350 οὕτω
813 1313 853 1351 δὲ
893 1310 1161 1362 κατεγνώκασι
1196 1310 1295 1359 μετὰ
1331 1308 1478 1348 τούτων

160 1378 370 1430 ἀδιήγητόν
396 1394 483 1418 τινα
507 1380 575 1427 τῆς
600 1378 753 1419 πόλεως
782 1376 944 1416 ἔκλυσιν
970 1377 1032 1416 καὶ
1061 1376 1270 1426 μαλακίαν,
1300 1374 1362 1414 καὶ
1391 1374 1479 1414 οὔτε

160 1446 346 1498 πρόνοιαν
378 1445 465 1497 περὶ
493 1448 572 1484 τῶν
599 1444 829 1494 μελλόντων
856 1442 965 1488 εἶναι,
994 1442 1083 1482 οὔτε
1114 1441 1311 1494 λογισμὸν
1341 1440 1480 1481 οὐδένα

159 1513 472 1565 παραγίγνεσθαι
500 1512 587 1551 τίνα
615 1511 760 1562 τρόπον
785 1511 926 1563 χρῆται
956 1510 976 1548 ὁ
1005 1509 1193 1560 τύραννος
1220 1511 1304 1549 ταῖς
1334 1511 1479 1548 κοιναῖς

160 1580 399 1631 ὁμολογίαις.
471 1579 531 1620 αῖς
574 1578 652 1630 ἐγὼ
689 1576 973 1627 διακελεύομαι,
1013 1574 1042 1615 ὦ
1084 1575 1220 1627 ἄνδρες
1262 1574 1477 1624 Ἀθηναῖοι,

160 1647 378 1692 πείθεσθαι,
415 1645 588 1697 καθάπερ
621 1642 790 1693 ἐδίδαξα,
829 1643 890 1683 καὶ
927 1643 1301 1693 διαβεβαιωσαίμην
1333 1640 1392 1687 ἄν,
1429 1640 1479 1682 ὡς

159 1712 263 1752 τοῦθ’
282 1713 435 1763 ἡλικίας
461 1712 576 1766 ἔχων,
600 1711 679 1762 ἅμα
705 1710 766 1750 καὶ
790 1714 843 1764 τῷ
864 1711 997 1764 δικαίῳ
1017 1709 1117 1760 ἡμᾶς
1143 1706 1392 1761 ἀνεγκλήτως
1419 1707 1479 1746 καὶ

160 1782 240 1820 τοῖς
267 1784 414 1831 καιροῖς
441 1778 734 1832 ἀσφαλέστατα
764 1775 989 1830 χρήσεσθαι
1012 1779 1093 1817 τοῖς
1120 1775 1183 1816 ἐπὶ
1207 1775 1252 1815 τὸ
1277 1773 1480 1826 συμφέρον

127 1860 137 1867 ·
161 1846 472 1898 κατεπείγουσιν.
536 1847 597 1886 καὶ
616 1847 691 1897 γὰρ
713 1844 769 1884 ἔτι
789 1842 1115 1895 προσγέγραπται
1134 1838 1212 1893 <ἐν>
1229 1845 1314 1882 ταῖς
1335 1838 1478 1889 συνθή-

162 1928 257 1957 καις,
287 1914 383 1952 ’ἐὰν
412 1913 650 1963 βουλώμεθα
674 1914 743 1962 τῆς
775 1913 905 1960 κοινῆς
936 1908 1090 1961 εἰρήνης
1120 1906 1337 1961 μετέχειν’·
1374 1906 1417 1946 τὸ
1447 1905 1479 1944 δ’

162 1978 254 2018 (ἐὰν
278 1978 535 2029 βουλώμεθα’
555 1979 665 2019 ἐστὶν
690 1977 770 2028 ἅμα
796 1977 857 2017 καὶ
882 1976 1123 2022 τούναντίον,
1147 1976 1179 2016 εἰ
1204 1974 1279 2026 ἄρα
1303 1975 1398 2014 ποτε
1423 1976 1483 2012 δεῖ

207 2098 219 2117 Ι
247 2091 291 2129 τῷ
309 2087 434 2118 Aldina
451 2087 613 2118 Voemelii
632 2099 638 2118 :
662 2088 699 2119 τὸ
717 2087 815 2118 codd.
961 2096 979 2123 4
1005 2083 1186 2126 καταφανὲς
1202 2082 1290 2113 And.
1310 2080 1456 2121 Spengel
1473 2091 1479 2110 ε

160 2131 341 2172 καταφανὲς
372 2134 458 2163 ποιεῖ
480 2131 614 2161 ABY:
650 2129 831 2171 καταφανὲς
858 2129 898 2167 ἣν
924 2130 1034 2168 vulg:
1071 2126 1252 2168 καταφανὲς
1280 2125 1319 2162 ἦν
1345 2127 1430 2156 ποιεῖ
1455 2123 1480 2154 F

160 2176 180 2204 8
205 2175 319 2215 εἰπεῖν]
345 2186 386 2205 an
411 2175 534 2205 excidit
557 2174 681 2213 aliquid
705 2178 783 2204 ante
809 2174 910 2205 εἰπεῖν
936 2174 1022 2211 (e.g.
1040 2172 1237 2211 πρόφασιν)2
1374 2178 1411 2197 12
1436 2171 1481 2207 τῷ

160 2218 371 2260 προειρημένῳ
392 2218 472 2249 secl.
492 2217 639 2249 Reiske:
668 2221 778 2248 tuetur
793 2216 897 2252 Weil,
916 2221 1079 2247 commate
1096 2218 1171 2254 post
1188 2211 1293 2252 λιμένι
1311 2212 1431 2250 posito,
1449 2215 1482 2241 et

161 2262 273 2292 deleto
289 2261 485 2303 διειρημένον
601 2270 638 2299 13
662 2260 858 2301 διειρημένον
875 2260 997 2295 Baiter,
1018 2259 1145 2289 Cobet:
1171 2254 1366 2297 διειρημένου
1383 2254 1480 2285 codd.

165 2314 203 2342 14
227 2304 390 2345 ἐξέσεσθαι
405 2303 517 2335 Wolf:
545 2303 671 2344 ἐξέσται
689 2303 786 2334 codd.
914 2312 952 2341 15
976 2305 1017 2344 τῇ
1035 2301 1128 2332 πόλει
1145 2300 1216 2330 AY
1235 2308 1318 2329 corr.
1340 2298 1370 2328 O
1386 2309 1392 2327 ε
1417 2307 1480 2327 om.

162 2347 250 2387 vulg.
343 2358 383 2378 22
403 2347 697 2385 διαβεβαιωσαίμην
713 2346 832 2377 Wolf:
857 2344 1136 2383 διεβεβαιωσοίμην
1152 2343 1247 2373 codd.
1342 2352 1381 2379 24
1400 2341 1481 2382 χρή-

163 2395 273 2422 σεσθαι
291 2390 330 2421 G.
349 2391 393 2421 H.
414 2391 597 2422 Schaefer:
623 2390 804 2431 χρήσασθαι
821 2388 851 2419 Α
868 2401 874 2419 :
900 2391 1037 2430 χρῆσθαι
1056 2388 1142 2425 vulg.
1288 2394 1328 2421 25
1355 2387 1388 2416 ἐν
1404 2384 1479 2416 add.

164 2434 389 2473 Herwerden,
409 2435 448 2465 cf.
470 2438 484 2472 ξ
503 2435 524 2464 6
656 2442 695 2471 27
723 2434 750 2465 εἰ
767 2434 825 2474 ἄρα
842 2431 923 2463 ποτὲ
940 2432 1036 2462 codd.
1053 2441 1059 2461 t
1084 2431 1102 2467 ἢ
1121 2428 1167 2470 ἄρ’
1185 2432 1299 2460 οὔποτε
1317 2427 1406 2458 Weil

1505 139 1613 194 [219]

1506 647 1551 680 28

1508 1184 1552 1219 29

1510 1374 1624 1429 [220]

1509 1591 1556 1625 30
