1763 2828
190 546 230 579 41

146 798 230 854 [87]

186 1013 230 1048 φ

184 1342 228 1378 w

159 1718 228 1776 '44

676 137 1196 192 [AMMOEOENOTNJ
1518 137 1593 192 μη

390 244 525 285 ,Τόνδε
553 246 836 296 καθιδρύσαντο
863 246 936 300 θεῷ
958 245 1200 297 περικαλλέα
1224 245 1363 295 βωμὸν

467 313 617 362 Λευκῆς
643 312 704 352 καὶ
731 315 909 353 Πτελεοῦ
933 311 1086 362 μέσσον
1112 313 1203 366 ὅρον
1227 311 1385 363 θέμενοι

400 377 592 425 ἐνναέται,
620 374 782 432 ’Ϋχώρης
808 378 990 429 σημήϊον·
1029 380 1220 431 ἀμμορίης
1245 374 1319 419 δὲΫ

465 445 581 487 αὐτὸς
607 445 707 496 ἄναξ
729 445 914 498 μακάρων
938 445 1025 486 ἐστὶ
1049 444 1171 496 μέσος
1199 446 1402 497 Κρονίδης.

264 527 407 578 ταύτην
435 527 571 579 μέντοι
600 527 671 579 τὴν
700 529 846 582 χώραν,
876 529 1074 579 τοσαύτην
1103 528 1228 569 οὖσαν
1253 530 1354 579 ὅσην
1382 529 1418 569 οῖ
1451 529 1595 571 πολλοὶ
1615 546 1633 578 5

264 594 371 645 ὑμῶν
403 595 555 641 ἴσασιν,
592 595 642 636 ὡς
679 597 818 636 ἑαυτοῦ
850 595 973 637 οὖσαν
1006 595 1077 646 τὴν
1109 597 1181 646 μὲν
1217 594 1332 637 αὐτὸς
1367 599 1592 648 καρποῦται,

263 660 335 711 τὴν
363 660 395 701 δ’
425 660 566 704 ἄλλοις
594 664 759 714 δωρειὰν
791 662 947 709 δέδωκε,
979 663 1042 703 καὶ
1070 661 1225 703 ἅπαντα
1257 663 1305 702 τὰ
1339 661 1515 713 κτήματα
1546 664 1595 703 τὰ

262 727 429 780 ὑμέτερα
452 728 521 781 ὑφ’
546 729 647 783 αὑτῷ
674 731 855 770 ποιεῖται.
929 729 990 770 καὶ
1016 729 1060 769 οὐ
1083 729 1204 780 μόνον
1229 729 1300 779 τὴν
1326 727 1400 779 ἔξω
1426 728 1595 782 Ἀγορᾶς

262 794 397 848 χώραν
424 796 710 847 σφετερίζεται,
739 797 845 837 ἀλλὰ
872 797 934 837 καὶ
961 795 1054 848 πρὸς
1076 795 1329 848 Καρδιανούς,
1358 796 1394 836 οἳ
1420 797 1594 837 οἰκοῦσιν

263 862 357 902 εἵσω
390 860 571 914 Ἀγορᾶς,
603 862 833 903 ἐπιστέλλει
864 864 905 903 ἐν
935 864 980 919 τῇ
1010 866 1078 904 νῦν
1105 863 1297 919 ἐπιστολῇ
1328 862 1378 904 ὡς
1408 865 1468 903 δεῖ
1495 863 1594 914 ὑμας
1617 879 1657 901 10

262 927 712 980 διαδικάζεσθαι-πρὸς
754 929 996 980 Καρδιανοὺς
1033 929 1123 971 τοὺς
1160 932 1433 971 κατοικοῦντας
1471 931 1513 970 ἐν
1546 930 1592 986 τῇ

262 993 526 1049 ὑμετέρᾳ--εἵ
556 1012 592 1035 τι
629 995 725 1047 πρὸς
762 995 902 1038 αὐτοὺς
938 995 1191 1047 διαφέρεσθε.
1262 995 1516 1047 διαφέρονται
1552 998 1594 1037 δὲ

262 1061 358 1113 πρὸς
394 1063 505 1113 ὑμᾶς,
545 1062 756 1114 σκέψασθε
793 1063 827 1103 εἶ
859 1063 946 1114 περὶ
982 1066 1132 1114 μικροῦ.
1203 1064 1350 1103 ἑαυτῶν
1384 1067 1488 1114 φασι
1522 1062 1593 1113 τὴν

261 1128 395 1182 χώραν
427 1129 553 1169 οὖσαν
582 1130 702 1170 οἰκεῖν
734 1130 796 1170 καὶ
824 1129 898 1183 οὐχ
925 1129 1126 1181 ὑμετέραν,
1162 1130 1223 1169 καὶ
1252 1131 1299 1169 τὰ
1326 1131 1398 1180 μὲν
1426 1128 1594 1181 ὑμέτερα

262 1195 360 1236 εἶναι
389 1195 613 1247 ἐγκτήματα
641 1196 691 1238 ὡς
719 1198 759 1237 ἐν
789 1197 996 1250 ἀλλοτρίᾳ,
1023 1198 1070 1236 τὰ
1099 1198 1141 1237 δὲ
1172 1198 1319 1237 ἑαυτῶν
1350 1195 1512 1247 κτήμαθ’
1542 1196 1593 1239 ὣς
1615 1212 1652 1246 15

261 1264 302 1302 ἐν
329 1263 463 1316 οἰκείᾳ,
488 1264 549 1304 καὶ
574 1263 683 1303 ταῦθ’
702 1262 890 1316 ὑμέτερον
915 1264 1081 1314 πολίτην
1107 1262 1262 1315 γράψαι
1280 1264 1322 1304 ἐν
1341 1264 1590 1315 ψηφίσματι,

262 1328 501 1370 Κάλλιππον
518 1329 723 1371 Παιανιέα.
779 1330 842 1371 καὶ
861 1331 978 1371 τοῦτό
995 1330 1032 1383 γ’
1049 1331 1177 1380 ἀληθῆ
1197 1329 1402 1382 λέγουσιν·
1438 1330 1592 1382 ἔγραψε

259 1395 346 1448 γάρ,
369 1396 432 1436 καὶ
459 1398 552 1447 ἐμοῦ
575 1397 613 1449 γ’
632 1396 751 1438 αὐτὸν
770 1396 1030 1450 γραψαμένου
1050 1397 1287 1449 παρανόμων
1306 1396 1465 1449 γραφὴν
1484 1397 1592 1447 ὑμεῖς

259 1462 595 1515 ἀπεψηφίσασθε·
633 1464 832 1516 τοιγάρτοι
863 1463 1223 1517 ἀμφισβητήσιμον
1248 1465 1336 1514 ὑμῖν
1361 1463 1433 1514 τὴν
1457 1463 1592 1517 χώραν

261 1531 558 1571 κατεσκεύακεν.
630 1531 748 1572 ὁπότε
772 1533 813 1572 δὲ
840 1531 927 1583 περὶ
953 1531 1089 1572 τούτου
1114 1529 1336 1581 τολμήσετε
1362 1530 1459 1583 πρὸς
1485 1533 1589 1582 Καρ-
1612 1545 1654 1568 20

259 1597 414 1639 διανοὺς
457 1596 761 1648 διαδικάζεσθαι,
802 1597 871 1638 εἴθ’
910 1597 1077 1650 ὑμετέρα
1116 1597 1225 1637 ἐστὶν
1264 1597 1333 1638 εἴτ’
1370 1598 1529 1638 ἐκείνων
1567 1597 1590 1648 ἡ

258 1664 381 1716 χώρα,
404 1665 466 1704 διὰ
491 1664 531 1704 τί
553 1664 597 1704 οὐ
623 1665 684 1704 καὶ
710 1664 807 1716 πρὸς
831 1664 922 1707 τοὺς
941 1664 1090 1706 ἄλλους
1109 1665 1403 1716 Χερρονησίτας
1428 1663 1472 1704 τὸ
1497 1663 1591 1704 αὐτὸ

259 1731 408 1771 δίκαιον
439 1731 571 1777 ἕσται,·
621 1732 683 1772 καὶ
715 1732 835 1774 οὕτως
867 1732 1109 1784 ὑβριστικῶς
1144 1732 1234 1782 ὑμῖν
1265 1730 1450 1785 κέχρηται
1486 1731 1591 1772 ὥστε

260 1798 400 1849 φησίν,
439 1797 487 1838 ἂν
525 1797 578 1849 μὴ
618 1798 768 1839 θέλωσι
805 1798 1097 1849 διαδικάζεσθαι
1137 1799 1173 1838 οἱ
1211 1799 1436 1849 Καρδιανοί,
1474 1796 1590 1839 αὐτὸς

260 1863 513 1917 ἀναγκάσειν,
541 1864 592 1907 ὡς
614 1865 722 1917 ὑμῶν
746 1864 782 1917 γ’
807 1865 875 1905 οὐκ
899 1865 947 1906 ἂν
972 1864 1198 1916 δυναμένων
1230 1865 1341 1906 οὐδὲν
1366 1863 1591 1917 ἀναγκάσαι
1612 1880 1651 1913 ²5

260 1931 501 1984 Καρδιανοὺς
523 1931 614 1982 ὑμῖν
638 1934 814 1982 ποιῆσαι·
852 1931 986 1982 ἐπειδὴ
1012 1931 1044 1973 δ’
1064 1933 1172 1983 ὑμεῖς
1195 1931 1239 1973 οὐ
1264 1931 1446 1979 δύνασθε,
1474 1931 1590 1974 αὐτός

302 2049 317 2070 Ι
344 2039 462 2073 τόνδε.
484 2064 491 2072 .
511 2039 760 2081 .]epigramma
778 2051 843 2072 orn.
864 2040 928 2071 SL
1094 2051 1114 2080 3
1140 2040 1309 2073 ἐνναέται.
1330 2064 1337 2072 .
1358 2040 1537 2082 .ἆμμορίης
1553 2039 1588 2073 δὲ

258 2084 354 2115 codd
374 2094 513 2115 omnes:
540 2083 697 2122 ἐνναέται,
715 2097 824 2125 μοιρης
843 2085 981 2124 σημήϊον
1005 2084 1160 2126 ἀμμορίης
1180 2097 1225 2116 τε.
1248 2084 1346 2115 Blass
1366 2084 1438 2115 coll.
1459 2084 1585 2123 Odyss.

258 2141 284 2159 υ.
305 2137 345 2166 75
493 2137 512 2166 5
537 2128 701 2166 τοσαύτην
718 2127 818 2160 οὒσαν
834 2138 898 2158 0111.
919 2128 943 2158 S
956 2127 994 2159 L¹
1147 2137 1186 2158 10
1212 2130 1286 2160 εἵσω
1305 2127 1407 2166 (vel’‘
1390 2131 1468 2165 ww]
1487 2127 1583 2158 codd.

257 2170 404 2210 aliquot:
432 2171 489 2211 ἔξω
508 2172 531 2201 S
549 2170 587 2210 (σ
603 2181 772 2210 suprascr.
812 2171 849 2201 L¹
867 2171 958 2211 vulg.
1149 2180 1185 2201 11
1212 2172 1288 2212 πρὸς
1307 2171 1498 2212 Καρδιανοὺς
1519 2170 1583 2201 del.

259 2213 367 2244 Index
387 2215 560 2245 Lambini:
584 2216 660 2256 πρὸς
679 2216 869 2256 Καρδιανοὺς
894 2239 902 2247 .
929 2239 937 2246 .
967 2240 973 2247 .
1000 2214 1137 2257 ὑμετέρᾳ
1154 2214 1218 2245 del.
1237 2214 1369 2245 Cobet:
1396 2215 1586 2255 Καρδιανοὺς

257 2257 337 2289 secl.
365 2257 462 2289 Blass
567 2260 796 2290 κατοικοῦντας
823 2258 990 2289 SLAY:
1024 2260 1190 2291 οἰκοῦντας
1214 2258 1302 2297 vulg·
1462 2267 1499 2296 15
1533 2259 1586 2298 ἐγ-

257 2301 405 2339 κτήματα
435 2301 458 2331 S
487 2311 571 2332 corr.
606 2300 665 2331 L¹z
704 2301 894 2342 ἐγκτήματα(
922 2309 1022 2342 φασιν
1049 2302 1161 2341 vulg.:
1199 2301 1386 2342 ἐγκτήματα
1417 2300 1528 2340 λέγειν
1555 2299 1586 2331 Α

261 2353 296 2382 17
323 2345 425 2382 ἀληθῆ
444 2346 467 2375 S
481 2345 506 2375 L
523 2345 585 2375 soli
603 2356 608 2374 :
634 2344 749 2383 ἀληθὲς
765 2345 854 2384 vulg.
871 2356 876 2374 :
904 2347 1028 2383 ἀληθῶς
1047 2345 1071 2376 F
1084 2345 1110 2376 B
1239 2354 1280 2383 23
1306 2345 1398 2376 ἔσται
1417 2344 1440 2374 S
1454 2343 1582 2375 LAY:

259 2388 331 2419 ἐστί
347 2387 434 2427 mlg.
594 2398 634 2427 25
660 2388 752 2420 οὐδὲν
770 2388 794 2419 S
811 2399 816 2418 :
842 2388 914 2421 οὐδὲ
932 2390 1020 2427 vulg.
1182 2389 1225 2419 26
1249 2390 1320 2426 ὑμῖν
1337 2389 1467 2424 ποιῆσαι
1486 2387 1509 2418 S
1524 2387 1559 2418 L'
1579 2398 1585 2418 ι

259 2430 300 2462 τὰ
317 2431 421 2463 δίκαια
438 2431 512 2472 πρὸς
532 2432 609 2470 ὑμᾶς
627 2434 783 2464 ποιεῖσθαι
806 2431 869 2470 (vel
888 2434 958 2471 ὑμῖν
978 2434 1106 2470 ποιῆσαι
1124 2431 1165 2463 τὰ
1182 2431 1300 2471 δίκαιαζ
1321 2431 1409 2470 vulg.
