1763 2828
155 157 239 212 [73]

197 343 236 378 31

196 1007 239 1042 33

196 1338 240 1373 34

152 1457 238 1513 [74]

196 1669 238 1707 35

694 156 1178 195 ΔΗΜΟΣΘΕΝΟΎΣ
1537 152 1595 207 [v1

269 260 524 313 μνημονεύετ’
555 260 626 301 οἶδ’
661 262 721 301 ὅτι
751 260 934 313 ῥηθέντα,
963 260 1101 312 καίπερ
1134 261 1245 302 ὄντες
1277 258 1321 300 οὐ
1353 260 1474 301 δεινοὶ
1507 260 1597 304 τοὺς

271 329 499 370 ἀδικοῦντας
523 330 762 379 μεμνῆσθαι.
824 328 885 368 καὶ
910 327 955 367 τὸ
982 326 1140 367 πάντων
1169 328 1397 380 αἴσχιστον,
1426 327 1489 368 καὶ
1514 331 1596 370 τοῖς

272 396 450 447 ἐκγόνοις
475 395 571 447 πρὸς
595 396 665 436 τὰς
695 396 858 437 ἐλπίδας
887 393 958 444 τὴν
989 393 1108 444 αὐτὴν
1139 391 1295 446 εἰρήνην
1324 393 1423 434 εἶναι
1451 394 1596 445 ταύτην

272 463 547 514 ἐψηφίσασθε·
599 462 699 501 οὕτω
743 461 889 503 τελέως
928 460 1144 514 ὑπήχθητε.
1216 461 1256 500 τί
1290 459 1335 510 δὴ
1371 464 1493 501 ταῦτα
1527 464 1596 502 νῦν

270 528 377 580 λέγω
415 529 477 568 καὶ
515 532 649 569 καλεῖν
686 528 788 580 φημὶ
824 531 904 569 δεῖν
941 528 1120 574 τούτους;
1166 528 1243 578 ἐγὼ
1279 527 1326 577 νὴ
1362 526 1451 569 τοὺς
1485 528 1633 577 θεοὺς5

270 596 422 646 τάληθῆ
457 597 555 646 μετὰ
588 596 808 647 παρρησίας
845 596 919 647 ἐρῶ
957 594 1053 646 πρὸς
1090 595 1187 644 ὑμᾶς
1223 594 1286 634 καὶ
1323 593 1391 633 οὐκ
1427 595 1594 647 ἀποκρύ-

271 665 412 713 ψομαι·
451 661 523 714 οὐχ
559 661 607 701 ἵν’
634 663 688 703 εἰς
713 662 914 713 λοιδορίαν
941 661 1125 711 ἐμπεσὼν
1152 662 1302 714 ἐμαυτῷ
1331 662 1403 711 μὲν
1429 659 1476 710 ἐξ
1506 662 1598 701 ἴσου

270 729 395 780 λόγον
431 727 520 779 παρ’
550 728 641 778 ὑμῖν
676 726 844 777 ποιήσω,
882 730 963 769 τοῖς
1001 727 1034 766 δ’
1070 728 1156 778 ἐμοὶ
1192 727 1519 779 προσκρούσασιν
1554 726 1601 777 ἐξ

272 795 395 847 ἀρχῆς
433 795 494 834 καὶ
530 797 598 834 νῦν
634 793 830 847 παράσχω
868 794 1073 846 πρόφασιν
1112 797 1181 833 τοῦ
1218 793 1341 833 πάλιν
1377 810 1413 833 τι
1451 797 1597 844 λαβεῖν

272 862 375 912 παρὰ
405 861 620 906 Φιλίππου,
648 860 728 900 οὐδ’
758 860 807 900 ἵν’
833 860 884 902 ὡς
917 859 1050 902 ἄλλως
1084 861 1308 913 ἀδολεσχῶ·
1347 860 1438 900 ἀλλ’
1468 861 1602 910 οἴομαί
1619 875 1658 897 10

270 927 359 967 ποθ’
384 928 482 977 ὑμᾶς
506 926 702 977 λυπήσειν
727 927 751 967 ἃ
776 928 980 968 Φίλιππος
1005 926 1168 979 πράττει
1195 928 1351 976 μᾶλλον
1376 923 1399 976 ἢ
1424 928 1472 966 τὰ
1497 927 1595 967 νυνί·

270 992 314 1032 τὸ
356 995 431 1045 γὰρ
468 993 616 1046 πρᾶγμ’
656 994 732 1045 ὁρῶ
776 996 1009 1045 προβαῖνον,
1052 994 1114 1033 καὶ
1155 992 1245 1046 οὐχὶ
1286 993 1508 1043 βουλοίμην
1548 991 1597 1033 ἂν

271 1059 438 1110 εἰκάζειν
473 1060 609 1112 ὀρθῶς,
644 1063 848 1113 φοβοῦμαι
884 1062 926 1101 δὲ
958 1059 1010 1111 μὴ
1045 1060 1138 1100 λίαν
1170 1058 1287 1112 ἐγγὺς
1317 1058 1342 1115 ᾗ
1374 1058 1477 1099 τοῦτ’
1509 1058 1595 1109 ἤδη.

270 1126 364 1167 ὅταν
394 1126 462 1167 οῦν
493 1126 631 1178 μηκέθ’
655 1127 745 1178 ὑμῖν
779 1128 942 1178 ἀμελεῖν
978 1124 1141 1177 ἐξουσία
1171 1127 1354 1178 γίγνηται
1386 1128 1465 1166 τῶν
1498 1142 1595 1175 συμ-

270 1194 507 1244 βαινόντων,
533 1193 622 1245 μηδ’
643 1193 800 1244 ἀκούηθ’
821 1194 881 1234 ὅτι
905 1193 1012 1233 ταῦτ’
1041 1192 1104 1245 ἐφ’
1123 1193 1222 1243 ὑμᾶς
1249 1193 1358 1233 ἐστιν
1385 1192 1477 1243 ἐμοῦ
1500 1193 1599 1243 μηδὲ
1620 1207 1657 1238 15

270 1263 339 1300 τοῦ
363 1263 502 1307 δεῖνος,
530 1259 624 1300 ἀλλ’
650 1259 759 1301 αὐτοὶ
784 1260 929 1302 πάντες
954 1261 1070 1312 ὁρᾶτε
1096 1260 1160 1300 καὶ
1186 1258 1228 1299 εὗ
1253 1260 1392 1309 εἰδῆτε,
1414 1259 1598 1311 ὀργίλους

272 1326 334 1366 καὶ
363 1330 521 1380 τραχεῖς
550 1328 650 1378 ὑμᾶς
682 1327 848 1368 ἔσεσθαι
879 1327 1034 1377 νομίζω.
1107 1328 1312 1378 φοβοῦμαι
1347 1324 1393 1375 δὴ
1423 1323 1489 1376 μή,
1520 1328 1598 1365 τῶν

269 1392 482 1445 πρέσβεων
515 1394 826 1444 σεσιωπηκότων
860 1393 924 1445 ἐφ’
953 1393 1009 1434 οἷς
1041 1393 1172 1434 αὑτοῖς
1207 1392 1399 1432 συνίσασι
1431 1394 1595 1443 δεδωρο-

270 1460 491 1510 δοκηκότες,
518 1463 600 1502 τοῖς
627 1462 868 1511 ἐπανορθοῦν
892 1476 930 1500 τι
957 1458 1212 1511 πειρωμένοις
1240 1461 1318 1498 τῶν
1348 1459 1411 1498 διὰ
1438 1457 1598 1498 τούτους

270 1527 541 1567 ἀπολωλότων
577 1532 625 1583 τῇ
661 1525 750 1577 παρ’
785 1526 890 1576 ὑμῶν
927 1527 1024 1582 ὀργῇ
1061 1527 1291 1578 περιπεσεῖν
1327 1528 1478 1581 συμβῇ·
1522 1524 1598 1576 ὁρῶ
1621 1537 1660 1560 20

270 1595 346 1645 γὰρ
373 1593 424 1635 ὡς
448 1594 496 1633 τὰ
520 1593 640 1633 πόλλ’
666 1593 792 1634 ἐνίους
816 1593 885 1633 οὐκ
910 1594 965 1635 εἰς
996 1591 1086 1634 τοὺς
1118 1592 1278 1638 αἰτίους,
1306 1590 1398 1631 ἀλλ’
1425 1592 1480 1633 εἰς
1509 1590 1599 1632 τοὺς

269 1659 346 1701 ὑπὸ
386 1663 501 1713 χεῖρα
542 1659 720 1710 μάλιστα
762 1659 833 1709 τὴν
876 1659 997 1712 ὀργὴν
1040 1658 1244 1711 ἀφιέντας.
1316 1658 1389 1699 ἕως
1431 1657 1499 1698 οὖν
1541 1656 1599 1697 ἔτι

268 1726 411 1777 μέλλει
437 1727 498 1767 καὶ
525 1728 760 1768 συνίσταται
784 1727 832 1766 τὰ
860 1725 1071 1779 πράγματα
1098 1726 1158 1766 καὶ
1187 1724 1451 1775 κατακούομεν
1471 1722 1596 1774 ἀλλή-

269 1798 364 1839 λων,
386 1794 557 1835 ἕκαστον
576 1794 682 1844 ὑμῶν
704 1794 840 1845 καίπερ
861 1793 1034 1845 ἀκριβῶς
1057 1792 1175 1833 εἰδόθ’
1197 1793 1302 1843 ὅμως
1321 1792 1599 1842 ἐπαναμνῆσαι

269 1861 480 1911 βούλομαι,
515 1861 573 1902 τίς
606 1861 626 1899 ὁ
659 1859 822 1902 Φωκέας
855 1860 997 1901 πείσας
1035 1860 1097 1900 καὶ
1131 1858 1270 1901 Πύλας
1303 1856 1510 1911 προέσθαι,
1544 1857 1599 1897 ὧν
1621 1870 1658 1902 25

270 1928 470 1969 καταστὰς
495 1928 642 1969 ἐκεῖνος
668 1927 795 1979 κύριος
820 1929 888 1977 τῆς
919 1928 983 1968 ἐπὶ
1008 1926 1078 1976 τὴν
1105 1924 1290 1975 Ἀττικὴν
1319 1926 1410 1965 ὁδοῦ
1441 1924 1502 1964 καὶ
1531 1925 1599 1974 τῆς

313 2047 333 2074 4
369 2035 571 2077 ἐψηφίσασθε
600 2034 731 2066 SAY:
769 2035 1056 2077 προσεψηφίσασθε
1084 2033 1196 2073 vulg.:
1230 2033 1494 2075 προεψηφίσασθε
1520 2031 1598 2062 B¹L

269 2088 354 2110 corr.
378 2089 427 2118 pr.
455 2089 497 2110 m.
631 2079 651 2108 8
680 2078 798 2120 λόγον]
818 2078 922 2119 ὄχλον
940 2077 992 2108 vel
1009 2077 1112 2118 ψόγον
1130 2076 1299 2107 Richards
1430 2085 1451 2114 9
1475 2076 1525 2106 καὶ
1544 2078 1599 2107 νῦν

272 2120 400 2153 SAY:
434 2123 530 2160 κενὴν
551 2122 643 2162 (post
669 2122 844 2163 πρόφασιν)
869 2121 983 2160 vulg.:
1010 2121 1120 2159 καινὴν
1146 2122 1240 2159 (ante
1264 2119 1420 2160 παράσχω
1444 2118 1498 2148 vel
1523 2124 1599 2157 post

270 2165 445 2206 πρόφασιν)
464 2165 503 2196 al.
630 2175 669 2196 10
693 2167 733 2197 ὡς
752 2165 776 2195 S
790 2164 826 2194 L¹
840 2165 866 2194 B
884 2176 891 2194 t
916 2165 975 2202 τὴν
991 2164 1080 2202 vulg.
1207 2172 1245 2193 12
1269 2164 1307 2194 τὸ
1322 2163 1385 2203 γὰρ
1401 2162 1519 2203 πρᾶγμ’
1538 2164 1599 2203 ὁρῶ

270 2211 447 2250 προβαῖνον
471 2208 495 2239 S
509 2208 642 2239 LAY:
675 2209 716 2240 τὰ
739 2209 802 2249 γὰρ
824 2207 999 2249 πράγματα
1022 2210 1082 2248 ὁρῶ
1106 2206 1323 2248 προβαίνοντα.
1347 2204 1434 2243 vulg.
1539 2204 1599 2244 μὲν

270 2257 349 2290 post
365 2252 544 2292 βουλοίμην
561 2252 636 2283 add.
654 2251 742 2290 vulg.
763 2262 769 2281 z
803 2260 866 2281 om.
886 2250 909 2281 S
925 2250 957 2280 L¹
971 2250 1002 2280 O
1182 2259 1218 2288 17
1244 2250 1282 2287 δὴ
1301 2247 1407 2279 SAY
1423 2259 1430 2277 :
1455 2247 1489 2278 δὲ
1508 2247 1596 2285 vulg.

275 2295 313 2324 18
347 2294 515 2336 πρέσβεων
545 2294 640 2326 SL¹1
678 2295 787 2326 αἰτίων
810 2293 882 2323 AY
1016 2292 1307 2334 δεδωροδοκηκότες
1334 2291 1430 2321 SL':
1469 2293 1597 2331 δεδωρο-

271 2338 423 2376 δοκηκόσι
441 2343 518 2369 cett.
645 2349 686 2376 24
712 2340 930 2377 ἐπαναμνῆσαι
948 2336 1036 2376 vulg.
1056 2348 1063 2367 ε
1088 2335 1422 2375 ἐπαναμιμνήσκεσθαι
1442 2333 1465 2364 S
1480 2333 1516 2363 L¹
1535 2333 1597 2363 soli

271 2390 312 2419 25
348 2383 427 2420 ὑμᾶς
455 2382 532 2412 add.
561 2381 724 2420 plerique,
753 2385 829 2419 post
857 2381 970 2412 πείσας
998 2380 1053 2418 al.,
1083 2383 1159 2419 post
1186 2378 1288 2410 πύλας
1314 2378 1376 2409 aL:
1413 2376 1597 2408 om.SLA

272 2424 406 2462 ποιήσας
424 2429 502 2454 ante
521 2423 670 2465 προέσθαι
688 2424 763 2454 add.
785 2423 808 2453 S
824 2423 866 2454 L:
893 2433 957 2455 om.
976 2427 1053 2453 cett.
