<?xml version="1.0" encoding="UTF-8"?>
<!DOCTYPE html PUBLIC "-//W3C//DTD XHTML 1.0 Transitional//EN"
    "http://www.w3.org/TR/xhtml1/DTD/xhtml1-transitional.dtd">
<html xmlns="http://www.w3.org/1999/xhtml" xml:lang="en" lang="en">
 <head>
  <title>
</title>
<meta http-equiv="Content-Type" content="text/html;charset=utf-8" />
  <meta name='ocr-system' content='tesseract 3.04.00' />
  <meta name='ocr-capabilities' content='ocr_page ocr_carea ocr_par ocr_line ocrx_word'/>
</head>
<body>
  <div class='ocr_page' id='page_1' title='image "./orationesrecogno01demouoft_0272.png"; bbox 0 0 1763 2828; ppageno 0'>
   <div class='ocr_carea' id='block_1_1' title="bbox 107 146 223 309">
    <p class='ocr_par' dir='ltr' id='par_1_1' title="bbox 107 146 223 309">
     <span class='ocr_line' id='line_1_1' title="bbox 107 146 222 202; baseline -0.009 -1"><span class='ocrx_word' id='word_1_1' title='bbox 107 146 222 202; x_wconf 85' lang='lat'>[270]</span> 
     </span>
     <span class='ocr_line' id='line_1_2' title="bbox 108 252 223 309; baseline 0 -2"><span class='ocrx_word' id='word_1_2' title='bbox 108 252 223 309; x_wconf 75' lang='lat'>[270]</span> 
     </span>
    </p>
   </div>
   <div class='ocr_carea' id='block_1_2' title="bbox 160 536 225 573">
    <p class='ocr_par' dir='ltr' id='par_1_2' title="bbox 160 536 225 573">
     <span class='ocr_line' id='line_1_3' title="bbox 160 536 225 573; baseline 0 -11"><span class='ocrx_word' id='word_1_3' title='bbox 160 536 225 573; x_wconf 89' lang='lat'>129</span> 
     </span>
    </p>
   </div>
   <div class='ocr_carea' id='block_1_3' title="bbox 159 1271 226 1306">
    <p class='ocr_par' dir='ltr' id='par_1_3' title="bbox 159 1271 226 1306">
     <span class='ocr_line' id='line_1_4' title="bbox 159 1271 226 1306; baseline 0.015 -10"><span class='ocrx_word' id='word_1_4' title='bbox 159 1271 226 1306; x_wconf 85' lang='lat'>130</span> 
     </span>
    </p>
   </div>
   <div class='ocr_carea' id='block_1_4' title="bbox 162 1804 221 1839">
    <p class='ocr_par' dir='ltr' id='par_1_4' title="bbox 162 1804 221 1839">
     <span class='ocr_line' id='line_1_5' title="bbox 162 1804 221 1839; baseline -0.017 -9"><span class='ocrx_word' id='word_1_5' title='bbox 162 1804 221 1839; x_wconf 82' lang='lat'>131</span> 
     </span>
    </p>
   </div>
   <div class='ocr_carea' id='block_1_5' title="bbox 123 1857 225 1912">
    <p class='ocr_par' dir='ltr' id='par_1_5' title="bbox 123 1857 225 1912">
     <span class='ocr_line' id='line_1_6' title="bbox 123 1857 225 1912; baseline -0.02 -1"><span class='ocrx_word' id='word_1_6' title='bbox 123 1857 225 1912; x_wconf 84' lang='lat'>[271]</span> 
     </span>
    </p>
   </div>
   <div class='ocr_carea' id='block_1_6' title="bbox 682 142 1588 185">
    <p class='ocr_par' dir='ltr' id='par_1_6' title="bbox 682 142 1588 185">
     <span class='ocr_line' id='line_1_7' title="bbox 682 142 1588 185; baseline 0.002 -2"><span class='ocrx_word' id='word_1_7' title='bbox 682 146 1167 184; x_wconf 79' lang='grc' dir='ltr'>ΔΗΜΟΣΘΕΝΟΎΣ</span> <span class='ocrx_word' id='word_1_8' title='bbox 1467 142 1588 185; x_wconf 71' lang='grc' dir='ltr'>[Χνιῐῐ</span> 
     </span>
    </p>
   </div>
   <div class='ocr_carea' id='block_1_7' title="bbox 1468 186 1472 195">
    <p class='ocr_par' dir='ltr' id='par_1_7' title="bbox 1468 186 1472 195">
     <span class='ocr_line' id='line_1_8' title="bbox 1468 186 1472 195; baseline 0 0"><span class='ocrx_word' id='word_1_9' title='bbox 1468 186 1472 195; x_wconf 78' lang='grc' dir='ltr'>ι</span> 
     </span>
    </p>
   </div>
   <div class='ocr_carea' id='block_1_8' title="bbox 254 249 1658 2109">
    <p class='ocr_par' dir='ltr' id='par_1_8' title="bbox 254 249 1658 2109">
     <span class='ocr_line' id='line_1_9' title="bbox 255 249 1592 303; baseline 0.001 -12"><span class='ocrx_word' id='word_1_10' title='bbox 255 251 335 291; x_wconf 84' lang='grc' dir='ltr'>οὐδ’</span> <span class='ocrx_word' id='word_1_11' title='bbox 355 250 403 292; x_wconf 74' lang='grc' dir='ltr'>ἂν</span> <span class='ocrx_word' id='word_1_12' title='bbox 430 251 483 293; x_wconf 75' lang='grc' dir='ltr'>εἶς</span> <span class='ocrx_word' id='word_1_13' title='bbox 510 252 612 292; x_wconf 80' lang='grc' dir='ltr'>εἴποι</span> <span class='ocrx_word' id='word_1_14' title='bbox 636 251 724 303; x_wconf 81' lang='grc' dir='ltr'>περὶ</span> <span class='ocrx_word' id='word_1_15' title='bbox 751 252 867 290; x_wconf 77' lang='grc' dir='ltr'>αὑτοῦ</span> <span class='ocrx_word' id='word_1_16' title='bbox 890 254 1067 291; x_wconf 80' lang='grc' dir='ltr'>τοιοῦτον</span> <span class='ocrx_word' id='word_1_17' title='bbox 1089 250 1213 296; x_wconf 80' lang='grc' dir='ltr'>οὐδέν,</span> <span class='ocrx_word' id='word_1_18' title='bbox 1237 251 1342 290; x_wconf 81' lang='grc' dir='ltr'>ἀλλὰ</span> <span class='ocrx_word' id='word_1_19' title='bbox 1369 249 1439 291; x_wconf 81' lang='grc' dir='ltr'>κᾶν</span> <span class='ocrx_word' id='word_1_20' title='bbox 1459 250 1592 303; x_wconf 85' lang='grc' dir='ltr'>ἑτέρου</span> 
     </span>
     <span class='ocr_line' id='line_1_10' title="bbox 255 316 1589 371; baseline 0 -12"><span class='ocrx_word' id='word_1_21' title='bbox 255 317 444 371; x_wconf 82' lang='grc' dir='ltr'>λέγοντος</span> <span class='ocrx_word' id='word_1_22' title='bbox 475 317 731 370; x_wconf 77' lang='grc' dir='ltr'>ἐρυθριάσειε,</span> <span class='ocrx_word' id='word_1_23' title='bbox 759 321 841 358; x_wconf 88' lang='grc' dir='ltr'>τοῖς</span> <span class='ocrx_word' id='word_1_24' title='bbox 872 317 902 357; x_wconf 85' lang='grc' dir='ltr'>δ’</span> <span class='ocrx_word' id='word_1_25' title='bbox 930 319 1215 370; x_wconf 82' lang='grc' dir='ltr'>ἀπολειφθεῖσι</span> <span class='ocrx_word' id='word_1_26' title='bbox 1247 316 1332 368; x_wconf 87' lang='grc' dir='ltr'>μέν,</span> <span class='ocrx_word' id='word_1_27' title='bbox 1360 318 1495 370; x_wconf 89' lang='grc' dir='ltr'>ὥσπερ</span> <span class='ocrx_word' id='word_1_28' title='bbox 1526 319 1589 365; x_wconf 87' lang='grc' dir='ltr'>σύ,</span> 
     </span>
     <span class='ocr_line' id='line_1_11' title="bbox 256 384 1592 438; baseline -0.001 -11"><span class='ocrx_word' id='word_1_29' title='bbox 256 385 610 438; x_wconf 86' lang='grc' dir='ltr'>προσποιουμένοις</span> <span class='ocrx_word' id='word_1_30' title='bbox 630 384 662 425; x_wconf 70' lang='grc' dir='ltr'>δ’</span> <span class='ocrx_word' id='word_1_31' title='bbox 682 384 745 425; x_wconf 82' lang='grc' dir='ltr'>ὑπ’</span> <span class='ocrx_word' id='word_1_32' title='bbox 763 385 1028 435; x_wconf 70' lang='grc' dir='ltr'>ἀναισθησίας</span> <span class='ocrx_word' id='word_1_33' title='bbox 1046 384 1090 424; x_wconf 83' lang='grc' dir='ltr'>τὸ</span> <span class='ocrx_word' id='word_1_34' title='bbox 1110 384 1200 426; x_wconf 79' lang='grc' dir='ltr'>τοὺς</span> <span class='ocrx_word' id='word_1_35' title='bbox 1219 384 1433 427; x_wconf 82' lang='grc' dir='ltr'>ἀκούοντας</span> <span class='ocrx_word' id='word_1_36' title='bbox 1451 385 1592 438; x_wconf 81' lang='grc' dir='ltr'>ἀλγεῖν</span> 
     </span>
     <span class='ocr_line' id='line_1_12' title="bbox 257 451 1591 505; baseline 0.001 -12"><span class='ocrx_word' id='word_1_37' title='bbox 257 456 383 494; x_wconf 80' lang='grc' dir='ltr'>ποιεῖν</span> <span class='ocrx_word' id='word_1_38' title='bbox 403 453 498 493; x_wconf 86' lang='grc' dir='ltr'>ὅταν</span> <span class='ocrx_word' id='word_1_39' title='bbox 523 452 712 505; x_wconf 84' lang='grc' dir='ltr'>λέγωσιν,</span> <span class='ocrx_word' id='word_1_40' title='bbox 735 451 780 492; x_wconf 84' lang='grc' dir='ltr'>οὐ</span> <span class='ocrx_word' id='word_1_41' title='bbox 804 451 848 492; x_wconf 83' lang='grc' dir='ltr'>τὸ</span> <span class='ocrx_word' id='word_1_42' title='bbox 874 454 1003 492; x_wconf 85' lang='grc' dir='ltr'>δοκεῖν</span> <span class='ocrx_word' id='word_1_43' title='bbox 1030 451 1222 494; x_wconf 82' lang='grc' dir='ltr'>τοιούτοις</span> <span class='ocrx_word' id='word_1_44' title='bbox 1249 451 1348 492; x_wconf 78' lang='grc' dir='ltr'>εἶναι</span> <span class='ocrx_word' id='word_1_45' title='bbox 1374 453 1591 504; x_wconf 74' lang='grc' dir='ltr'>περίεστιν,</span> 
     </span>
     <span class='ocr_line' id='line_1_13' title="bbox 323 519 1630 572; baseline 0 -12"><span class='ocrx_word' id='word_1_46' title='bbox 323 519 408 560; x_wconf 84' lang='grc' dir='ltr'>Οὐκ</span> <span class='ocrx_word' id='word_1_47' title='bbox 439 520 596 571; x_wconf 83' lang='grc' dir='ltr'>ἀπορῶν</span> <span class='ocrx_word' id='word_1_48' title='bbox 627 519 660 559; x_wconf 87' lang='grc' dir='ltr'>δ’</span> <span class='ocrx_word' id='word_1_49' title='bbox 691 520 712 558; x_wconf 85' lang='grc' dir='ltr'><em>ὅ</em></span> <span class='ocrx_word' id='word_1_50' title='bbox 740 535 777 559; x_wconf 91' lang='grc' dir='ltr'>τι</span> <span class='ocrx_word' id='word_1_51' title='bbox 807 519 883 572; x_wconf 76' lang='grc' dir='ltr'>χρὴ</span> <span class='ocrx_word' id='word_1_52' title='bbox 915 519 1003 570; x_wconf 87' lang='grc' dir='ltr'>περὶ</span> <span class='ocrx_word' id='word_1_53' title='bbox 1034 522 1108 559; x_wconf 82' lang='grc' dir='ltr'>σοῦ</span> <span class='ocrx_word' id='word_1_54' title='bbox 1139 519 1201 558; x_wconf 84' lang='grc' dir='ltr'>καὶ</span> <span class='ocrx_word' id='word_1_55' title='bbox 1232 522 1309 559; x_wconf 86' lang='grc' dir='ltr'>τῶν</span> <span class='ocrx_word' id='word_1_56' title='bbox 1340 521 1423 559; x_wconf 86' lang='grc' dir='ltr'>σῶν</span> <span class='ocrx_word' id='word_1_57' title='bbox 1454 519 1591 566; x_wconf 80' lang='grc' dir='ltr'>εἰπεῖν,</span> <span class='ocrx_word' id='word_1_58' title='bbox 1613 537 1630 570; x_wconf 90' lang='lat'>5</span> 
     </span>
     <span class='ocr_line' id='line_1_14' title="bbox 256 584 1595 639; baseline 0.001 -12"><span class='ocrx_word' id='word_1_59' title='bbox 256 587 390 639; x_wconf 84' lang='grc' dir='ltr'>ἀπορῶ</span> <span class='ocrx_word' id='word_1_60' title='bbox 416 590 484 626; x_wconf 84' lang='grc' dir='ltr'>τοῦ</span> <span class='ocrx_word' id='word_1_61' title='bbox 509 586 662 638; x_wconf 85' lang='grc' dir='ltr'>πρώτου</span> <span class='ocrx_word' id='word_1_62' title='bbox 685 588 864 637; x_wconf 87' lang='grc' dir='ltr'>μνησθῶ·</span> <span class='ocrx_word' id='word_1_63' title='bbox 903 585 1037 637; x_wconf 86' lang='grc' dir='ltr'>πότερ’</span> <span class='ocrx_word' id='word_1_64' title='bbox 1065 585 1115 628; x_wconf 86' lang='grc' dir='ltr'>ὡς</span> <span class='ocrx_word' id='word_1_65' title='bbox 1141 586 1161 624; x_wconf 89' lang='grc' dir='ltr'>ὁ</span> <span class='ocrx_word' id='word_1_66' title='bbox 1187 584 1313 638; x_wconf 87' lang='grc' dir='ltr'>πατήρ</span> <span class='ocrx_word' id='word_1_67' title='bbox 1339 601 1412 626; x_wconf 91' lang='grc' dir='ltr'>σου</span> <span class='ocrx_word' id='word_1_68' title='bbox 1435 586 1595 638; x_wconf 87' lang='grc' dir='ltr'>Τρόμης</span> 
     </span>
     <span class='ocr_line' id='line_1_15' title="bbox 256 651 1592 707; baseline -0.001 -13"><span class='ocrx_word' id='word_1_69' title='bbox 256 653 439 694; x_wconf 84' lang='grc' dir='ltr'>ἐδούλευε</span> <span class='ocrx_word' id='word_1_70' title='bbox 464 652 553 704; x_wconf 86' lang='grc' dir='ltr'>παρ’</span> <span class='ocrx_word' id='word_1_71' title='bbox 575 652 722 707; x_wconf 75' lang='grc' dir='ltr'>Ἐλπίᾳ</span> <span class='ocrx_word' id='word_1_72' title='bbox 746 656 798 707; x_wconf 80' lang='grc' dir='ltr'>τῷ</span> <span class='ocrx_word' id='word_1_73' title='bbox 825 652 921 704; x_wconf 78' lang='grc' dir='ltr'>πρὸς</span> <span class='ocrx_word' id='word_1_74' title='bbox 946 657 999 707; x_wconf 82' lang='grc' dir='ltr'>τῷ</span> <span class='ocrx_word' id='word_1_75' title='bbox 1027 654 1190 707; x_wconf 79' lang='grc' dir='ltr'>Θησείῳ</span> <span class='ocrx_word' id='word_1_76' title='bbox 1216 651 1444 693; x_wconf 85' lang='grc' dir='ltr'>διδάσκοντι</span> <span class='ocrx_word' id='word_1_77' title='bbox 1468 652 1592 705; x_wconf 81' lang='grc' dir='ltr'>γράμ-</span> 
     </span>
     <span class='ocr_line' id='line_1_16' title="bbox 254 716 1595 773; baseline 0.001 -13"><span class='ocrx_word' id='word_1_78' title='bbox 254 737 371 772; x_wconf 90' lang='grc' dir='ltr'>ματα,</span> <span class='ocrx_word' id='word_1_79' title='bbox 393 720 570 773; x_wconf 83' lang='grc' dir='ltr'>χοίνικας</span> <span class='ocrx_word' id='word_1_80' title='bbox 595 719 763 772; x_wconf 86' lang='grc' dir='ltr'>παχείας</span> <span class='ocrx_word' id='word_1_81' title='bbox 789 719 893 772; x_wconf 83' lang='grc' dir='ltr'>ἔχων</span> <span class='ocrx_word' id='word_1_82' title='bbox 919 719 982 759; x_wconf 87' lang='grc' dir='ltr'>καὶ</span> <span class='ocrx_word' id='word_1_83' title='bbox 1009 718 1149 770; x_wconf 77' lang='grc' dir='ltr'>ξύλον;</span> <span class='ocrx_word' id='word_1_84' title='bbox 1187 716 1209 769; x_wconf 85' lang='grc' dir='ltr'>ἦ</span> <span class='ocrx_word' id='word_1_85' title='bbox 1237 719 1288 761; x_wconf 86' lang='grc' dir='ltr'>ὡς</span> <span class='ocrx_word' id='word_1_86' title='bbox 1307 719 1334 770; x_wconf 81' lang='grc' dir='ltr'>ἡ</span> <span class='ocrx_word' id='word_1_87' title='bbox 1359 718 1486 772; x_wconf 82' lang='grc' dir='ltr'>μήτηρ</span> <span class='ocrx_word' id='word_1_88' title='bbox 1512 723 1595 762; x_wconf 87' lang='grc' dir='ltr'>τοῖς</span> 
     </span>
     <span class='ocr_line' id='line_1_17' title="bbox 254 785 1595 843; baseline -0.001 -16"><span class='ocrx_word' id='word_1_89' title='bbox 254 789 528 838; x_wconf 84' lang='grc' dir='ltr'>μεθημερινοῖς</span> <span class='ocrx_word' id='word_1_90' title='bbox 560 785 701 838; x_wconf 83' lang='grc' dir='ltr'>γάμοις</span> <span class='ocrx_word' id='word_1_91' title='bbox 735 787 777 826; x_wconf 89' lang='grc' dir='ltr'>ἐν</span> <span class='ocrx_word' id='word_1_92' title='bbox 809 790 862 840; x_wconf 82' lang='grc' dir='ltr'>τῷ</span> <span class='ocrx_word' id='word_1_93' title='bbox 898 786 1061 840; x_wconf 78' lang='grc' dir='ltr'>κλεισίῳ</span> <span class='ocrx_word' id='word_1_94' title='bbox 1094 790 1147 840; x_wconf 81' lang='grc' dir='ltr'>τῷ</span> <span class='ocrx_word' id='word_1_95' title='bbox 1182 786 1278 838; x_wconf 86' lang='grc' dir='ltr'>πρὸς</span> <span class='ocrx_word' id='word_1_96' title='bbox 1309 789 1362 840; x_wconf 82' lang='grc' dir='ltr'>τῷ</span> <span class='ocrx_word' id='word_1_97' title='bbox 1398 787 1595 843; x_wconf 87' lang='grc' dir='ltr'>καλαμίτῃ</span> 
     </span>
     <span class='ocr_line' id='line_1_18' title="bbox 254 852 1657 908; baseline 0 -15"><span class='ocrx_word' id='word_1_98' title='bbox 254 853 334 908; x_wconf 84' lang='grc' dir='ltr'>ἥρῳ</span> <span class='ocrx_word' id='word_1_99' title='bbox 360 852 542 907; x_wconf 83' lang='grc' dir='ltr'>χρωμένη</span> <span class='ocrx_word' id='word_1_100' title='bbox 568 852 637 893; x_wconf 83' lang='grc' dir='ltr'>τὸν</span> <span class='ocrx_word' id='word_1_101' title='bbox 664 852 787 893; x_wconf 85' lang='grc' dir='ltr'>καλὸν</span> <span class='ocrx_word' id='word_1_102' title='bbox 812 852 1023 905; x_wconf 82' lang='grc' dir='ltr'>ἀνδριάντα</span> <span class='ocrx_word' id='word_1_103' title='bbox 1051 853 1112 892; x_wconf 86' lang='grc' dir='ltr'>καὶ</span> <span class='ocrx_word' id='word_1_104' title='bbox 1137 853 1450 905; x_wconf 75' lang='grc' dir='ltr'>τριταγωνιστὴν</span> <span class='ocrx_word' id='word_1_105' title='bbox 1475 853 1595 906; x_wconf 84' lang='grc' dir='ltr'>ἄκρον</span> <span class='ocrx_word' id='word_1_106' title='bbox 1617 871 1657 893; x_wconf 83' lang='grc' dir='ltr'>ιο</span> 
     </span>
     <span class='ocr_line' id='line_1_19' title="bbox 255 918 1592 973; baseline 0 -12"><span class='ocrx_word' id='word_1_107' title='bbox 255 919 449 973; x_wconf 79' lang='grc' dir='ltr'>ἐξέθρεψέ</span> <span class='ocrx_word' id='word_1_108' title='bbox 474 936 541 966; x_wconf 83' lang='grc' dir='ltr'>σε,’</span> <span class='ocrx_word' id='word_1_109' title='bbox 580 920 686 960; x_wconf 78' lang='grc' dir='ltr'>ἀλλὰ</span> <span class='ocrx_word' id='word_1_110' title='bbox 715 918 860 961; x_wconf 87' lang='grc' dir='ltr'>πάντες</span> <span class='ocrx_word' id='word_1_111' title='bbox 889 921 1005 960; x_wconf 87' lang='grc' dir='ltr'>ἵσασι</span> <span class='ocrx_word' id='word_1_112' title='bbox 1038 923 1169 966; x_wconf 84' lang='grc' dir='ltr'>ταῦτα,</span> <span class='ocrx_word' id='word_1_113' title='bbox 1197 918 1268 960; x_wconf 80' lang='grc' dir='ltr'>κᾶν</span> <span class='ocrx_word' id='word_1_114' title='bbox 1292 920 1370 972; x_wconf 87' lang='grc' dir='ltr'>ἐγὼ</span> <span class='ocrx_word' id='word_1_115' title='bbox 1394 920 1446 971; x_wconf 78' lang='grc' dir='ltr'>μὴ</span> <span class='ocrx_word' id='word_1_116' title='bbox 1473 920 1592 973; x_wconf 86' lang='grc' dir='ltr'>λέγω.</span> 
     </span>
     <span class='ocr_line' id='line_1_20' title="bbox 256 987 1595 1040; baseline 0 -12"><span class='ocrx_word' id='word_1_117' title='bbox 256 987 348 1028; x_wconf 86' lang='grc' dir='ltr'>ἀλλ’</span> <span class='ocrx_word' id='word_1_118' title='bbox 384 987 435 1029; x_wconf 86' lang='grc' dir='ltr'>ὡς</span> <span class='ocrx_word' id='word_1_119' title='bbox 468 988 488 1026; x_wconf 88' lang='grc' dir='ltr'><em>ὁ</em></span> <span class='ocrx_word' id='word_1_120' title='bbox 520 987 756 1039; x_wconf 86' lang='grc' dir='ltr'>τριηραύλης</span> <span class='ocrx_word' id='word_1_121' title='bbox 790 988 989 1039; x_wconf 85' lang='grc' dir='ltr'>Φορμίων,</span> <span class='ocrx_word' id='word_1_122' title='bbox 1026 987 1046 1026; x_wconf 86' lang='grc' dir='ltr'>ὁ</span> <span class='ocrx_word' id='word_1_123' title='bbox 1083 988 1238 1029; x_wconf 83' lang='grc' dir='ltr'>Δίωνος</span> <span class='ocrx_word' id='word_1_124' title='bbox 1274 990 1342 1026; x_wconf 86' lang='grc' dir='ltr'>τοῦ</span> <span class='ocrx_word' id='word_1_125' title='bbox 1375 989 1595 1040; x_wconf 87' lang='grc' dir='ltr'>Φρεαρρίου</span> 
     </span>
     <span class='ocr_line' id='line_1_21' title="bbox 255 1053 1594 1106; baseline 0.001 -12"><span class='ocrx_word' id='word_1_126' title='bbox 255 1057 408 1101; x_wconf 77' lang='grc' dir='ltr'>δοῦλος,</span> <span class='ocrx_word' id='word_1_127' title='bbox 439 1053 664 1105; x_wconf 81' lang='grc' dir='ltr'>ἀνέστησεν</span> <span class='ocrx_word' id='word_1_128' title='bbox 695 1053 816 1104; x_wconf 78' lang='grc' dir='ltr'>αὐτὴν</span> <span class='ocrx_word' id='word_1_129' title='bbox 846 1053 922 1094; x_wconf 84' lang='grc' dir='ltr'>ἀπὸ</span> <span class='ocrx_word' id='word_1_130' title='bbox 957 1053 1100 1105; x_wconf 83' lang='grc' dir='ltr'>ταύτης</span> <span class='ocrx_word' id='word_1_131' title='bbox 1130 1056 1199 1104; x_wconf 86' lang='grc' dir='ltr'>τῆς</span> <span class='ocrx_word' id='word_1_132' title='bbox 1231 1055 1354 1104; x_wconf 84' lang='grc' dir='ltr'>καλῆς</span> <span class='ocrx_word' id='word_1_133' title='bbox 1383 1055 1594 1106; x_wconf 82' lang='grc' dir='ltr'>ἐργασίας;</span> 
     </span>
     <span class='ocr_line' id='line_1_22' title="bbox 257 1120 1594 1174; baseline -0.001 -12"><span class='ocrx_word' id='word_1_134' title='bbox 257 1123 362 1162; x_wconf 77' lang='grc' dir='ltr'>ἀλλὰ</span> <span class='ocrx_word' id='word_1_135' title='bbox 392 1121 437 1172; x_wconf 82' lang='grc' dir='ltr'>νὴ</span> <span class='ocrx_word' id='word_1_136' title='bbox 467 1120 536 1161; x_wconf 84' lang='grc' dir='ltr'>τὸν</span> <span class='ocrx_word' id='word_1_137' title='bbox 568 1122 648 1162; x_wconf 85' lang='grc' dir='ltr'>Δία</span> <span class='ocrx_word' id='word_1_138' title='bbox 678 1122 740 1162; x_wconf 81' lang='grc' dir='ltr'>καὶ</span> <span class='ocrx_word' id='word_1_139' title='bbox 772 1120 883 1163; x_wconf 86' lang='grc' dir='ltr'>θεοὺς</span> <span class='ocrx_word' id='word_1_140' title='bbox 913 1121 1013 1161; x_wconf 86' lang='grc' dir='ltr'>ὀκνῶ</span> <span class='ocrx_word' id='word_1_141' title='bbox 1048 1121 1101 1172; x_wconf 79' lang='grc' dir='ltr'>μὴ</span> <span class='ocrx_word' id='word_1_142' title='bbox 1133 1121 1221 1173; x_wconf 85' lang='grc' dir='ltr'>περὶ</span> <span class='ocrx_word' id='word_1_143' title='bbox 1255 1124 1330 1161; x_wconf 82' lang='grc' dir='ltr'>σοῦ</span> <span class='ocrx_word' id='word_1_144' title='bbox 1361 1121 1410 1161; x_wconf 80' lang='grc' dir='ltr'>τὰ</span> <span class='ocrx_word' id='word_1_145' title='bbox 1442 1120 1594 1174; x_wconf 90' lang='grc' dir='ltr'>προσή-</span> 
     </span>
     <span class='ocr_line' id='line_1_23' title="bbox 258 1185 1655 1244; baseline -0.001 -15"><span class='ocrx_word' id='word_1_146' title='bbox 258 1205 376 1229; x_wconf 91' lang='grc' dir='ltr'>κοντα</span> <span class='ocrx_word' id='word_1_147' title='bbox 394 1188 525 1241; x_wconf 84' lang='grc' dir='ltr'>λέγων</span> <span class='ocrx_word' id='word_1_148' title='bbox 544 1188 660 1230; x_wconf 84' lang='grc' dir='ltr'>αὐτὸς</span> <span class='ocrx_word' id='word_1_149' title='bbox 685 1188 729 1229; x_wconf 86' lang='grc' dir='ltr'>οὐ</span> <span class='ocrx_word' id='word_1_150' title='bbox 755 1188 1029 1241; x_wconf 88' lang='grc' dir='ltr'>προσήκοντας</span> <span class='ocrx_word' id='word_1_151' title='bbox 1050 1190 1202 1243; x_wconf 81' lang='grc' dir='ltr'>ἐμαυτῷ</span> <span class='ocrx_word' id='word_1_152' title='bbox 1224 1185 1325 1238; x_wconf 82' lang='grc' dir='ltr'>δόξω</span> <span class='ocrx_word' id='word_1_153' title='bbox 1345 1191 1596 1244; x_wconf 85' lang='grc' dir='ltr'>προῃρῆσθαι</span> <span class='ocrx_word' id='word_1_154' title='bbox 1619 1205 1655 1236; x_wconf 77' lang='lat'>15</span> 
     </span>
     <span class='ocr_line' id='line_1_24' title="bbox 255 1254 1597 1308; baseline 0.001 -13"><span class='ocrx_word' id='word_1_155' title='bbox 255 1256 413 1308; x_wconf 86' lang='grc' dir='ltr'>λόγους.</span> <span class='ocrx_word' id='word_1_156' title='bbox 485 1259 605 1296; x_wconf 84' lang='grc' dir='ltr'>ταῦτα</span> <span class='ocrx_word' id='word_1_157' title='bbox 646 1257 718 1306; x_wconf 79' lang='grc' dir='ltr'>μὲν</span> <span class='ocrx_word' id='word_1_158' title='bbox 760 1255 828 1296; x_wconf 71' lang='grc' dir='ltr'>οὖν</span> <span class='ocrx_word' id='word_1_159' title='bbox 871 1254 992 1301; x_wconf 82' lang='grc' dir='ltr'>ἐάσω,</span> <span class='ocrx_word' id='word_1_160' title='bbox 1038 1255 1103 1295; x_wconf 86' lang='grc' dir='ltr'>ἀπ’</span> <span class='ocrx_word' id='word_1_161' title='bbox 1148 1255 1273 1296; x_wconf 83' lang='grc' dir='ltr'>αὐτῶν</span> <span class='ocrx_word' id='word_1_162' title='bbox 1313 1254 1346 1295; x_wconf 87' lang='grc' dir='ltr'>δ’</span> <span class='ocrx_word' id='word_1_163' title='bbox 1383 1256 1438 1296; x_wconf 80' lang='grc' dir='ltr'>ὧν</span> <span class='ocrx_word' id='word_1_164' title='bbox 1482 1255 1597 1297; x_wconf 78' lang='grc' dir='ltr'>αὐτὸς</span> 
     </span>
     <span class='ocr_line' id='line_1_25' title="bbox 255 1321 1596 1376; baseline 0.001 -14"><span class='ocrx_word' id='word_1_165' title='bbox 255 1324 459 1373; x_wconf 80' lang='grc' dir='ltr'>βεβίωκεν</span> <span class='ocrx_word' id='word_1_166' title='bbox 478 1321 657 1373; x_wconf 78' lang='grc' dir='ltr'>ἄρξομαι·</span> <span class='ocrx_word' id='word_1_167' title='bbox 696 1323 784 1363; x_wconf 81' lang='grc' dir='ltr'>οὐδὲ</span> <span class='ocrx_word' id='word_1_168' title='bbox 811 1324 884 1375; x_wconf 81' lang='grc' dir='ltr'>γὰρ</span> <span class='ocrx_word' id='word_1_169' title='bbox 910 1323 965 1362; x_wconf 79' lang='grc' dir='ltr'>ὧν</span> <span class='ocrx_word' id='word_1_170' title='bbox 987 1322 1127 1376; x_wconf 79' lang='grc' dir='ltr'>ἔτυχεν</span> <span class='ocrx_word' id='word_1_171' title='bbox 1149 1321 1208 1372; x_wconf 82' lang='grc' dir='ltr'>ἦν,</span> <span class='ocrx_word' id='word_1_172' title='bbox 1231 1321 1324 1362; x_wconf 82' lang='grc' dir='ltr'>ἀλλ’</span> <span class='ocrx_word' id='word_1_173' title='bbox 1345 1323 1403 1364; x_wconf 78' lang='grc' dir='ltr'>οῖς</span> <span class='ocrx_word' id='word_1_174' title='bbox 1429 1323 1449 1361; x_wconf 92' lang='grc' dir='ltr'>ὁ</span> <span class='ocrx_word' id='word_1_175' title='bbox 1474 1324 1596 1372; x_wconf 86' lang='grc' dir='ltr'>δῆμος</span> 
     </span>
     <span class='ocr_line' id='line_1_26' title="bbox 257 1389 1596 1442; baseline 0.001 -13"><span class='ocrx_word' id='word_1_176' title='bbox 257 1393 482 1441; x_wconf 78' lang='grc' dir='ltr'>καταρᾶται.</span> <span class='ocrx_word' id='word_1_177' title='bbox 555 1390 633 1441; x_wconf 82' lang='grc' dir='ltr'>ὀψὲ</span> <span class='ocrx_word' id='word_1_178' title='bbox 664 1389 739 1442; x_wconf 81' lang='grc' dir='ltr'>γάρ</span> <span class='ocrx_word' id='word_1_179' title='bbox 768 1390 1004 1442; x_wconf 77' lang='grc' dir='ltr'>ποτε-ὀψὲ</span> <span class='ocrx_word' id='word_1_180' title='bbox 1041 1389 1167 1442; x_wconf 81' lang='grc' dir='ltr'>λέγω;</span> <span class='ocrx_word' id='word_1_181' title='bbox 1206 1392 1301 1442; x_wconf 81' lang='grc' dir='ltr'>χθὲς</span> <span class='ocrx_word' id='word_1_182' title='bbox 1330 1391 1403 1440; x_wconf 82' lang='grc' dir='ltr'>μὲν</span> <span class='ocrx_word' id='word_1_183' title='bbox 1434 1389 1502 1429; x_wconf 75' lang='grc' dir='ltr'>οῧν</span> <span class='ocrx_word' id='word_1_184' title='bbox 1535 1390 1596 1430; x_wconf 90' lang='grc' dir='ltr'>καὶ</span> 
     </span>
     <span class='ocr_line' id='line_1_27' title="bbox 257 1455 1596 1508; baseline 0.001 -12"><span class='ocrx_word' id='word_1_185' title='bbox 257 1457 390 1508; x_wconf 80' lang='grc' dir='ltr'>πρώην</span> <span class='ocrx_word' id='word_1_186' title='bbox 415 1455 478 1507; x_wconf 78' lang='grc' dir='ltr'>ἅμ’</span> <span class='ocrx_word' id='word_1_187' title='bbox 505 1456 712 1506; x_wconf 87' lang='grc' dir='ltr'>Ἀθηναῖος</span> <span class='ocrx_word' id='word_1_188' title='bbox 744 1456 806 1496; x_wconf 88' lang='grc' dir='ltr'>καὶ</span> <span class='ocrx_word' id='word_1_189' title='bbox 829 1456 958 1508; x_wconf 87' lang='grc' dir='ltr'>ῥήτωρ</span> <span class='ocrx_word' id='word_1_190' title='bbox 988 1456 1165 1508; x_wconf 78' lang='grc' dir='ltr'>γέγονεν,</span> <span class='ocrx_word' id='word_1_191' title='bbox 1195 1457 1257 1496; x_wconf 89' lang='grc' dir='ltr'>καὶ</span> <span class='ocrx_word' id='word_1_192' title='bbox 1288 1457 1356 1496; x_wconf 91' lang='grc' dir='ltr'>δύο</span> <span class='ocrx_word' id='word_1_193' title='bbox 1383 1457 1596 1507; x_wconf 79' lang='grc' dir='ltr'>συλλαβὰς</span> 
     </span>
     <span class='ocr_line' id='line_1_28' title="bbox 256 1522 1658 1575; baseline -0.001 -12"><span class='ocrx_word' id='word_1_194' title='bbox 256 1523 442 1574; x_wconf 87' lang='grc' dir='ltr'>προσθεὶς</span> <span class='ocrx_word' id='word_1_195' title='bbox 463 1522 530 1563; x_wconf 83' lang='grc' dir='ltr'>τὸν</span> <span class='ocrx_word' id='word_1_196' title='bbox 549 1525 621 1573; x_wconf 78' lang='grc' dir='ltr'>μὲν</span> <span class='ocrx_word' id='word_1_197' title='bbox 641 1522 775 1574; x_wconf 82' lang='grc' dir='ltr'>πατέρ’</span> <span class='ocrx_word' id='word_1_198' title='bbox 793 1523 879 1563; x_wconf 85' lang='grc' dir='ltr'>ἀντὶ</span> <span class='ocrx_word' id='word_1_199' title='bbox 901 1524 1106 1575; x_wconf 88' lang='grc' dir='ltr'>Τρόμητος</span> <span class='ocrx_word' id='word_1_200' title='bbox 1127 1524 1316 1573; x_wconf 78' lang='grc' dir='ltr'>ἐποίησεν</span> <span class='ocrx_word' id='word_1_201' title='bbox 1337 1522 1594 1574; x_wconf 84' lang='grc' dir='ltr'>Ἀτρόμητον,</span> <span class='ocrx_word' id='word_1_202' title='bbox 1620 1540 1658 1561; x_wconf 91' lang='lat'>20</span> 
     </span>
     <span class='ocr_line' id='line_1_29' title="bbox 255 1588 1596 1641; baseline 0.001 -12"><span class='ocrx_word' id='word_1_203' title='bbox 255 1589 327 1639; x_wconf 80' lang='grc' dir='ltr'>τὴν</span> <span class='ocrx_word' id='word_1_204' title='bbox 363 1591 405 1630; x_wconf 75' lang='grc' dir='ltr'>δὲ</span> <span class='ocrx_word' id='word_1_205' title='bbox 445 1588 593 1641; x_wconf 87' lang='grc' dir='ltr'>μητέρα</span> <span class='ocrx_word' id='word_1_206' title='bbox 638 1592 789 1639; x_wconf 81' lang='grc' dir='ltr'>σεμνῶς</span> <span class='ocrx_word' id='word_1_207' title='bbox 834 1589 935 1630; x_wconf 87' lang='grc' dir='ltr'>πάνυ</span> <span class='ocrx_word' id='word_1_208' title='bbox 978 1589 1239 1635; x_wconf 78' lang='grc' dir='ltr'>Γλαυκοθέαν,</span> <span class='ocrx_word' id='word_1_209' title='bbox 1278 1588 1326 1640; x_wconf 84' lang='grc' dir='ltr'>ἣν</span> <span class='ocrx_word' id='word_1_210' title='bbox 1358 1589 1596 1640; x_wconf 84' lang='grc' dir='ltr'>’Έμπουσαν</span> 
     </span>
     <span class='ocr_line' id='line_1_30' title="bbox 256 1655 1596 1709; baseline 0.001 -14"><span class='ocrx_word' id='word_1_211' title='bbox 256 1659 425 1697; x_wconf 82' lang='grc' dir='ltr'>ἅπαντες</span> <span class='ocrx_word' id='word_1_212' title='bbox 451 1657 565 1696; x_wconf 85' lang='grc' dir='ltr'>ἴσασι</span> <span class='ocrx_word' id='word_1_213' title='bbox 590 1655 848 1706; x_wconf 87' lang='grc' dir='ltr'>καλουμένην,</span> <span class='ocrx_word' id='word_1_214' title='bbox 872 1658 914 1696; x_wconf 87' lang='grc' dir='ltr'>ἐκ</span> <span class='ocrx_word' id='word_1_215' title='bbox 939 1660 1007 1696; x_wconf 83' lang='grc' dir='ltr'>τοῦ</span> <span class='ocrx_word' id='word_1_216' title='bbox 1033 1656 1161 1697; x_wconf 85' lang='grc' dir='ltr'>πάντα</span> <span class='ocrx_word' id='word_1_217' title='bbox 1187 1660 1313 1697; x_wconf 90' lang='grc' dir='ltr'>ποιεῖν</span> <span class='ocrx_word' id='word_1_218' title='bbox 1334 1657 1395 1697; x_wconf 88' lang='grc' dir='ltr'>καὶ</span> <span class='ocrx_word' id='word_1_219' title='bbox 1422 1655 1596 1709; x_wconf 83' lang='grc' dir='ltr'>πάσχειν</span> 
     </span>
     <span class='ocr_line' id='line_1_31' title="bbox 257 1723 1592 1776; baseline 0 -14"><span class='ocrx_word' id='word_1_220' title='bbox 257 1723 441 1772; x_wconf 87' lang='grc' dir='ltr'>δηλονότι</span> <span class='ocrx_word' id='word_1_221' title='bbox 471 1723 611 1773; x_wconf 88' lang='grc' dir='ltr'>ταύτης</span> <span class='ocrx_word' id='word_1_222' title='bbox 640 1724 709 1772; x_wconf 85' lang='grc' dir='ltr'>τῆς</span> <span class='ocrx_word' id='word_1_223' title='bbox 743 1724 966 1774; x_wconf 80' lang='grc' dir='ltr'>ἐπωνυμίας</span> <span class='ocrx_word' id='word_1_224' title='bbox 997 1727 1209 1776; x_wconf 81' lang='grc' dir='ltr'>τυχοῦσαν·</span> <span class='ocrx_word' id='word_1_225' title='bbox 1262 1724 1383 1763; x_wconf 90' lang='grc' dir='ltr'>πόθεν</span> <span class='ocrx_word' id='word_1_226' title='bbox 1414 1725 1487 1775; x_wconf 75' lang='grc' dir='ltr'>γὰρ</span> <span class='ocrx_word' id='word_1_227' title='bbox 1522 1723 1592 1762; x_wconf 84' lang='grc' dir='ltr'>ἄλ-</span> 
     </span>
     <span class='ocr_line' id='line_1_32' title="bbox 256 1789 1595 1843; baseline 0.001 -14"><span class='ocrx_word' id='word_1_228' title='bbox 256 1791 394 1835; x_wconf 85' lang='grc' dir='ltr'>λοθεν;</span> <span class='ocrx_word' id='word_1_229' title='bbox 439 1789 530 1828; x_wconf 83' lang='grc' dir='ltr'>ἀλλ’</span> <span class='ocrx_word' id='word_1_230' title='bbox 558 1790 662 1839; x_wconf 86' lang='grc' dir='ltr'>ὅμως</span> <span class='ocrx_word' id='word_1_231' title='bbox 699 1790 820 1831; x_wconf 85' lang='grc' dir='ltr'>οὕτως</span> <span class='ocrx_word' id='word_1_232' title='bbox 855 1789 1074 1843; x_wconf 82' lang='grc' dir='ltr'>ἀχάριστος</span> <span class='ocrx_word' id='word_1_233' title='bbox 1105 1790 1142 1830; x_wconf 75' lang='grc' dir='ltr'>εἶ</span> <span class='ocrx_word' id='word_1_234' title='bbox 1174 1790 1235 1830; x_wconf 85' lang='grc' dir='ltr'>καὶ</span> <span class='ocrx_word' id='word_1_235' title='bbox 1269 1789 1440 1842; x_wconf 84' lang='grc' dir='ltr'>πονηρὸς</span> <span class='ocrx_word' id='word_1_236' title='bbox 1473 1790 1595 1842; x_wconf 87' lang='grc' dir='ltr'>φύσει</span> 
     </span>
     <span class='ocr_line' id='line_1_33' title="bbox 257 1856 1657 1910; baseline 0 -15"><span class='ocrx_word' id='word_1_237' title='bbox 257 1856 352 1895; x_wconf 82' lang='grc' dir='ltr'>ὥστ’</span> <span class='ocrx_word' id='word_1_238' title='bbox 379 1856 584 1907; x_wconf 87' lang='grc' dir='ltr'>ἐλεύθερος</span> <span class='ocrx_word' id='word_1_239' title='bbox 615 1858 657 1896; x_wconf 89' lang='grc' dir='ltr'>ἐκ</span> <span class='ocrx_word' id='word_1_240' title='bbox 689 1857 830 1896; x_wconf 86' lang='grc' dir='ltr'>δούλου</span> <span class='ocrx_word' id='word_1_241' title='bbox 857 1858 918 1897; x_wconf 87' lang='grc' dir='ltr'>καὶ</span> <span class='ocrx_word' id='word_1_242' title='bbox 949 1857 1141 1898; x_wconf 90' lang='grc' dir='ltr'>πλούσιος</span> <span class='ocrx_word' id='word_1_243' title='bbox 1167 1859 1209 1897; x_wconf 90' lang='grc' dir='ltr'>ἐκ</span> <span class='ocrx_word' id='word_1_244' title='bbox 1234 1860 1394 1910; x_wconf 86' lang='grc' dir='ltr'>πτωχοῦ</span> <span class='ocrx_word' id='word_1_245' title='bbox 1419 1859 1481 1897; x_wconf 78' lang='grc' dir='ltr'>διὰ</span> <span class='ocrx_word' id='word_1_246' title='bbox 1506 1873 1593 1897; x_wconf 90' lang='grc' dir='ltr'>του-</span> <span class='ocrx_word' id='word_1_247' title='bbox 1620 1873 1657 1903; x_wconf 81' lang='lat'>25</span> 
     </span>
     <span class='ocr_line' id='line_1_34' title="bbox 256 1922 1596 1977; baseline 0.003 -16"><span class='ocrx_word' id='word_1_248' title='bbox 256 1922 369 1963; x_wconf 85' lang='grc' dir='ltr'>τουσὶ</span> <span class='ocrx_word' id='word_1_249' title='bbox 394 1923 568 1975; x_wconf 80' lang='grc' dir='ltr'>γεγονὼς</span> <span class='ocrx_word' id='word_1_250' title='bbox 591 1922 664 1976; x_wconf 84' lang='grc' dir='ltr'>οὐχ</span> <span class='ocrx_word' id='word_1_251' title='bbox 692 1924 797 1965; x_wconf 82' lang='grc' dir='ltr'>ὅπως</span> <span class='ocrx_word' id='word_1_252' title='bbox 821 1923 939 1976; x_wconf 89' lang='grc' dir='ltr'>χάριν</span> <span class='ocrx_word' id='word_1_253' title='bbox 959 1924 1090 1965; x_wconf 83' lang='grc' dir='ltr'>αὐτοῖς</span> <span class='ocrx_word' id='word_1_254' title='bbox 1116 1924 1233 1977; x_wconf 77' lang='grc' dir='ltr'>ἔχεις,</span> <span class='ocrx_word' id='word_1_255' title='bbox 1256 1925 1362 1964; x_wconf 81' lang='grc' dir='ltr'>ἀλλὰ</span> <span class='ocrx_word' id='word_1_256' title='bbox 1387 1924 1596 1975; x_wconf 79' lang='grc' dir='ltr'>μισθώσας</span> 
     </span>
     <span class='ocr_line' id='line_1_35' title="bbox 258 1988 1595 2043; baseline 0.002 -14"><span class='ocrx_word' id='word_1_257' title='bbox 258 1988 405 2030; x_wconf 81' lang='grc' dir='ltr'>σαυτὸν</span> <span class='ocrx_word' id='word_1_258' title='bbox 432 1991 529 2029; x_wconf 80' lang='grc' dir='ltr'>κατὰ</span> <span class='ocrx_word' id='word_1_259' title='bbox 559 1991 722 2030; x_wconf 84' lang='grc' dir='ltr'>τουτωνὶ</span> <span class='ocrx_word' id='word_1_260' title='bbox 755 1990 965 2030; x_wconf 87' lang='grc' dir='ltr'>πολιτεύει.</span> <span class='ocrx_word' id='word_1_261' title='bbox 1042 1992 1104 2031; x_wconf 80' lang='grc' dir='ltr'>καὶ</span> <span class='ocrx_word' id='word_1_262' title='bbox 1135 1991 1222 2043; x_wconf 87' lang='grc' dir='ltr'>περὶ</span> <span class='ocrx_word' id='word_1_263' title='bbox 1248 1991 1302 2031; x_wconf 79' lang='grc' dir='ltr'>ὧν</span> <span class='ocrx_word' id='word_1_264' title='bbox 1326 1992 1399 2041; x_wconf 80' lang='grc' dir='ltr'>μὲν</span> <span class='ocrx_word' id='word_1_265' title='bbox 1425 1990 1513 2030; x_wconf 81' lang='grc' dir='ltr'>ἔστι</span> <span class='ocrx_word' id='word_1_266' title='bbox 1537 2007 1595 2032; x_wconf 81' lang='grc' dir='ltr'>τις</span> 
     </span>
     <span class='ocr_line' id='line_1_36' title="bbox 257 2054 1595 2109; baseline 0.001 -14"><span class='ocrx_word' id='word_1_267' title='bbox 257 2054 579 2109; x_wconf 80' lang='grc' dir='ltr'>ἀμφισβήτησις,</span> <span class='ocrx_word' id='word_1_268' title='bbox 612 2056 662 2098; x_wconf 84' lang='grc' dir='ltr'>ὡς</span> <span class='ocrx_word' id='word_1_269' title='bbox 697 2056 756 2107; x_wconf 79' lang='grc' dir='ltr'>ἄρ’</span> <span class='ocrx_word' id='word_1_270' title='bbox 786 2058 882 2107; x_wconf 77' lang='grc' dir='ltr'>ὑπὲρ</span> <span class='ocrx_word' id='word_1_271' title='bbox 915 2060 984 2107; x_wconf 86' lang='grc' dir='ltr'>τῆς</span> <span class='ocrx_word' id='word_1_272' title='bbox 1018 2058 1174 2099; x_wconf 90' lang='grc' dir='ltr'>πόλεως</span> <span class='ocrx_word' id='word_1_273' title='bbox 1209 2059 1373 2109; x_wconf 80' lang='grc' dir='ltr'>εἴρηκεν,</span> <span class='ocrx_word' id='word_1_274' title='bbox 1407 2057 1527 2097; x_wconf 86' lang='grc' dir='ltr'>ἐάσω·</span> <span class='ocrx_word' id='word_1_275' title='bbox 1571 2057 1595 2096; x_wconf 71' lang='grc' dir='ltr'><strong><em>ἃ</em></strong></span> 
     </span>
    </p>
   </div>
   <div class='ocr_carea' id='block_1_9' title="bbox 258 2166 1592 2422">
    <p class='ocr_par' dir='ltr' id='par_1_9' title="bbox 258 2166 1592 2422">
     <span class='ocr_line' id='line_1_37' title="bbox 309 2166 1592 2209; baseline -0.001 -11"><span class='ocrx_word' id='word_1_276' title='bbox 309 2177 326 2205; x_wconf 88' lang='grc'><strong>7</strong></span> <span class='ocrx_word' id='word_1_277' title='bbox 351 2167 464 2209; x_wconf 80' lang='grc' dir='ltr'>Ἐλπίᾳ</span> <span class='ocrx_word' id='word_1_278' title='bbox 490 2166 559 2197; x_wconf 84' lang='lat' dir='ltr'>AF</span> <span class='ocrx_word' id='word_1_279' title='bbox 586 2166 701 2205; x_wconf 84' lang='lat' dir='ltr'>vulg.:</span> <span class='ocrx_word' id='word_1_280' title='bbox 734 2169 861 2198; x_wconf 87' lang='grc' dir='ltr'>ελπιδαι</span> <span class='ocrx_word' id='word_1_281' title='bbox 887 2166 946 2197; x_wconf 71' lang='lat' dir='ltr'>Sl:</span> <span class='ocrx_word' id='word_1_282' title='bbox 979 2167 1095 2198; x_wconf 85' lang='grc' dir='ltr'>ἐλπίδα</span> <span class='ocrx_word' id='word_1_283' title='bbox 1120 2166 1158 2196; x_wconf 90' lang='lat' dir='ltr'>Ll</span> <span class='ocrx_word' id='word_1_284' title='bbox 1173 2166 1216 2197; x_wconf 87' lang='lat' dir='ltr'>Ol</span> <span class='ocrx_word' id='word_1_285' title='bbox 1370 2177 1392 2205; x_wconf 88' lang='lat'>9</span> <span class='ocrx_word' id='word_1_286' title='bbox 1424 2166 1592 2207; x_wconf 82' lang='grc' dir='ltr'>Καλαμίτῃ</span> 
     </span>
     <span class='ocr_line' id='line_1_38' title="bbox 259 2208 1591 2251; baseline 0.001 -12"><span class='ocrx_word' id='word_1_287' title='bbox 259 2209 355 2240; x_wconf 79' lang='lat' dir='ltr'>Blass</span> <span class='ocrx_word' id='word_1_288' title='bbox 516 2220 554 2240; x_wconf 85' lang='lat'>10</span> <span class='ocrx_word' id='word_1_289' title='bbox 577 2210 651 2251; x_wconf 80' lang='grc' dir='ltr'>ἥρωι</span> <span class='ocrx_word' id='word_1_290' title='bbox 670 2210 766 2240; x_wconf 86' lang='lat' dir='ltr'><strong>codd.</strong></span> <span class='ocrx_word' id='word_1_291' title='bbox 782 2220 788 2239; x_wconf 78' lang='lat'>2</span> <span class='ocrx_word' id='word_1_292' title='bbox 813 2219 878 2239; x_wconf 84' lang='lat' dir='ltr'>om.</span> <span class='ocrx_word' id='word_1_293' title='bbox 899 2209 996 2240; x_wconf 78' lang='lat' dir='ltr'>Blass</span> <span class='ocrx_word' id='word_1_294' title='bbox 1013 2220 1086 2240; x_wconf 88' lang='lat' dir='ltr'>cum</span> <span class='ocrx_word' id='word_1_295' title='bbox 1105 2209 1135 2239; x_wconf 89' lang='lat' dir='ltr'><strong>A</strong></span> <span class='ocrx_word' id='word_1_296' title='bbox 1154 2210 1230 2240; x_wconf 86' lang='lat' dir='ltr'>fort.</span> <span class='ocrx_word' id='word_1_297' title='bbox 1250 2214 1359 2240; x_wconf 81' lang='lat' dir='ltr'>recte:</span> <span class='ocrx_word' id='word_1_298' title='bbox 1380 2208 1468 2250; x_wconf 68' lang='grc' dir='ltr'>’Ἠρῳ</span> <span class='ocrx_word' id='word_1_299' title='bbox 1486 2209 1526 2240; x_wconf 91' lang='lat' dir='ltr'>G.</span> <span class='ocrx_word' id='word_1_300' title='bbox 1547 2209 1591 2240; x_wconf 87' lang='lat' dir='ltr'>H.</span> 
     </span>
     <span class='ocr_line' id='line_1_39' title="bbox 260 2252 1592 2294; baseline 0.001 -11"><span class='ocrx_word' id='word_1_301' title='bbox 260 2252 435 2291; x_wconf 81' lang='lat' dir='ltr'>Schaefer,</span> <span class='ocrx_word' id='word_1_302' title='bbox 455 2253 497 2284; x_wconf 82' lang='lat' dir='ltr'>cf.</span> <span class='ocrx_word' id='word_1_303' title='bbox 517 2254 576 2283; x_wconf 83' lang='lat' dir='ltr'>xix</span> <span class='ocrx_word' id='word_1_304' title='bbox 594 2263 666 2291; x_wconf 82' lang='lat'>249,</span> <span class='ocrx_word' id='word_1_305' title='bbox 689 2253 788 2284; x_wconf 85' lang='lat' dir='ltr'><strong>Phot.</strong></span> <span class='ocrx_word' id='word_1_306' title='bbox 807 2262 832 2283; x_wconf 82' lang='lat' dir='ltr'>s.</span> <span class='ocrx_word' id='word_1_307' title='bbox 848 2263 879 2283; x_wconf 78' lang='lat' dir='ltr'>v.</span> <span class='ocrx_word' id='word_1_308' title='bbox 892 2254 997 2294; x_wconf 74' lang='lat' dir='ltr'>‘&#39;prs</span> <span class='ocrx_word' id='word_1_309' title='bbox 1120 2263 1155 2284; x_wconf 91' lang='lat'>11</span> <span class='ocrx_word' id='word_1_310' title='bbox 1183 2254 1270 2285; x_wconf 81' lang='grc' dir='ltr'>ἀλλὰ</span> <span class='ocrx_word' id='word_1_311' title='bbox 1286 2252 1403 2284; x_wconf 83' lang='grc' dir='ltr'>πάντες</span> <span class='ocrx_word' id='word_1_312' title='bbox 1421 2276 1427 2282; x_wconf 93' lang='grc'><strong>.</strong></span> <span class='ocrx_word' id='word_1_313' title='bbox 1449 2276 1455 2283; x_wconf 94' lang='grc'><strong>.</strong></span> <span class='ocrx_word' id='word_1_314' title='bbox 1478 2278 1484 2284; x_wconf 92' lang='grc'><strong>.</strong></span> <span class='ocrx_word' id='word_1_315' title='bbox 1503 2253 1592 2294; x_wconf 74' lang='grc' dir='ltr'>λέγω</span> 
     </span>
     <span class='ocr_line' id='line_1_40' title="bbox 258 2296 1589 2335; baseline -0.002 -8"><span class='ocrx_word' id='word_1_316' title='bbox 258 2297 289 2326; x_wconf 88' lang='grc' dir='ltr'>Α</span> <span class='ocrx_word' id='word_1_317' title='bbox 303 2297 333 2327; x_wconf 94' lang='grc' dir='ltr'>Ο</span> <span class='ocrx_word' id='word_1_318' title='bbox 349 2308 355 2327; x_wconf 78' lang='lat' dir='ltr'><em>z</em></span> <span class='ocrx_word' id='word_1_319' title='bbox 374 2307 438 2327; x_wconf 82' lang='lat' dir='ltr'>om.</span> <span class='ocrx_word' id='word_1_320' title='bbox 454 2297 477 2327; x_wconf 84' lang='lat' dir='ltr'>S</span> <span class='ocrx_word' id='word_1_321' title='bbox 494 2296 527 2326; x_wconf 42' lang='lat'>1⁴¹</span> <span class='ocrx_word' id='word_1_322' title='bbox 546 2296 570 2326; x_wconf 79' lang='lat' dir='ltr'>F</span> <span class='ocrx_word' id='word_1_323' title='bbox 584 2296 610 2325; x_wconf 90' lang='grc' dir='ltr'>Β</span> <span class='ocrx_word' id='word_1_324' title='bbox 625 2296 655 2335; x_wconf 81' lang='lat' dir='ltr'>Q</span> <span class='ocrx_word' id='word_1_325' title='bbox 670 2296 700 2326; x_wconf 89' lang='lat' dir='ltr'>Y</span> <span class='ocrx_word' id='word_1_326' title='bbox 795 2305 830 2334; x_wconf 89' lang='lat'>14</span> <span class='ocrx_word' id='word_1_327' title='bbox 853 2297 927 2328; x_wconf 81' lang='grc' dir='ltr'>τοὺς</span> <span class='ocrx_word' id='word_1_328' title='bbox 944 2302 1021 2327; x_wconf 78' lang='lat' dir='ltr'>ante</span> <span class='ocrx_word' id='word_1_329' title='bbox 1040 2297 1126 2328; x_wconf 81' lang='grc' dir='ltr'>θεοὺς</span> <span class='ocrx_word' id='word_1_330' title='bbox 1145 2297 1219 2328; x_wconf 83' lang='lat' dir='ltr'>add.</span> <span class='ocrx_word' id='word_1_331' title='bbox 1237 2296 1328 2334; x_wconf 84' lang='lat' dir='ltr'>vulg.</span> <span class='ocrx_word' id='word_1_332' title='bbox 1346 2307 1352 2325; x_wconf 76' lang='lat' dir='ltr'><em>z</em></span> <span class='ocrx_word' id='word_1_333' title='bbox 1370 2306 1434 2326; x_wconf 88' lang='lat' dir='ltr'>orn.</span> <span class='ocrx_word' id='word_1_334' title='bbox 1451 2296 1474 2325; x_wconf 84' lang='lat' dir='ltr'>S</span> <span class='ocrx_word' id='word_1_335' title='bbox 1490 2296 1515 2325; x_wconf 95' lang='lat' dir='ltr'>L</span> <span class='ocrx_word' id='word_1_336' title='bbox 1528 2296 1589 2326; x_wconf 84' lang='lat' dir='ltr'>soli</span> 
     </span>
     <span class='ocr_line' id='line_1_41' title="bbox 264 2338 1591 2381; baseline 0.001 -11"><span class='ocrx_word' id='word_1_337' title='bbox 264 2342 367 2379; x_wconf 85' lang='lat'>17—18</span> <span class='ocrx_word' id='word_1_338' title='bbox 393 2340 464 2371; x_wconf 77' lang='grc' dir='ltr'>οὐδὲ</span> <span class='ocrx_word' id='word_1_339' title='bbox 481 2341 543 2381; x_wconf 70' lang='grc' dir='ltr'>’γὰρ</span> <span class='ocrx_word' id='word_1_340' title='bbox 561 2364 567 2370; x_wconf 95' lang='grc'>.</span> <span class='ocrx_word' id='word_1_341' title='bbox 589 2364 595 2372; x_wconf 91' lang='grc'><strong>.</strong></span> <span class='ocrx_word' id='word_1_342' title='bbox 617 2363 624 2370; x_wconf 89' lang='grc'><strong>.</strong></span> <span class='ocrx_word' id='word_1_343' title='bbox 646 2338 840 2380; x_wconf 73' lang='grc' dir='ltr'>καταρᾶται]</span> <span class='ocrx_word' id='word_1_344' title='bbox 859 2345 935 2378; x_wconf 84' lang='lat' dir='ltr'>post</span> <span class='ocrx_word' id='word_1_345' title='bbox 954 2340 1073 2379; x_wconf 69' lang='grc' dir='ltr'>λόγους</span> <span class='ocrx_word' id='word_1_346' title='bbox 1090 2340 1186 2379; x_wconf 89' lang='lat' dir='ltr'>ponit</span> <span class='ocrx_word' id='word_1_347' title='bbox 1205 2339 1228 2370; x_wconf 87' lang='lat' dir='ltr'>S</span> <span class='ocrx_word' id='word_1_348' title='bbox 1245 2353 1296 2381; x_wconf 68' lang='grc' dir='ltr'>γρ.</span> <span class='ocrx_word' id='word_1_349' title='bbox 1391 2349 1430 2378; x_wconf 84' lang='grc'>19</span> <span class='ocrx_word' id='word_1_350' title='bbox 1453 2340 1591 2379; x_wconf 53' lang='grc' dir='ltr'>γέγονεν</span> 
     </span>
     <span class='ocr_line' id='line_1_42' title="bbox 259 2382 1590 2422; baseline -0.001 -9"><span class='ocrx_word' id='word_1_351' title='bbox 259 2394 325 2414; x_wconf 84' lang='lat' dir='ltr'>om.</span> <span class='ocrx_word' id='word_1_352' title='bbox 343 2384 373 2413; x_wconf 79' lang='lat' dir='ltr'>A</span> <span class='ocrx_word' id='word_1_353' title='bbox 534 2394 572 2413; x_wconf 84' lang='lat'>21</span> <span class='ocrx_word' id='word_1_354' title='bbox 604 2383 769 2422; x_wconf 83' lang='grc' dir='ltr'>ὠνόμασεν</span> <span class='ocrx_word' id='word_1_355' title='bbox 794 2387 869 2421; x_wconf 75' lang='lat' dir='ltr'>post</span> <span class='ocrx_word' id='word_1_356' title='bbox 889 2385 1089 2415; x_wconf 82' lang='grc' dir='ltr'>Γλαυκοθέαν</span> <span class='ocrx_word' id='word_1_357' title='bbox 1111 2384 1186 2413; x_wconf 84' lang='lat' dir='ltr'>add.</span> <span class='ocrx_word' id='word_1_358' title='bbox 1209 2383 1316 2421; x_wconf 71' lang='lat' dir='ltr'>vulg:</span> <span class='ocrx_word' id='word_1_359' title='bbox 1344 2392 1409 2412; x_wconf 85' lang='lat' dir='ltr'>om.</span> <span class='ocrx_word' id='word_1_360' title='bbox 1433 2382 1456 2410; x_wconf 82' lang='lat' dir='ltr'>S</span> <span class='ocrx_word' id='word_1_361' title='bbox 1472 2382 1508 2412; x_wconf 86' lang='lat' dir='ltr'>L·</span> <span class='ocrx_word' id='word_1_362' title='bbox 1528 2382 1590 2413; x_wconf 83' lang='lat' dir='ltr'><strong>soli</strong></span> 
     </span>
    </p>
   </div>
   <div class='ocr_carea' id='block_1_10' title="bbox 260 2426 1087 2467">
    <p class='ocr_par' dir='ltr' id='par_1_10' title="bbox 260 2426 1087 2467">
     <span class='ocr_line' id='line_1_43' title="bbox 260 2426 1087 2467; baseline -0.002 -10"><span class='ocrx_word' id='word_1_363' title='bbox 260 2437 301 2457; x_wconf 81' lang='lat'>22</span> <span class='ocrx_word' id='word_1_364' title='bbox 327 2431 376 2458; x_wconf 72' lang='grc' dir='ltr'>καὶ</span> <span class='ocrx_word' id='word_1_365' title='bbox 394 2428 564 2467; x_wconf 62' lang='grc' dir='ltr'>’γίγνεσθαι</span> <span class='ocrx_word' id='word_1_366' title='bbox 583 2431 658 2465; x_wconf 81' lang='lat' dir='ltr'>post</span> <span class='ocrx_word' id='word_1_367' title='bbox 676 2427 818 2466; x_wconf 78' lang='grc' dir='ltr'>πάσχειν</span> <span class='ocrx_word' id='word_1_368' title='bbox 835 2427 910 2456; x_wconf 85' lang='lat' dir='ltr'>add.</span> <span class='ocrx_word' id='word_1_369' title='bbox 933 2426 956 2456; x_wconf 77' lang='lat' dir='ltr'>S</span> <span class='ocrx_word' id='word_1_370' title='bbox 970 2426 1006 2456; x_wconf 92' lang='lat' dir='ltr'>L¹</span> <span class='ocrx_word' id='word_1_371' title='bbox 1026 2427 1087 2456; x_wconf 82' lang='lat' dir='ltr'>Soli</span> 
     </span>
    </p>
   </div>
  </div>
 </body>
</html>
