1731 2844
141 157 231 210 vm]
351 162 493 199 ΠΕΡΙ
542 161 670 198 ΤΩΝ
722 161 799 198 EN
848 160 1251 199 ΧΕΡΡΟΝΗΣΩΙ

139 260 373 308 πεποιηκέναι
393 258 596 308 (Φιλίππου
618 259 691 310 γὰρ
709 257 807 296 πολὺ
826 258 1002 307 πρότερον
1021 258 1259 307 παραβάντος
1281 257 1347 306 τὴν
1368 260 1460 308 εἰρή-

140 331 204 363 νην
224 314 282 351 καὶ
308 313 514 352 ἀδικοῦντος
538 312 606 361 τὴν
623 315 695 351 τῶν
713 310 916 360 Ἀθηναίων
934 312 1056 356 πόλιν,
1078 312 1222 352 εἰκότως
1249 313 1308 349 καὶ
1331 315 1461 350 τοῦτον

139 369 227 419 ἔργα
253 368 433 416 πολεμίου
461 366 762 416 διαπράττεσθαι)
791 366 872 404 οὔτε
901 366 1105 415 συμφέρειν
1127 366 1230 417 λέγει
1253 368 1329 405 τοῖς
1351 365 1461 415 Ἀθη-

139 423 250 462 ναίοις
265 422 426 459 κολάσαι
438 421 502 459 τὸν
515 420 724 472 στρατηγὸν
739 419 798 457 καὶ
818 419 990 457 διαλῦσαι
1004 420 1070 468 τὴν
1084 418 1143 457 ὕπ’
1164 420 1284 470 ἐκείνῳ
1299 419 1460 469 δύναμιν,

102 491 119 522 5
139 476 217 525 ἥτις
249 478 311 514 νῦν
344 475 583 524 ἀποκρούεται
616 474 853 523 Χερρονήσου
886 474 1084 511 Φίλιππον.
1140 474 1183 511 τὸ
1217 472 1246 511 δ’
1280 473 1369 511 ὅλον
1403 475 1462 511 ἐπὶ

139 531 305 578 πόλεμον
319 531 533 578 παρακαλεῖ,
553 529 612 566 καὶ
626 531 690 566 τοῦ
705 528 892 565 Φιλίππου
906 528 1055 576 πολλὴν
1069 529 1224 566 ποιεῖται
1241 528 1462 579 κατηγορίαν

139 585 185 623 ὡς
205 583 329 621 ἀδίκου
345 583 404 620 καὶ
422 581 686 632 παρασπόνδου
707 582 766 620 καὶ
783 583 859 622 τοῖς
878 580 1086 631 Ἀθηναίοις
1106 581 1165 619 καὶ
1184 583 1259 622 τοῖς
1271 581 1461 630 ’Έλλησιν

140 637 454 686 ἐπιβουλεύοντος.

199 762 312 803 ’Έδει
346 763 430 814 μέν,
459 761 487 803 ὦ
524 762 661 815 ἄνδρες
690 762 906 813 Ἀθηναῖοι,
934 762 1023 805 τοὺς
1056 762 1251 815 λέγοντας
1286 762 1461 804 ἅπαντας

83 847 121 869 10
139 829 235 881 μήτε
259 830 354 881 πρὸς
380 831 527 882 ἔχθραν
551 832 750 869 ποιεῖσθαι
774 829 897 881 λόγον
921 828 1069 881 μηδένα
1092 828 1190 880 μήτε
1209 829 1306 881 πρὸς
1330 829 1458 882 χάριν,

140 896 230 935 ἀλλ’
251 895 270 935 ὃ
289 895 505 947 βέλτιστον
525 896 690 937 ἕκαστος
709 896 855 948 ἡγεῖτο,
877 895 979 936 τοῦτ’
999 896 1305 948 ἀποφαίνεσθαι,
1328 895 1461 938 ἄλλως

139 979 181 1002 τε
208 963 268 1002 καὶ
293 962 380 1014 περὶ
407 966 545 1002 κοινῶν
571 961 811 1014 πραγμάτων
838 962 898 1002 καὶ
927 961 1111 1014 μεγάλων
1135 962 1242 1013 ὑμῶν
1267 966 1458 1013 βουλευο-

139 1027 280 1079 μένων·
319 1029 402 1068 ἐπεὶ
439 1027 472 1068 δ’
505 1027 601 1068 ἔνιοι
636 1030 683 1068 τὰ
717 1030 789 1078 μὲν
824 1029 1038 1082 φιλονικίᾳ,
1073 1030 1121 1068 τὰ
1157 1027 1190 1068 δ’
1222 1026 1461 1084 ᾑτινιδήποτ’

140 1095 244 1148 αἰτίᾳ
279 1094 518 1146 προάγονται
552 1093 700 1146 λέγειν,
732 1095 842 1145 ὑμᾶς,
882 1093 911 1135 ὦ
947 1093 1083 1147 ἄνδρες
1119 1093 1333 1145 Ἀθηναῖοι,
1372 1094 1462 1137 τοὺς

80 1177 119 1210 15
140 1160 313 1201 πολλοὺς
346 1163 406 1201 δεῖ
431 1160 559 1200 πάντα
590 1160 704 1200 τᾶλλ’
736 1161 974 1213 ἀφελόντας,
1007 1162 1030 1201 ἃ
1062 1161 1107 1217 τῇ
1138 1162 1256 1202 πόλει
1285 1162 1461 1213 νομίζετε

141 1226 371 1278 συμφέρειν,
397 1230 517 1266 ταῦτα
543 1228 604 1267 καὶ
629 1227 879 1279 ψηφίζεσθαι
904 1227 967 1267 καὶ
991 1226 1188 1279 πράττειν.
1248 1227 1270 1278 ἡ
1295 1229 1368 1278 μὲν
1393 1228 1461 1268 οὗν

140 1292 289 1341 σπουδὴ
322 1293 409 1344 περὶ
442 1296 518 1333 τῶν
552 1294 594 1333 ἐν
626 1292 866 1347 Χερρονήσῳ
899 1293 1138 1346 πραγμάτων
1173 1293 1260 1334 ἐστὶ
1298 1293 1359 1334 καὶ
1391 1296 1460 1344 τῆς

140 1358 356 1410 στρατείας,
386 1357 433 1408 ἣν
463 1357 671 1400 ἑνδέκατον
701 1361 805 1410 μῆνα
833 1361 986 1400 τουτονὶ
1016 1361 1217 1401 Φίλιππος
1246 1361 1290 1400 ἐν
1320 1358 1458 1416 Θρᾴκῃ

138 1428 316 1465 ποιεῖται·
365 1428 442 1465 τῶν
481 1428 523 1465 δὲ
560 1425 692 1477 λόγων
730 1426 765 1465 οἱ
802 1429 987 1466 πλεῖστοι
1025 1427 1113 1479 περὶ
1150 1427 1204 1466 ὧν
1244 1427 1459 1477 Διοπείθης

79 1508 119 1530 20
137 1490 297 1542 πράττει
329 1491 391 1531 καὶ
422 1491 563 1542 μέλλει
595 1495 720 1532 ποιεῖν
754 1493 937 1543 εἴρηνται.
1011 1493 1088 1544 ἐγὼ
1121 1491 1153 1533 δ’
1187 1493 1265 1532 ὅσα
1296 1491 1368 1543 μέν
1401 1510 1459 1535 τις

137 1556 308 1598 αἰτιᾶταί
328 1574 415 1598 τινα
439 1558 599 1604 τούτων,
626 1558 692 1600 οὓς
722 1560 818 1598 κατὰ
842 1559 932 1601 τοὺς
959 1559 1102 1610 νόμους
1129 1557 1194 1611 ἐφ’
1218 1559 1308 1610 ὑμῖν
1333 1560 1456 1606 ἐστιν,

137 1624 232 1664 ὅταν
256 1624 475 1674 βούλησθε,
498 1623 690 1674 κολάζειν,
716 1623 785 1666 κᾶν
804 1624 875 1675 ἤδη
902 1626 995 1682 δοκῇ
1021 1625 1092 1666 κᾶν
1112 1627 1351 1679 ἐπισχοῦσιν
1370 1627 1459 1678 περὶ

138 1689 263 1730 αὐτῶν
301 1694 465 1731 σκοπεῖν
503 1692 694 1744 ἐγχωρεῖν
732 1691 912 1743 ἡγοῦμαι,
954 1693 1016 1733 καὶ
1052 1693 1097 1733 οὐ
1135 1691 1237 1733 πάνυ
1275 1695 1335 1733 δεῖ
1370 1693 1457 1745 περὶ

136 1757 283 1797 τούτων
320 1757 399 1797 οὔτ’
435 1756 494 1808 ἔμ’
531 1757 610 1798 οὔτ’
647 1757 773 1798 ἄλλον
809 1757 936 1799 οὐδέν’
972 1759 1258 1813 ἰσχυρίζεσθαι·
1307 1760 1385 1799 ὅσα
1424 1759 1457 1799 δ’

78 1840 116 1872 25
137 1822 277 1875 ἐχθρὸς
304 1822 491 1876 ὑπάρχων
516 1824 561 1881 τῇ
585 1825 700 1866 πόλει
731 1824 792 1864 καὶ
822 1824 981 1876 δυνάμει
1009 1826 1141 1882 πολλῇ
1166 1826 1255 1878 περὶ
1277 1823 1454 1876 Ἑλλήσ-

136 1905 281 1929 ποντον
322 1888 374 1929 ὢν
411 1893 592 1942 πειρᾶται
629 1893 864 1943 προλαβεῖν,
907 1891 977 1932 κᾶν
1015 1891 1122 1943 ἅπαξ
1160 1891 1453 1944 ὑστερήσωμεν,

135 1955 261 1995 οὐκέθ’
291 1954 430 2006 ἕξομεν
463 1960 605 2003 σῶσαι,
637 1958 724 2009 περὶ
757 1957 903 1998 τούτων
935 1957 967 1997 δ’
997 1960 1128 2010 οἴομαι
1159 1959 1231 2009 τὴν
1262 1960 1455 2011 ταχίστην

137 2021 353 2074 συμφέρειν
374 2023 434 2062 καὶ
458 2027 757 2074 βεβουλεῦσθαι
782 2024 843 2064 καὶ
861 2025 1194 2076 παρεσκευάσθαι,
1216 2026 1278 2065 καὶ
1303 2025 1355 2075 μὴ
1376 2028 1456 2067 τοῖς

135 2087 223 2139 περὶ
246 2092 324 2128 τῶν
348 2087 482 2130 ἄλλων
507 2090 692 2142 θορύβοις
722 2091 785 2132 καὶ
813 2094 898 2133 ταῖς
928 2094 1176 2145 κατηγορίαις
1204 2091 1282 2132 ἀπὸ
1310 2091 1457 2132 τούτων

77 2168 118 2200 3ο
135 2153 361 2206 ἀποδρᾶναι.

176 2272 198 2302 9
222 2265 255 2296 ἐν
271 2266 342 2303 ὑμῖν
357 2269 437 2295 ante
455 2264 597 2298 ἅπαντας
613 2266 688 2296 add.
705 2266 794 2306 vulg.
809 2281 816 2299 ι
843 2277 907 2300 om.
925 2267 947 2299 S
960 2267 998 2298 L¹
1091 2277 1128 2306 13
1153 2269 1222 2300 ἐπεὶ
1241 2267 1264 2299 S
1278 2268 1322 2299 L:
1348 2270 1457 2307 ἐπειδὴ

134 2305 222 2345 vulg.
356 2317 394 2346 15
426 2308 608 2348 ἀφελόντας
634 2309 657 2339 S
671 2309 731 2340 L¹:
764 2310 903 2351 ἀφέντας
927 2310 1029 2350 vulg„
1051 2311 1091 2342 cf.
1112 2311 1194 2341 xxiii
1220 2322 1274 2349 20,
1296 2311 1452 2342 Prooem.

135 2347 177 2378 lvi
194 2359 213 2378 2
356 2360 396 2381 22
419 2352 530 2391 μικρὸν
547 2356 625 2391 post
642 2353 700 2384 κᾶν
715 2354 791 2384 add.
810 2354 900 2393 vulg.
919 2366 925 2384 :
949 2364 1013 2384 om.
1036 2354 1059 2384 S
1071 2354 1109 2385 L¹
1213 2357 1384 2395 ἐπισχοῦσι
1403 2355 1454 2385 A:

137 2392 296 2432 ἐπίσχωσι
316 2394 339 2423 S
352 2393 387 2423 L¹
406 2394 494 2433 vulg.
629 2405 669 2434 24
696 2396 913 2437 ἰσχυρίζεσθαι
933 2397 956 2427 S
970 2397 1004 2426 L·
1020 2397 1048 2426 Y
1064 2408 1070 2427 :
1096 2397 1346 2438 διισχυρίζεσθαι
1364 2397 1453 2436 vulg.

137 2444 177 2473 25
205 2436 359 2469 Φίλιππος
377 2443 454 2477 post
470 2438 563 2470 πόλει
580 2437 653 2470 add.
674 2438 762 2478 vulg.
781 2450 788 2469 :
812 2449 875 2470 om.
899 2439 922 2469 S
935 2439 969 2469 L¹
989 2440 1050 2470 soli

1489 163 1579 217 [89]

1493 764 1582 819 [90]

1488 1775 1508 1809 3

1487 2021 1569 2076 [91]
