1747 2844
179 152 299 205 xvm]
492 155 634 192 ΠΕΡΙ
681 153 803 191 TOT
850 151 1188 190 ΣΤΕΦΑΝΟΎ
1532 148 1642 204 [247]

178 259 384 311 προγόνων
399 259 536 310 ἀρετῆς
552 255 796 308 ὑπομνήμαθ’
814 257 935 307 ὁρῶσι
949 254 1148 304 τοσαύτην
1165 253 1302 294 κακίαν
1317 251 1498 305 ὑπάρξαι,

177 326 282 367 ὥστε
299 328 366 376 τῆς
387 326 609 377 ἐλευθερίας
628 321 967 375 αὐτεπαγγέλτους
987 322 1198 364 ἐθελοντὰς
1214 321 1501 373 παραχωρῆσαι

178 394 380 446 Φιλίππῳ.
452 391 530 431 οὐδ’
555 390 603 431 ἂν
637 391 692 432 εἷς
720 393 840 430 ταῦτα
870 386 1051 440 φήσειεν.
1122 386 1264 428 λοιπὸν
1294 387 1425 427 τοίνυν
1454 384 1500 435 ἦν
1530 393 1574 438 69

180 459 243 499 καὶ
271 459 485 510 ἀναγκαῖον
512 457 592 508 ἅμα
621 459 744 497 πᾶσιν
777 456 834 497 οἷς
864 456 1012 496 ἐκεῖνος
1043 453 1201 505 ἔπραττ’
1233 454 1374 493 ἀδικῶν
1403 453 1501 502 ὑμᾶς

139 543 156 574 5
179 527 450 566 ἐναντιοῦσθαι
482 525 651 564 δικαίως.
721 521 824 562 τοῦτ’
856 522 1023 562 ἐποιεῖτε
1055 522 1128 570 μὲν
1159 521 1268 570 ὑμεῖς
1301 516 1348 567 ἐξ
1377 519 1500 572 ἀρχῆς

179 592 336 632 εἰκότως
363 591 423 631 καὶ
449 589 739 642 προσηκόντως,
763 588 940 640 ἔγραφον
966 589 1007 628 δὲ
1034 587 1095 626 καὶ
1121 586 1412 637 συνεβούλευον
1439 584 1501 625 καὶ

177 659 255 709 ἐγὼ
285 656 369 697 καθ’
393 656 459 699 οὓς
486 656 773 706 ἐπολιτευόμην
806 654 985 708 χρόνους.
1058 654 1253 704 ὁμολογῶ.
1326 652 1432 691 ἀλλὰ
1465 652 1504 691 τί
1534 654 1647 708 [248]

177 725 297 776 ἐχρῆν
331 740 380 774 με
415 726 560 769 ποιεῖν,·
597 722 670 773 ἤδη
706 720 781 774 γάρ
818 721 857 760 σ’
894 722 1023 773 ἐρωτῶ
1061 719 1190 760 πάντα
1224 718 1339 759 τᾶλλ’
1372 718 1499 771 ἀφείς,

177 789 434 842 Ἀμφίπολιν,
462 789 634 835 Πύδναν,
663 789 911 833 Ποτείδαιαν,
933 786 1195 836 Ἃλόννησον·
1233 784 1388 826 οὐδενὸς
1413 784 1498 824 τού-

118 872 157 895 10
176 872 254 895 των
278 855 487 906 μέμνημαι·
525 855 688 908 Σέρριον
712 857 755 895 δὲ
781 856 842 895 καὶ
864 854 1065 906 Δορίσκον
1092 852 1152 893 καὶ
1171 852 1240 903 τὴν
1262 850 1500 903 Πεπαρήθου
1531 869 1578 903 70

177 923 371 974 πόρθησιν
393 922 453 962 καὶ
478 922 542 961 ὅσ’
562 922 654 962 ἄλλ’
673 922 695 973 ἡ
716 922 832 963 πόλις
856 921 1039 971 ἠδικεῖτο,
1061 919 1140 960 οὐδ’
1160 920 1194 961 εἶ
1218 919 1381 971 γέγονεν
1401 918 1498 958 οἶδα.

178 989 302 1028 καίτοι
327 989 378 1028 σύ
401 988 438 1041 γ’
464 988 623 1040 ἔφησθά
647 1005 697 1040 με
721 992 842 1028 ταῦτα
871 986 1027 1039 λέγοντ’
1053 988 1108 1028 εἰς
1136 986 1282 1039 ἔχθραν
1308 987 1502 1036 ἐμβαλεῖν

177 1057 373 1101 τουτουσί,
418 1055 629 1105 Εὐβούλου
678 1055 740 1095 καὶ
787 1054 1107 1106 Ἀριστοφῶντος
1156 1053 1219 1093 καὶ
1268 1053 1501 1093 Διοπείθους

175 1126 254 1162 τῶν
286 1123 374 1173 περὶ
410 1121 557 1162 τούτων
588 1120 866 1174 ψηφισμάτων
897 1122 1035 1167 ὄντων,
1059 1120 1126 1161 οὐκ
1159 1121 1275 1170 ἐμῶν,
1310 1116 1339 1158 ὦ
1371 1118 1502 1170 λέγων

117 1204 156 1235 15
178 1188 346 1241 εὐχερῶς
366 1189 387 1227 ὅ
407 1205 443 1229 τι
462 1188 510 1228 ἂν
528 1191 743 1245 βουληθῇς.
798 1187 885 1228 οὐδὲ
905 1190 972 1228 νῦν
992 1186 1080 1238 περὶ
1099 1186 1248 1226 τούτων
1268 1187 1354 1237 ἐρῶ.
1409 1184 1501 1224 ἀλλ’
1532 1199 1572 1233 71

178 1255 198 1293 ὁ
233 1254 305 1304 τὴν
340 1255 516 1305 Εὔβοιαν
552 1256 700 1296 ἐκεῖνος
737 1254 1068 1306 σφετεριζόμενος
1106 1253 1167 1293 καὶ
1204 1251 1502 1301 κατασκευάζων

178 1321 420 1374 ἐπιτείχισμ’
464 1322 527 1362 ἐπὶ
573 1320 644 1371 τὴν
686 1319 882 1370 Ἀττικήν,
928 1319 990 1360 καὶ
1034 1318 1236 1371 Μεγάροις
1278 1319 1500 1371 ἐπιχειρῶν,

181 1388 242 1427 καὶ
273 1386 590 1439 καταλαμβάνων
616 1387 772 1439 Ὠρεόν,
807 1386 869 1427 καὶ
901 1385 1186 1427 κατασκάπτων
1211 1385 1411 1437 Πορθμόν,
1441 1384 1503 1424 καὶ

180 1455 367 1496 καθιστὰς
392 1455 435 1494 ἐν
458 1455 530 1504 μὲν
555 1453 683 1507 Ὠρεῷ
711 1454 949 1503 Φιλιστίδην
974 1453 1176 1504 τύραννον,
1205 1453 1246 1492 ἐν
1271 1450 1303 1491 δ’
1323 1450 1504 1504 Ἐρετρίᾳ

118 1535 157 1558 20
180 1521 438 1573 Κλείταρχον,
462 1520 524 1560 καὶ
549 1519 617 1560 τὸν
637 1518 944 1569 Ἑλλήσποντον
963 1519 1032 1570 ὑφ’
1052 1519 1154 1573 αὐτῷ
1174 1518 1418 1568 ποιούμενος,
1442 1517 1503 1557 καὶ

178 1586 390 1636 Βυζάντιον
406 1590 637 1639 πολιορκῶν,
658 1586 721 1627 καὶ
739 1586 876 1627 πόλεις
891 1584 1129 1635 Ἑλληνίδας
1144 1587 1213 1626 τὰς
1230 1586 1302 1635 μὲν
1319 1585 1501 1635 ἀναιρῶν,

178 1654 232 1694 εἷς
268 1655 336 1695 τὰς
371 1655 413 1693 δὲ
449 1654 539 1695 τοὺς
577 1652 755 1706 φυγάδας
793 1651 986 1704 κατάγων,
1022 1652 1190 1703 πότερον
1225 1654 1345 1691 ταῦτα
1381 1653 1503 1690 ποιῶν

177 1718 299 1769 ἠδίκει
339 1721 401 1760 καὶ
439 1720 705 1771 παρεσπόνδει
745 1719 806 1760 καὶ
845 1719 934 1760 ἔλυε
970 1718 1040 1769 τὴν
1077 1716 1233 1770 εἰρήνην
1267 1714 1290 1767 ἢ
1328 1717 1391 1763 οὔ,·
1441 1716 1503 1756 καὶ

178 1786 344 1837 πότερον
371 1787 548 1838 φανῆναί
573 1803 661 1827 τινα
688 1790 766 1827 τῶν
790 1784 999 1836 Ἑλλήνων
1025 1784 1092 1825 τὸν
1122 1788 1241 1824 ταῦτα
1272 1783 1503 1823 κωλύσοντα

119 1866 156 1898 25
177 1848 319 1903 [ποιεῖν
345 1850 476 1905 αὐτὸν]
496 1854 629 1906 ἐχρῆν,
650 1849 673 1903 ἢ
699 1852 770 1904 μή,·
809 1854 841 1893 εἰ
865 1854 938 1903 μὲν
964 1853 1039 1904 γὰρ
1062 1850 1113 1903 μὴ
1141 1852 1275 1904 ἐχρῆν,
1302 1851 1408 1890 ἀλλὰ
1432 1848 1502 1899 τὴν
1533 1861 1576 1896 72

180 1921 332 1959 Μυσῶν
351 1920 463 1959 λείαν
485 1918 727 1969 καλουμένην
745 1919 815 1969 τὴν
829 1918 994 1959 Ἑλλάδ’
1016 1918 1139 1958 οὖσαν
1159 1918 1330 1970 ὀφθῆναι
1350 1916 1502 1965 ζώντων

180 1985 242 2025 καὶ
272 1986 396 2025 ὄντων
426 1984 658 2035 Ἀθηναίων,
691 1987 993 2038 περιείργασμαι
1026 1987 1097 2036 μὲν
1130 1984 1208 2036 ἐγὼ
1238 1984 1325 2035 περὶ
1357 1981 1502 2022 τούτων

179 2051 311 2097 εἰπών,
343 2053 638 2103 περιείργασται
668 2051 701 2092 δ’
726 2052 749 2103 ἡ
780 2053 895 2093 πόλις
923 2052 946 2102 ἡ
978 2050 1177 2092 πεισθεῖσ’
1205 2051 1303 2100 ἐμοί,
1335 2048 1438 2089 ἔστω
1469 2047 1502 2088 δ’

225 2171 237 2191 1
265 2160 432 2200 ὑπόμνημα
449 2163 598 2203 θεωροῦσι
617 2160 652 2192 S¹
666 2161 692 2191 L
868 2171 887 2191 2
913 2164 1082 2193 εθελοντας
1101 2161 1124 2191 S
1143 2172 1148 2190 z
1174 2158 1343 2191 ἐθέλοντας
1362 2157 1438 2197 LA,
1458 2158 1499 2188 Cs-

180 2205 195 2240 §
224 2213 289 2243 99:
323 2204 402 2234 secl.
435 2203 595 2243 Hirschig
794 2214 829 2234 11
868 2206 1009 2242 ἠδικεῖτο
1038 2203 1214 2241 SLFlQ:
1249 2202 1382 2240 ἠδίκητο
1410 2200 1498 2239 vulg.

183 2255 220 2285 13
247 2247 502 2288 Ἀριστοφῶντος
522 2247 547 2277 L
565 2247 654 2286 vulg.
674 2247 697 2278 S
720 2257 825 2286 marg.
847 2258 888 2279 m.
914 2251 1004 2278 ant.:
1033 2250 1262 2287 Κτησιφῶντος
1288 2244 1325 2275 S1
1350 2243 1502 2284 (punctis

180 2292 344 2328 notatum)
502 2301 539 2329 17
564 2292 614 2322 καὶ
633 2290 790 2331 Μεγάροις
809 2293 979 2331 ἐπιχειρῶν
997 2300 1062 2320 om.
1082 2290 1244 2327 Hermog.
1265 2288 1314 2318 111
1336 2297 1407 2326 159,
1430 2288 1501 2324 160,

179 2332 241 2362 aL:
282 2333 360 2364 secl.
392 2333 527 2364 Usener
702 2344 740 2364 21
777 2334 833 2366 τὰς
862 2333 936 2364 AY
964 2332 1078 2372 vulg:
1115 2333 1149 2364 ἃς
1178 2331 1298 2363 SLF:
1337 2331 1426 2362 τινὰς
1456 2330 1497 2360 al.

179 2385 220 2449 {2
230 2377 300 2449 bre?
317 2376 360 2407 0¹
377 2387 383 2407 ε
408 2377 443 2409 ἃς
461 2377 485 2408 S
499 2377 566 2408 LA
579 2376 603 2408 F
618 2387 624 2407 :
649 2377 737 2410 τινὰς
753 2377 807 2416 al„
825 2378 864 2408 cs.
883 2376 929 2407 xli
950 2386 984 2406 11
1122 2385 1163 2415 25
1188 2377 1290 2407 ποιεῖν
1306 2375 1402 2406 αὐτὸν
1417 2373 1496 2405 secl.

208 2430 227 2449 ο
252 2430 270 2449 e
