1763 2828
83 103 195 156 [38⁷]

131 692 196 728 150

78 811 193 866 [388]

130 1224 190 1263 151

131 1755 195 1794 152

653 99 1138 138 ΔΙῘΜΟΣΘΕΝΟΎΣ
1468 94 1555 149 [xlx

226 209 394 246 τοσοῦτο
415 204 690 258 κρατουμένοις
715 209 768 260 τῷ
794 204 967 259 πολέμῳ,
992 203 1053 244 καὶ
1077 204 1125 243 τὰ
1149 205 1295 244 ἑαυτῶν
1317 204 1558 254 κομίσασθαι

228 272 290 313 καὶ
323 274 371 313 τὰ
403 276 481 314 τῶν
511 274 666 325 ἐχθρῶν
693 275 946 325 προσλαβεῖν
975 270 1129 322 γέγονε,
1159 273 1240 312 τοῖς
1273 269 1306 310 δ’
1334 269 1557 321 Ἀθηναίοις

226 340 329 390 ὑμῖν,
365 339 426 380 καὶ
458 340 482 380 δι
517 343 569 394 τῷ
606 338 767 393 πολέμῳ
805 336 1024 393 διεσῴζετο,
1059 336 1164 377 ταῦτ’
1197 336 1262 377 ἐπὶ
1297 338 1366 387 τῆς
1403 335 1557 389 εἰρήνης

227 405 545 453 ἀπολωλεκέναι,·
583 407 643 446 ὅτι
667 406 857 447 τάκείνων
881 408 954 456 μὲν
980 404 1047 445 οὐκ
1077 402 1261 444 ἀπέδονθ’
1287 405 1323 444 οἱ
1348 402 1554 456 πρέσβεις,

226 474 274 513 τὰ
299 472 332 513 δ’
356 472 509 525 ὑμέτερ’
536 472 643 513 οὗτοι
668 472 931 524 πεπράκασιν.
1003 474 1104 510 ἀλλὰ
1132 472 1176 521 νὴ
1203 472 1277 510 Δία
1302 471 1386 512 τοὺς
1410 473 1558 521 συμμά-
1577 485 1594 517 5

226 558 315 593 χους
339 542 573 591 ἀπειρηκέναι
599 542 715 591 φήσει
737 543 788 591 τῷ
814 541 965 592 πολέμῳ
971 569 1119 578 .....
1144 539 1204 579 ὅτι
1227 540 1303 590 γὰρ
1326 537 1433 578 ταῦθ’
1457 539 1558 579 οὕτω

227 607 457 660 πέπρακται,
488 608 549 647 καὶ
576 607 618 647 ἐκ
641 610 719 647 τῶν
744 607 962 647 ἐπιλοίπων
987 606 1043 647 ἔτι
1067 609 1223 657 μᾶλλον
1250 607 1422 646 εἴσεσθε.

293 673 455 723 Ἐπειδὴ
498 675 572 726 γὰρ
614 673 637 724 ἡ
680 675 753 724 μὲν
792 673 924 725 εἰρήνη
966 673 1082 715 τέλος
1125 672 1234 726 εἶχεν
1276 673 1383 722 αὕτη,
1423 671 1446 722 ἡ
1488 674 1556 711 τοῦ

226 739 509 793 Φιλοκράτους,
541 738 566 796 ᾗ
596 743 781 781 συνεῖπεν
811 740 935 787 οὗτος,
967 742 1003 780 οἱ
1032 742 1073 781 δὲ
1103 738 1295 792 πρέσβεις
1325 737 1556 790 ἀπήρκεσαν

226 808 261 848 οἱ
287 811 355 847 τοῦ
380 807 583 847 Φιλίππου
607 807 805 857 λαβόντες
829 807 920 848 τοὺς
949 807 1084 858 ὅρκους
1109 806 1187 858 (καὶ
1213 805 1331 859 μέχρι
1355 805 1493 846 τούτου
1517 804 1554 856 γ’
1580 823 1618 846 10

225 874 338 915 οὐδὲν
366 872 584 924 ἀνήκεστον
612 872 659 924 ἦν
687 877 765 914 τῶν
796 872 1094 926 πεπραγμένων,
1125 871 1216 913 ἀλλ’
1246 873 1395 925 αἰσχρὰ
1426 872 1498 922 μὲν
1530 871 1553 922 ἡ

225 939 357 992 εἰρήνη
387 940 448 980 καὶ
479 939 619 991 ἀναξία
646 942 715 990 τῆς
746 941 913 986 πόλεως,
941 940 1028 981 ἀντὶ
1057 941 1098 981 δὲ
1128 939 1276 979 τούτων
1303 939 1349 989 δὴ
1383 939 1432 978 τὰ
1461 940 1552 978 θαυ-

223 1006 335 1058 μάσι’
364 1005 479 1059 ἀγάθ’
507 1006 601 1058 ἡμῖν
630 1006 800 1058 ἔμελλεν
829 1004 1021 1056 ἔσεσθαι),
1053 1005 1189 1057 ἠξίουν
1219 1001 1344 1057 [ὑμᾶς]
1380 1004 1457 1057 ἐγὼ
1491 1003 1555 1044 καὶ

224 1073 376 1116 τούτοις
408 1073 549 1126 ἔλεγον
578 1077 694 1115 πλεῖν
723 1073 793 1124 τὴν
822 1075 1017 1127 ταχίστην
1049 1072 1113 1125 ἐφ’
1142 1071 1460 1122 Ἑλλησπόντου,
1492 1070 1554 1111 καὶ

224 1140 276 1192 μὴ
306 1139 500 1193 προέσθαι
527 1140 615 1191 μηδ’
647 1142 763 1182 ἐᾶσαι
797 1143 1013 1194 κατασχεῖν
1043 1141 1248 1181 Φίλιππον
1276 1140 1397 1190 μηδὲν
1429 1139 1470 1179 ἐν
1499 1140 1552 1192 τῷ
1579 1155 1616 1187 15

223 1206 369 1259 μεταξὺ
402 1208 533 1262 χρόνῳ
566 1211 644 1249 τῶν
677 1209 759 1249 ἐκεῖ
792 1208 958 1261 χωρίων.
1032 1205 1141 1263 ᾔδειν
1173 1208 1248 1259 γὰρ
1286 1206 1459 1258 ἀκριβῶς
1494 1204 1555 1245 ὅτι

225 1274 341 1315 πάνθ’
366 1274 429 1314 ὅσ’
454 1274 502 1315 ἂν
528 1276 571 1315 ἐκ
600 1273 775 1326 πολέμου
801 1273 1037 1327 γιγνομένης
1066 1273 1220 1326 εἰρήνης
1245 1275 1406 1330 προεθῇ,
1434 1274 1554 1312 ταῦτα

224 1344 305 1383 τοῖς
334 1339 589 1392 ἀμελήσασιν
618 1341 853 1382 ἀπόλλυται·
901 1341 1025 1383 οὐδεὶς
1058 1342 1135 1393 γὰρ
1167 1339 1318 1381 πώποθ’
1348 1339 1445 1391 ὑπὲρ
1476 1341 1554 1379 τῶν

225 1408 331 1449 ὅλων
356 1408 533 1450 πεισθεὶς
558 1406 714 1460 εἰρήνην
734 1408 845 1461 ἄγειν
868 1409 964 1459 ὑπὲρ
991 1411 1068 1448 τῶν
1092 1405 1486 1459 ἐγκαταλειφθέντων
1511 1403 1557 1455 ἐξ

225 1475 349 1528 ἀρχῆς
373 1474 572 1525 ἠθέλησεν
592 1478 795 1525 πολεμεῖν,
818 1475 924 1515 ἀλλὰ
949 1474 1057 1515 ταῦθ’
1078 1476 1114 1515 οἱ
1139 1473 1415 1526 προλαβόντες
1439 1471 1551 1525 ἕχου-
1577 1489 1616 1512 20

226 1558 304 1582 σιν.
375 1541 496 1595 χωρὶς
527 1544 570 1583 δὲ
598 1541 747 1582 τούτων
772 1544 878 1582 δυοῖν
902 1542 1117 1595 χρησίμοιν
1144 1540 1188 1580 οὐ
1217 1538 1554 1592 διαμαρτήσεσθαι

225 1607 296 1658 τὴν
320 1608 440 1649 πόλιν
464 1608 641 1660 ἡγούμην
666 1607 926 1648 πλευσάντων
951 1607 1073 1658 ἡμῶν·
1111 1603 1134 1657 ἢ
1160 1609 1234 1659 γὰρ
1260 1607 1465 1659 παρόντων
1492 1606 1554 1646 καὶ

226 1676 323 1715 κατὰ
353 1674 398 1715 τὸ
429 1673 612 1727 ψήφισμ’
640 1673 755 1715 αὐτὸν
786 1673 1104 1726 ἐξορκωσάντων,
1136 1674 1160 1715 ἃ
1190 1675 1262 1725 μὲν
1295 1674 1454 1726 εἰλήφει
1485 1675 1554 1723 τῆς

226 1742 392 1788 πόλεως,
414 1742 649 1788 ἀποδώσειν,
671 1744 747 1782 τῶν
773 1743 813 1782 δὲ
838 1745 989 1782 λοιπῶν
1015 1739 1249 1794 ἀφέξεσθαι,
1270 1737 1294 1791 ἢ
1319 1740 1371 1791 μὴ
1396 1742 1552 1781 ποιοῦν-

226 1826 292 1851 τος
319 1812 440 1849 ταῦτα
469 1809 713 1861 ἀπαγγελεῖν
736 1808 838 1859 ἡμᾶς
868 1808 1010 1850 εὐθέως
1038 1811 1162 1860 δεῦρο,
1194 1806 1289 1848 ὥστ’
1320 1808 1363 1847 ἐν
1391 1807 1555 1848 ἐκείνοις
1577 1822 1614 1855 25

226 1879 308 1917 τοῖς
335 1875 466 1928 πόρρω
498 1875 560 1916 καὶ
591 1874 779 1931 ἐλάττοσι
808 1875 879 1926 τὴν
909 1874 1143 1926 πλεονεξίαν
1175 1875 1237 1915 καὶ
1266 1874 1337 1925 τὴν
1366 1874 1555 1914 ἀπιστίαν

228 1943 382 1985 ἰδόντας
411 1943 509 1994 ὑμᾶς
536 1942 624 1994 περὶ
648 1946 771 1984 τῶνδε
800 1946 876 1983 τῶν
907 1943 1024 1995 ἐγγὺς
1055 1942 1116 1983 καὶ
1143 1942 1344 1993 μειζόνων,
1377 1940 1484 1993 λέγω
1512 1942 1555 1981 δὲ

269 2053 333 2091 5-6
357 2053 442 2084 ἀλλὰ
460 2053 497 2090 νὴ
516 2052 599 2084 Δία.
620 2076 627 2083 .
650 2076 656 2083 .
676 2051 808 2092 πολέμῳ
826 2052 922 2083 codd.
940 2061 1059 2082 omnes
1084 2056 1116 2082 et
1131 2051 1314 2091 leianus:
1357 2049 1420 2081 del.
1443 2049 1554 2080 Mark-

226 2096 327 2126 land:
360 2096 545 2126 minoribus
562 2095 683 2126 litteris
700 2096 922 2135 exprimenda
939 2096 1066 2126 curavit
1086 2095 1193 2132 Blass,
1216 2097 1310 2125 ‘cum
1333 2093 1418 2125 alius
1438 2104 1554 2124 recen-

226 2139 333 2170 sionis
351 2138 513 2178 reliquiae
530 2149 607 2170 esse
624 2139 754 2178 possint
766 2139 786 2169 ‘:
811 2139 963 2170 lacunam
982 2139 1143 2170 indicavit
1158 2138 1298 2169 Voemel
1400 2147 1437 2176 13
1462 2136 1553 2178 ἀγάθ’

227 2206 235 2214 .
248 2207 255 2213 .
270 2207 277 2214 .
293 2182 450 2223 ἔμελλεν]
468 2184 612 2222 ἤμελλεν
629 2183 704 2222 ἡμῖν
721 2183 824 2223 ἀγαθὰ
841 2182 872 2212 Α
956 2184 1033 2222 ὑμᾶς
1051 2182 1130 2214 secl.
1148 2182 1241 2212 Weil
1256 2192 1261 2212 :
1288 2182 1369 2221 ἡμᾶς
1387 2180 1417 2219 Q
1502 2181 1554 2212 καὶ

227 2226 353 2258 τούτοις
372 2226 489 2267 ἔλεγον
505 2227 569 2257 del.
587 2225 753 2256 Weidner
770 2231 909 2265 recepto
927 2226 1019 2265 ἡμᾶς,
1039 2225 1114 2257 coll.
1133 2227 1148 2262 ξ
1171 2236 1229 2265 154
1366 2225 1405 2254 16
1428 2237 1459 2256 τι
1477 2228 1554 2263 post

229 2271 298 2301 ἐκεῖ
310 2270 385 2301 add.
406 2270 432 2300 L
449 2269 546 2309 vulg.:
572 2280 635 2301 om.
656 2270 679 2300 S
691 2269 722 2300 A
813 2270 852 2299 18
869 2268 1088 2309 ἀμελήσασιν]
1105 2269 1312 2308 μελλήσασιν
1328 2267 1359 2298 Α
1446 2277 1487 2306 23
1505 2269 1554 2308 ὁρ-

229 2312 400 2346 κωσοίντων
423 2313 466 2352 Α,
494 2313 533 2344 cf.
562 2315 600 2350 ἐξ
629 2314 702 2346 161,
728 2312 791 2351 278
968 2322 1008 2351 25
1042 2314 1244 2353 ἀπαγγελεῖν
1269 2321 1371 2349 marg.
1400 2310 1553 2341 Morelii:

229 2357 450 2397 ἀπαγγέλλειν
467 2357 575 2396 codd„
596 2356 636 2389 cf.
658 2358 695 2395 ἐξ
714 2366 768 2397 59,
786 2365 862 2397 209,
879 2365 953 2396 324,
974 2356 1055 2387 xviii
1071 2366 1137 2396 323
1280 2364 1321 2393 27
1348 2354 1472 2387 ἰδόντας
1491 2354 1514 2384 S
1528 2353 1555 2384 L

228 2398 278 2431 A:
306 2399 429 2433 εἰδότας
446 2400 534 2440 vulg.
