1763 2828
135 162 236 217 [12⁵]

197 807 238 845 57

133 1585 239 1641 [126]

198 1661 241 1697 59

198 1988 245 2023 60

693 160 1180 198 ΔΗΜΟΣΘΕΝΟΎΣ
1533 155 1591 209 [lx

269 265 472 305 Φιλίππου
499 264 559 304 καὶ
590 263 705 304 πάνθ’
730 264 1011 314 ὑπηρετοῦντες
1037 264 1184 317 ἐκείνῳ,
1211 265 1313 305 τινὲς
1337 265 1380 304 δὲ
1406 267 1473 303 τοῦ
1497 267 1594 314 βελ-

268 333 405 372 τίστου
439 331 501 371 καὶ
534 331 639 372 ὅπως
669 330 721 380 μὴ
755 329 1041 370 δουλεύσουσιν
1075 331 1110 370 οἱ
1146 333 1308 370 πολῖται
1343 328 1594 381 πράττοντες.

268 399 427 449 πότεροι
458 394 504 447 δὴ
535 397 605 447 τὴν
638 396 790 449 πατρίδ’
823 395 1045 446 ἐξώλεσαν,·
1088 393 1112 445 ἢ
1145 397 1304 447 πότεροι
1335 396 1424 438 τοὺς
1457 395 1598 438 ἱππέας

269 465 509 517 προῦδοσαν,
553 464 607 503 ὧν
649 462 922 515 προδοθέντων
960 462 1160 504 ’Όλυνθος
1209 463 1410 509 ἀπώλετο;
1467 464 1503 503 οἱ
1549 464 1599 503 τὰ

270 532 475 572 Φιλίππου
500 533 750 582 φρονοῦντες,
778 530 840 570 καὶ
869 528 925 569 ὅτ’
951 528 998 579 ἦν
1022 529 1045 580 ἡ
1075 530 1192 571 πόλις
1215 528 1305 571 τοὺς
1329 531 1377 569 τὰ
1401 528 1600 580 βέλτιστα
1618 546 1636 578 5

268 597 462 650 λέγοντας
482 599 824 648 συκοφαντοῦντες
850 596 911 636 καὶ
936 595 1227 646 διαβάλλοντες
1246 596 1380 642 οὕτως,
1401 596 1507 636 ὥστε
1530 596 1600 637 τόν

270 664 307 716 γ’
337 664 640 713 Ἀπολλωνίδην
677 663 739 703 καὶ
777 664 966 713 ἐκβαλεῖν
998 663 1018 701 ὁ
1054 664 1174 713 δῆμος
1211 663 1233 701 ὁ
1266 665 1343 703 τῶν
1376 661 1600 703 Ὀλυνθίων

271 732 449 779 ἐπείσθη.

338 797 398 836 Οὐ
426 796 558 836 τοίνυν
582 797 687 847 παρὰ
715 795 866 837 τούτοις
891 795 1014 846 μόνον
1038 795 1082 835 τὸ
1108 796 1196 837 ἔθος
1220 798 1335 835 τοῦτο
1360 794 1489 835 πάντα
1515 795 1598 835 κάκ’

271 862 498 915 εἰργάσατο,
542 861 686 901 ἄλλοθι
727 861 760 901 δ’
802 862 983 912 οὐδαμοῦ·
1027 861 1118 902 ἀλλ’
1156 863 1197 902 ἐν
1233 861 1425 916 Ἐρετρίᾳ,
1465 861 1599 912 ἐπειδὴ
1623 875 1662 898 10

270 927 574 981 ἀπαλλαγέντος
600 927 862 981 Πλουτάρχου
891 929 954 968 καὶ
982 932 1060 968 τῶν
1084 927 1207 978 ξένων
1233 929 1253 967 ὁ
1279 930 1397 979 δῆμος
1422 927 1505 981 εἶχε
1529 928 1601 978 τὴν

271 997 388 1037 πόλιν
414 996 478 1035 καὶ
503 994 572 1035 τὸν
593 995 792 1046 Πορθμόν,
815 996 852 1035 οἱ
875 996 949 1046 μὲν
969 994 1034 1047 ἐφ’
1054 995 1153 1045 ὑμᾶς
1178 993 1277 1047 ἦγον
1301 996 1349 1034 τὰ
1374 993 1598 1046 πράγματα,

272 1065 308 1103 οἱ
333 1062 365 1102 δ’
394 1063 458 1102 ἐπὶ
484 1062 702 1102 Φίλιππον.
773 1061 980 1103 ἀκούοντες
1008 1063 1049 1102 δὲ
1077 1061 1226 1102 τούτων
1251 1061 1299 1100 τὰ
1324 1060 1472 1107 πολλά,
1497 1063 1599 1112 μᾶλ-

270 1135 344 1170 λον
380 1131 421 1170 δὲ
456 1130 506 1168 τὰ
541 1127 656 1169 πάνθ’
689 1129 725 1168 οἱ
761 1129 1006 1180 ταλαίπωροι
1039 1128 1102 1168 καὶ
1135 1130 1341 1181 δυστυχεῖς
1373 1126 1599 1179 Ἐρετριεῖς,

270 1199 529 1237 τελευτῶντες
549 1195 795 1245 ἐπείσθησαν
815 1194 904 1236 τοὺς
922 1196 1020 1246 ὑπὲρ
1039 1195 1166 1235 αὑτῶν
1185 1193 1376 1246 λέγοντας
1396 1195 1598 1245 ἐκβαλεῖν.
1623 1207 1660 1239 15

272 1263 334 1303 καὶ
358 1262 433 1314 γάρ
459 1278 520 1302 τοι
544 1260 707 1314 πέμψας
725 1260 951 1302 Ἱππόνικον
970 1262 991 1300 ὁ
1016 1261 1224 1314 σύμμαχος
1249 1260 1380 1302 αὐτοῖς
1400 1262 1602 1303 Φίλιππος

273 1329 334 1369 καὶ
360 1327 494 1378 ξένους
513 1328 679 1381 χιλίους,
701 1329 750 1367 τὰ
774 1329 886 1381 τείχη
913 1332 1086 1380 περιεῖλε
1111 1331 1179 1368 τοῦ
1198 1330 1385 1380 Πορθμοῦ
1411 1327 1473 1367 καὶ
1497 1331 1602 1379 τρεῖς

273 1395 495 1446 κατέστησε
521 1394 746 1446 τυράννους,
760 1393 1001 1448 Ἵππαρχον,
1023 1394 1310 1446 Αὐτομέδοντα,
1335 1395 1599 1447 Κλείταρχον·

273 1462 335 1502 καὶ
359 1463 457 1512 μετὰ
476 1461 582 1501 ταῦτ’
602 1459 844 1512 ἐξελήλακεν
865 1463 906 1501 ἐκ
926 1463 995 1511 τῆς
1014 1461 1145 1514 χώρας
1164 1462 1222 1503 δὶς
1240 1461 1311 1511 ἤδη
1332 1460 1601 1512 βουλομένους

272 1527 476 1584 σῴζεσθαι,
503 1530 587 1567 τότε
612 1531 679 1579 μὲν
703 1530 853 1579 πέμψας
877 1529 961 1570 τοὺς
986 1529 1064 1579 μετ’
1084 1531 1301 1581 Εὐρυλόχου
1326 1531 1460 1576 ξένους,
1487 1530 1603 1568 πάλιν
1622 1543 1663 1565 20

270 1588 309 1627 δὲ
327 1589 410 1629 τοὺς
429 1590 521 1638 μετὰ
542 1589 811 1638 Παρμενίωνος.

339 1649 415 1689 Καὶ
444 1650 484 1689 τί
510 1652 570 1690 δεῖ
594 1651 642 1689 τὰ
669 1651 804 1689 πολλὰ
830 1649 986 1702 λέγειν,·
1024 1649 1116 1690 ἀλλ’
1143 1651 1185 1691 ἐν
1209 1650 1338 1705 Ὠρεῷ
1364 1651 1602 1700 Φιλιστίδης

270 1717 341 1767 μὲν
367 1715 534 1767 ἔπραττε
553 1716 742 1770 Φιλίππῳ
770 1716 832 1756 καὶ
849 1716 1059 1758 Μένιππος
1084 1717 1147 1757 καὶ
1168 1717 1377 1769 Σωκράτης
1402 1718 1464 1757 καὶ
1491 1717 1602 1758 Θόας

271 1783 333 1823 καὶ
351 1782 582 1834 Ἀγαπαῖος,
604 1783 715 1834 οἵπερ
740 1786 809 1823 νῦν
828 1782 970 1836 ἔχουσι
993 1800 1007 1822 7
1021 1783 1065 1834 ἦν
1090 1784 1209 1824 πόλιν
1226 1784 1303 1834 (καὶ
1327 1783 1433 1824 ταῦτ’
1452 1783 1602 1840 ᾔδεσαν

272 1846 469 1897 ἅπαντες),
509 1848 711 1901 Εὐφραῖος
746 1848 789 1889 δέ
823 1866 882 1891 τις
919 1849 1124 1901 ἄν’)ρωπος
1163 1851 1223 1890 καὶ
1259 1850 1349 1902 παρ’
1386 1851 1478 1901 ἡμῖν
1513 1849 1600 1890 ποτ’
1623 1864 1661 1896 25

274 1914 402 1956 ἐνθάδ’
428 1914 605 1965 οἰκήσας,
633 1917 738 1957 ὅπως
763 1916 962 1968 ἐλεύθεροι
988 1917 1050 1957 καὶ
1074 1917 1242 1968 μηδενὸς
1267 1920 1401 1957 δοῦλοι
1427 1917 1601 1957 ἔσονται.

274 1982 387 2023 οὗτος
411 1983 458 2021 τὰ
481 1984 553 2033 μὲν
578 1981 668 2022 ἄλλ’
695 1982 745 2023 ὡς
774 1983 957 2034 ὑβρίζετο
988 1984 1050 2023 καὶ
1079 1983 1408 2036 προυπηλακίζεθ’
1432 1983 1508 2024 ὑπὸ
1534 1985 1603 2023 τοῦ

275 2048 409 2100 δήμου,
437 2047 555 2089 πόλλ’
580 2047 629 2088 ἂν
654 2050 711 2098 εἴη
739 2048 886 2100 λέγειν·
924 2051 1085 2104 ἐνιαυτῷ
1116 2053 1158 2091 δὲ
1187 2051 1378 2103 πρότερον
1403 2052 1472 2100 τῆς
1497 2049 1600 2089 ἁλώ-

324 2167 337 2187 1
364 2158 556 2198 φρονοῦντες
580 2161 657 2196 post
680 2157 841 2189 Φιλίππου
864 2158 939 2189 add.
967 2159 1081 2197 vulg.:
1115 2170 1177 2190 om.
1207 2159 1292 2190 S¹L¹
1391 2160 1421 2191 οἱ
1442 2163 1522 2189 ante
1545 2161 1603 2190 τοῦ

276 2201 351 2232 add.
371 2200 415 2232 S:
442 2210 507 2231 om.
526 2200 552 2229 L
569 2200 657 2239 vulg.
770 2210 789 2230 2
822 2201 1053 2234 δουλεύσουσιν
1071 2202 1096 2233 F
1109 2202 1140 2232 Y
1155 2202 1185 2233 Ο
1202 2216 1207 2234 :
1233 2202 1451 2235 δουλεύσωσιν
1469 2202 1492 2232 S
1510 2201 1600 2241 vulg.

276 2255 296 2283 3
329 2244 493 2284 ἐξώλεσαν
516 2243 600 2274 SL:
633 2243 807 2275 ἀπώλεσαν
830 2243 920 2282 vulg.
1065 2256 1086 2284 9
1116 2246 1213 2285 μόνον
1239 2245 1262 2276 S
1277 2246 1325 2276 L:
1355 2245 1463 2285 μόνοις
1487 2245 1577 2283 vulg.
1596 2256 1603 2274 :

277 2287 337 2328 μὲν
347 2287 456 2317 Cobet
549 2297 586 2325 14
610 2291 688 2326 post
701 2285 736 2318 δὲ
747 2287 824 2318 add.
837 2287 879 2318 τὰ
894 2287 1000 2319 πάντα
1012 2288 1043 2318 Α
1059 2299 1065 2318 :
1090 2289 1166 2319 add.
1180 2289 1285 2321 πάντα
1297 2289 1384 2328 vulg.
1401 2300 1407 2320 :
1433 2298 1496 2318 om.
1515 2288 1550 2318 S¹
1565 2287 1603 2318 L¹

280 2340 318 2369 15
351 2330 528 2367 ἐκβάλλειν
553 2330 576 2360 S
602 2330 694 2360 solus
866 2332 905 2360 16
936 2333 952 2362 ὁ
977 2341 1042 2363 om.
1071 2332 1094 2362 S
1118 2332 1210 2363 solus
1332 2333 1382 2364 καὶ
1408 2332 1503 2373 φίλος
1528 2335 1603 2370 post

279 2373 449 2414 σύμμαχος
466 2373 541 2403 add.
562 2373 651 2412 vulg.
672 2385 679 2404 z
703 2383 766 2404 om.
789 2373 826 2404 Sl
839 2372 877 2403 L¹
989 2385 1093 2405 20-21
1121 2375 1198 2407 τότε
1218 2400 1224 2406 .
1243 2399 1250 2406 .
1273 2400 1279 2406 .
1299 2375 1518 2417 Παρμενίωνος
1534 2384 1599 2405 om.

280 2417 317 2447 Sl
330 2416 366 2447 Ll
384 2416 447 2447 soli
574 2427 615 2455 23
640 2416 826 2458 Σωκράτης]
845 2417 921 2448 sort.
940 2419 1167 2459 Σωσίστρατος
1182 2418 1275 2450 Weil
1401 2418 1442 2448 28
1465 2420 1523 2450 τοῦ
1539 2419 1604 2449 τῶν

279 2462 430 2502 Ὠρειτῶν
448 2465 523 2499 post
541 2461 641 2499 δήμου
657 2461 734 2490 add.
754 2460 842 2499 vulg.
860 2472 866 2491 ε
892 2471 956 2492 om.
977 2461 1000 2492 S
1015 2460 1054 2492 L¹
1066 2461 1096 2491 Y
