1763 2828
154 615 194 649 13

154 1077 195 1110 14

155 1411 194 1447 η

154 1804 196 1840 16

107 2060 194 2115 [70]

650 158 1137 196 ΔΗΜΟΣΘΕΝΟὙΣ
1492 152 1548 206 [η

227 263 312 305 ἀνθ’
337 264 444 314 ὑμῶν
469 264 532 304 καὶ
556 265 645 305 τότε
671 264 732 304 καὶ
766 266 834 303 νῦν
863 264 1042 314 αἱρεῖται.
1114 261 1158 301 οὐ
1193 263 1267 313 γὰρ
1301 261 1346 312 δὴ
1380 259 1550 312 τριήρεις

228 330 263 382 γ’
296 331 366 385 ὁρᾷ
398 331 556 371 πλείους
590 330 720 371 αὐτοῖς
750 326 771 379 ἢ
802 330 891 380 ὑμῖν
927 329 1060 370 οὕτως’
1097 327 1178 368 οὐδ’
1205 329 1247 368 ἐν
1279 333 1326 384 τῇ
1356 327 1549 381 μεσογείᾳ

226 397 298 438 τιν’
323 397 449 451 ἀρχὴν
476 399 622 449 εὕρηκε,
650 399 719 447 τῆς
743 396 776 436 δ’
797 397 861 437 ἐπὶ
886 401 934 452 τῇ
959 394 1135 450 θαλάττῃ
1162 394 1223 435 καὶ
1247 398 1325 435 τῶν
1351 395 1549 446 ἐμπορίων

226 464 466 517 ἀφέστηκεν·
502 463 581 504 οὐδ’
598 465 816 514 ἀμνημονεῖ
832 462 922 505 τοὺς
938 462 1083 514 λόγους
1099 462 1187 503 οὐδὲ
1206 463 1276 503 τὰς
1291 459 1547 515 ὑποσχέσεις,

225 531 290 584 ἐφ’
316 532 375 574 αἶς
400 533 468 581 τῆς
495 529 650 582 εἰρήνης
676 530 826 583 ἔτυχεν.

292 597 422 638 Ἀλλὰ
456 597 502 647 νὴ
538 597 620 643 Δί’,
656 598 759 637 εἴποι
792 613 850 639 τις
883 596 931 638 ἂν
965 596 1017 638 ὡς
1049 595 1178 637 πάντα
1210 594 1317 636 ταῦτ’
1351 594 1474 640 εἰδώς,
1505 594 1551 634 οὐ

225 663 458 714 πλεονεξίας
485 664 583 705 ἕνεκ’
610 663 689 704 οὐδ’
714 665 769 704 ὧν
795 664 872 715 ἐγὼ
899 667 1101 715 κατηγορῶ
1126 663 1215 703 τότε
1241 661 1345 702 ταῦτ’
1366 659 1548 714 ἔπραξεν,

224 731 331 772 ἀλλὰ
360 735 412 785 τῷ
447 731 668 782 δικαιότερα
699 730 790 772 τοὺς
816 731 1024 780 Θηβαίους
1048 727 1071 780 ἢ
1097 730 1194 780 ὑμᾶς
1226 728 1373 780 ἀξιοῦν.
1443 728 1550 768 ἀλλὰ

224 801 362 837 τοῦτον
390 798 451 838 καὶ
483 798 605 848 μόνον
629 796 786 838 πάντων
811 801 888 837 τῶν
915 797 1050 848 λόγων
1074 796 1141 836 οὐκ
1167 796 1322 837 ἔνεστιν
1353 794 1455 850 αὐτῷ
1481 797 1550 835 νῦν

225 865 363 904 εἰπεῖν·
398 864 419 903 ὁ
447 865 522 916 γὰρ
553 862 777 913 Μεσσήνην
809 864 1141 913 Λακεδαιμονίους
1169 862 1331 915 ἀφιέναι
1365 861 1548 910 κελεύων,

226 934 307 972 πῶς
332 929 378 970 ἂν
404 928 650 982 Ὀρχομενὸν
675 928 738 968 καὶ
760 928 986 980 Κορώνειαν
1011 929 1099 968 τότε
1126 929 1327 979 Θηβαίοις
1354 927 1549 980 παραδοὺς

225 1001 277 1051 τῷ
304 997 434 1037 δίκαια
458 995 630 1046 νομίζειν
655 994 762 1034 ταῦτ’
790 995 889 1035 εἶναι
914 994 1168 1045 πεποιηκέναι
1194 993 1414 1047 σκήψαιτος

292 1062 406 1103 Ἀλλ’
437 1061 609 1113 ἐβιάσθη
647 1061 692 1111 νὴ
726 1062 805 1101 Δία
831 1059 968 1113 (ταῦτα
1001 1061 1074 1113 γάρ
1109 1060 1194 1101 ἐσθ’
1223 1058 1458 1111 ὑπόλοιπον)
1488 1060 1550 1100 καὶ

226 1131 330 1181 παρὰ
369 1129 539 1181 γνώμην,
578 1132 656 1169 τῶν
693 1131 912 1168 Θετταλῶν
950 1127 1101 1168 ἱππέων
1141 1128 1202 1168 καὶ
1241 1131 1318 1168 τῶν
1355 1127 1551 1178 Θηβαίων

226 1197 399 1237 ὁπλιτῶν
440 1197 483 1236 ἐν
524 1195 632 1249 μέσῳ
675 1195 858 1246 ληφθείς,
903 1195 1160 1248 συνεχώρησε
1203 1198 1336 1234 ταῦτα.
1409 1197 1549 1235 καλῶς.

227 1262 365 1303 οὐκοῦν
382 1263 484 1314 φασὶ
503 1265 575 1313 μὲν
594 1261 759 1312 μέλλειν
779 1261 874 1313 πρὸς
893 1261 984 1303 τοὺς
1003 1262 1209 1312 Θηβαίους
1229 1260 1347 1302 αὐτὸν
1367 1260 1552 1302 ὑπόπτως

227 1330 348 1382 ἔχειν,
369 1331 430 1370 καὶ
446 1332 728 1381 λογοποιοῦσιν
744 1329 961 1380 περιιόντες
976 1331 1078 1370 τινὲς
1096 1328 1147 1370 ὡς
1164 1327 1376 1369 Ἐλάτειαν
1395 1331 1548 1380 τειχιεῖ.

228 1396 248 1435 ὁ
272 1398 453 1436 δὲταῦτα
471 1398 543 1447 μὲν
567 1395 708 1447 μέλλει
734 1395 795 1435 καὶ
823 1393 1020 1445 μελλήσει
1044 1394 1095 1446 γ’,
1123 1395 1174 1437 ὡς
1206 1396 1285 1447 ἐγὼ
1311 1396 1440 1446 κρίνω,
1469 1398 1552 1436 τοῖς

230 1463 479 1513 Μεσσηνίοις
508 1464 549 1502 δὲ
584 1463 647 1503 καὶ
678 1465 760 1503 τοῖς
785 1461 979 1513 Ἀργείοις
1011 1462 1074 1502 ἐπὶ
1103 1461 1193 1503 τοὺς
1219 1463 1550 1513 Λακεδαιμονίους

227 1528 531 1580 συλλαμβάνειν
565 1529 609 1568 οὐ
640 1527 793 1579 μέλλει,
829 1529 936 1568 ἀλλὰ
970 1528 1031 1568 καὶ
1067 1527 1201 1579 ξένους
1239 1528 1451 1580 εἰσπέμπει
1488 1528 1551 1569 καὶ

227 1594 392 1650 χρήματ’
417 1594 663 1636 ἀποστέλλει
688 1596 751 1635 καὶ
780 1595 943 1645 δύναμιν
975 1594 1154 1648 μεγάλην
1179 1595 1282 1649 ἔχων
1315 1595 1431 1637 αὐτός
1465 1597 1553 1636 ἐστι

227 1663 503 1714 προσδόκιμος.
564 1662 653 1703 τοὺς
684 1664 756 1712 μὲν
788 1663 904 1703 ὄντας
938 1661 1102 1715 ἐχθροὺς
1129 1663 1324 1713 Θηβαίων
1359 1665 1549 1703 Λακεδαι-

225 1730 384 1780 μονίους
417 1730 578 1781 ἀναιρεῖ,
615 1728 680 1770 οὓς
713 1727 745 1767 δ’
773 1729 983 1769 ἀπώλεσεν
1017 1728 1132 1770 αὐτὸς
1166 1729 1357 1781 πρότερον
1388 1728 1551 1771 Φωκέας

227 1799 294 1836 νῦν
331 1793 465 1851 σῴζει;
510 1796 573 1836 καὶ
607 1796 665 1837 τίς
697 1794 746 1835 ἂν
781 1799 901 1836 ταῦτα
936 1795 1208 1842 πιστεύσειεν;
1255 1797 1332 1848 ἐγὼ
1368 1798 1441 1847 μὲν
1477 1797 1552 1847 γὰρ

226 1862 294 1902 οὐκ
319 1862 367 1903 ἂν
391 1863 560 1915 ἡγοῦμαι
586 1862 804 1909 Φίλιππον,
833 1862 912 1902 οὔτ’
939 1864 972 1903 εἰ
997 1864 1044 1902 τὰ
1069 1867 1204 1915 πρῶτα
1236 1864 1420 1914 βιασθεὶς
1447 1862 1551 1903 ἄκων

227 1928 408 1981 ἔπραξεν,
436 1928 514 1970 οὔτ’
539 1930 587 1969 ἂν
621 1930 654 1969 εἷ
687 1933 755 1969 νῦν
788 1930 1064 1981 ἀπεγίγνωσκε
1092 1930 1311 1980 Θηβαίους,
1339 1933 1421 1972 τοῖς
1452 1931 1549 1970 ἐκεί-

226 2013 303 2036 νων
329 1998 487 2049 ἐχθροῖς
512 1999 690 2049 συνεχῶς
720 1997 1007 2046 ἐναντιοῦσθαι,
1036 1996 1128 2036 ἀλλ’
1155 1996 1223 2048 ἀφ’
1248 1998 1303 2037 ὧν
1333 2000 1401 2037 νῦν
1434 1999 1549 2042 ποιεῖ,

228 2062 372 2104 κάκεῖν’
398 2063 440 2103 ἐκ
464 2061 731 2115 προαιρέσεως
755 2063 874 2112 δῆλός
911 2064 996 2103 ἐστι
1031 2062 1213 2114 ποιήσας,
1245 2065 1286 2103 ἐκ
1312 2063 1471 2104 πάντων
1504 2062 1549 2108 δ’,

270 2182 289 2201 2
315 2173 411 2204 οὔσας
429 2171 452 2203 S
467 2170 523 2202 L¹:
551 2170 683 2203 ἐνούσας
699 2170 799 2210 vulg„
822 2170 862 2201 cs.
883 2171 902 2200 ii
923 2181 962 2200 22
1096 2171 1155 2211 μὲν
1178 2176 1254 2211 post
1273 2173 1306 2203 ἐν
1322 2172 1397 2203 add.
1416 2171 1506 2210 vulg.
1526 2171 1552 2202 L

227 2225 314 2246 corr.
346 2215 434 2253 (fort.
464 2213 553 2254 p1·.):
587 2224 651 2245 om.
679 2213 713 2245 S¹
878 2215 898 2244 8
930 2214 1109 2256 δικαιότερα
1135 2240 1140 2246 .
1169 2240 1174 2245 .
1203 2240 1209 2245 .
1235 2217 1313 2254 ὑμᾶς
1337 2216 1442 2255 ἀξιοῦν
1466 2214 1552 2246 SL:

228 2257 440 2299 δικαιοτέρους
465 2259 570 2299 ἀξιοῦν
594 2283 601 2290 .
630 2281 636 2288 .
659 2281 665 2287 .
692 2260 770 2296 ὑμᾶς
793 2257 880 2297 vulg.
1057 2259 1095 2288 18
1124 2271 1164 2299 ’γε
1188 2263 1265 2297 post
1288 2258 1449 2297 μελλήσει
1473 2258 1549 2289 add.

226 2301 338 2340 vulg:
378 2312 441 2332 om.
474 2301 497 2331 S
674 2311 716 2331 20
750 2300 995 2340 συλλαμβάνειν
1021 2301 1114 2332 Weil
1151 2302 1204 2341 (cf.
1237 2301 1342 2332 schol.
1373 2300 1549 2341 Aristoph.

229 2345 312 2375 Ach.
341 2345 439 2384 2053:
473 2344 678 2383 συμβάλλειν
710 2344 839 2375 SAY:
875 2344 1127 2381 συνεισβάλλειν
1151 2344 1239 2383 vulg.
1423 2355 1464 2375 22
1497 2344 1552 2376 οὖν

229 2393 305 2427 post
321 2388 381 2427 μὲν
397 2388 470 2418 add.
493 2389 584 2427 vulg.
601 2399 607 2417 :
632 2398 696 2419 om.
718 2388 741 2419 S
755 2387 791 2418 L¹
884 2398 924 2426 25
950 2390 1005 2420 οὐκ
1023 2390 1060 2420 ἂν
1085 2389 1222 2429 ἡγοῦμαι
1237 2388 1264 2418 Β
1278 2398 1380 2427 marg.
1397 2387 1437 2419 al.
1455 2399 1462 2418 :
1486 2387 1550 2419 οὐδ’

228 2432 266 2464 ἂν
279 2433 414 2473 ἡγοῦμαι
430 2433 452 2463 S
468 2434 574 2473 vulg:
606 2431 744 2472 ἡγοῦμαι
764 2432 819 2463 οὐκ
842 2431 879 2463 ἂν
899 2430 926 2461 Β
941 2430 965 2461 F

1569 546 1587 577 5

1574 876 1611 899 10

1573 1543 1613 1566 20
