1747 2844
129 538 145 569 5

111 869 149 891 10

112 1533 151 1556 20

114 1868 151 1899 25

168 146 287 199 xvlu}
483 151 623 187 ΠΕΡΙ
672 150 794 187 ΤΟΥ
842 150 1178 187 ΣΤΕΦΑΝΟΎ

235 254 368 304 Μυρία
401 254 531 293 τοίνυν
563 251 659 303 ἕτερ’
690 253 813 292 εἰπεῖν
844 251 948 304 ἔχων
981 250 1069 302 περὶ
1102 251 1219 291 αὐτοῦ
1251 252 1494 302 παραλείπω.

168 320 230 361 καὶ
260 321 333 371 γὰρ
364 320 460 359 οὕτω
492 336 572 361 πως
602 318 697 372 ἔχει.
770 317 890 358 πόλλ’
917 317 965 358 ἂν
997 317 1074 368 ἐγὼ
1106 316 1162 357 ἔτι
1191 317 1338 357 τούτων
1368 318 1499 370 ἔχοιμι

166 386 303 437 δεῖξαι,
325 388 379 427 ὧν
398 387 510 428 οὗτος
537 385 618 425 κατ’
639 385 809 426 ἐκείνους
836 384 925 426 τοὺς
953 384 1120 437 χρόνους
1146 387 1227 425 τοῖς
1251 386 1322 434 μὲν
1343 385 1499 437 ἐχθροῖς

168 455 381 505 ὑπηρετῶν,
404 453 489 503 ἐμοὶ
514 451 545 491 δ’
566 451 788 503 ἐπηρεάζων
817 450 970 502 εὑρέθη.
1033 450 1123 490 ἀλλ’
1145 450 1189 490 οὐ
1213 451 1360 491 τίθεται
1380 455 1500 490 ταῦτα

169 519 257 572 παρ’
282 521 371 571 ὑμῖν
397 521 451 561 εἰς
476 520 619 571 ἀκριβῆ
644 516 799 568 μνήμην
826 517 905 557 οὐδ’
933 516 981 567 ἢν
1009 520 1208 568 προσῆκεν
1234 516 1367 570 ὀργήν,
1395 518 1500 558 ἀλλὰ

168 586 351 628 δεδώκατ’
381 586 461 626 ἔθει
492 585 568 625 τινὶ
601 584 741 638 φαύλῳ
777 583 933 634 πολλὴν
967 583 1152 634 ἐξουσίαν
1182 588 1234 638 τῷ
1266 584 1499 638 βουλομένῳ

169 654 235 694 τὸν
259 651 431 704 λέγοντά
455 668 492 692 τι
516 656 593 691 τῶν
617 652 706 702 ὑμῖν
727 651 1015 703 συμφερόντων
1040 651 1315 700 ὑποσκελίζειν
1342 652 1403 692 καὶ
1429 668 1497 692 συ-

170 723 394 772 κοφαντεῖν,
429 721 497 769 τῆς
528 718 593 759 ἐπὶ
625 721 708 760 ταῖς
743 719 958 769 λοιδορίαις
994 718 1136 769 ἡδονῆς
1171 718 1232 758 καὶ
1264 717 1425 771 χάριτος
1458 717 1500 758 τὸ

168 789 236 837 τῆς
256 787 409 827 πόλεως
429 784 634 837 συμφέρον
654 785 1029 835 ἀνταλλαττόμενοι·
1067 786 1200 837 διόπερ
1218 785 1313 839 ῥᾷόν
1332 786 1420 825 ἐστι
1441 785 1501 825 καὶ

169 851 476 905 ἀσφαλέστερον
511 852 570 893 ἀεὶ
602 855 683 893 τοῖς
718 853 873 904 ἐχθροῖς
915 853 1180 904 ὑπηρετοῦντα
1212 854 1445 904 μισθαρνεῖν
1478 848 1500 902 ἦ

169 920 241 971 τὴν
265 921 361 971 ὑπὲρ
385 920 492 970 ὑμῶν
517 919 707 970 ἑλόμενον
732 917 843 969 τάξιν
872 920 1163 959 πολιτεύεσθαι.

239 986 315 1026 Καὶ
338 985 382 1026 τὸ
407 988 478 1035 μὲν
499 985 544 1035 δὴ
570 985 643 1037 πρὸ
663 989 731 1025 τοῦ
751 989 940 1036 πολεμεῖν
965 989 1145 1038 φανερῶς
1165 985 1501 1038 συναγωνίζεσθαι

172 1054 359 1107 Φιλίππῳ
386 1052 513 1092 δεινὸν
545 1051 628 1103 μέν,
656 1050 684 1091 ὦ
711 1055 759 1104 γῆ
788 1054 850 1093 καὶ
880 1053 974 1098 θεοί,
1004 1057 1083 1094 πῶς
1113 1054 1186 1104 γὰρ
1212 1053 1274 1099 οὕ,·
1314 1054 1410 1092 κατὰ
1434 1054 1502 1102 τῆς

172 1120 369 1171 πατρίδος·
407 1120 493 1159 δότε
512 1118 556 1165 δ’,
576 1120 609 1159 εἰ
625 1119 839 1169 βούλεσθε,
864 1119 942 1159 δότ’
960 1119 1060 1174 αὐτῷ
1081 1122 1207 1159 τοῦτο.
1261 1118 1351 1159 ἀλλ’
1369 1118 1501 1168 ἐπειδὴ

172 1189 351 1238 φανερῶς
387 1185 459 1236 ἤδη
496 1187 543 1225 τὰ
579 1185 686 1226 πλοῖ’
725 1187 964 1236 ἐσεσύλητο,
1002 1187 1252 1238 Χερρόνησος
1286 1186 1500 1236 ἐπορθεῖτο,

173 1253 236 1293 ἐπὶ
260 1251 331 1302 τὴν
352 1251 534 1302 Ἀττικὴν
560 1252 756 1304 ἐπορεύεθ’
778 1253 997 1305 ἄνθρωπος,
1026 1252 1150 1293 οὐκέτ’
1176 1254 1218 1293 ἐν
1243 1253 1500 1304 ἀμφισβητη-

172 1320 274 1373 σίμῳ
307 1321 355 1359 τὰ
388 1318 583 1371 πράγματ’
613 1318 672 1369 ἦν,
707 1319 797 1360 ἀλλ’
837 1319 1058 1370 ἐνειστήκει
1091 1320 1275 1370 πόλεμος,
1311 1319 1332 1358 ὅ
1364 1335 1401 1359 τι
1433 1321 1503 1369 μὲν

172 1386 320 1427 πώποτ’
348 1384 486 1438 ἔπραξ’
514 1388 610 1438 ὑπὲρ
635 1388 740 1437 ὑμῶν
770 1388 789 1426 ὁ
815 1386 1020 1437 βάσκανος
1052 1386 1163 1428 οὗτος
1197 1385 1501 1437 ἰαμβειοφάγος,

171 1454 238 1494 οὐκ
274 1453 322 1494 ἂν
359 1454 445 1506 ἔχοι
481 1453 616 1504 δεῖξαι,
659 1453 738 1493 οὐδ’
777 1454 888 1494 ἔστιν
926 1454 1013 1494 οὔτε
1049 1454 1182 1504 μεῖζον
1225 1452 1303 1492 οὔτ’
1340 1452 1504 1492 ἔλαττον

170 1519 351 1573 ψήφισμ’
385 1521 495 1562 οὐδὲν
527 1522 699 1577 Αἰσχίνῃ
741 1521 827 1573 περὶ
864 1524 940 1560 τῶν
975 1521 1260 1572 συμφερόντων
1292 1525 1339 1576 τῇ
1375 1520 1502 1559 πόλει.

172 1589 204 1628 εἰ
234 1587 276 1628 δέ
306 1593 422 1640 φησι,
450 1591 518 1628 νῦν
543 1586 704 1637 δειξάτω
736 1590 777 1628 ἐν
801 1592 854 1642 τῷ
885 1589 963 1642 ἐμῷ
990 1588 1113 1627 ὕδατι.
1184 1586 1276 1626 ἀλλ’
1303 1585 1369 1625 οὐκ
1395 1586 1505 1626 ἔστιν

172 1654 297 1695 οὐδέν.
370 1656 494 1695 καίτοι
529 1659 634 1696 δυοῖν
663 1655 781 1696 αὐτὸν
817 1654 968 1706 ἀνάγκη
1004 1654 1180 1705 θάτερον,
1215 1650 1237 1703 ἦ
1270 1655 1392 1704 μηδὲν
1424 1656 1505 1694 τοῖς

174 1721 454 1773 πραττομένοις
492 1722 554 1763 ὑπ’
596 1725 688 1774 ἐμοῦ
729 1722 807 1763 τότ’
852 1721 982 1775 ἔχοντ’
1024 1722 1206 1774 ἐγκαλεῖν
1244 1720 1294 1771 μὴ
1335 1719 1504 1772 γράφειν

173 1791 277 1840 παρὰ
305 1789 413 1830 ταῦθ’
439 1790 564 1842 ἕτερα,
593 1787 615 1840 ἢ
646 1791 690 1831 τὸ
719 1794 796 1831 τῶν
823 1791 977 1843 ἐχθρῶν
1009 1787 1213 1841 συμφέρον
1240 1788 1424 1837 ζητοῦντα
1452 1786 1503 1837 μὴ

173 1855 310 1907 φέρειν
335 1857 390 1899 εἰς
414 1856 538 1908 μέσον
562 1859 610 1897 τὰ
634 1858 782 1899 τούτων
808 1858 965 1908 ἀμείνω.

233 1921 322 1975 ςΑρ’
353 1923 420 1964 οὖν
453 1924 532 1965 οὐδ’
566 1925 717 1978 ἔλεγεν,
753 1925 888 1977 ὥσπερ
923 1924 1000 1965 οὐδ’
1033 1922 1219 1975 ἔγραφεν,
1252 1920 1351 1972 ἡνίκ’
1385 1919 1499 1972 ἐργά-

174 1991 327 2031 σασθαί
348 2008 386 2031 τι
409 1991 491 2032 δέοι
516 1993 652 2039 κακόν,·
691 1993 735 2033 οὐ
760 1994 832 2044 μὲν
859 1992 927 2033 οὖν
952 1991 999 2042 ἦν
1025 1992 1148 2031 εἰπεῖν
1175 1987 1306 2042 ἑτέρῳ.
1371 1988 1433 2027 καὶ
1457 1988 1504 2026 τὰ

172 2058 244 2106 μὲν
269 2057 375 2098 ἄλλα
405 2059 466 2099 καὶ
492 2058 629 2111 φέρειν
655 2059 818 2106 ἐδύναθ’,
847 2060 897 2102 ὡς
930 2059 1068 2105 ἔοικεν,
1097 2057 1118 2107 ἡ
1149 2056 1265 2097 πόλις
1296 2055 1357 2094 καὶ
1382 2057 1505 2094 ποιῶν

173 2123 285 2166 οὗτος
326 2125 550 2166 λανθάνειν·
603 2126 644 2166 ἓν
682 2125 715 2165 δ’
757 2125 1067 2178 ἐπεξειργάσατ’,
1110 2123 1247 2174 ἄνδρες
1287 2121 1503 2171 Ἀθηναῖοι,

221 2244 233 2264 1
261 2234 356 2277 ἕτερα
372 2258 380 2266 .
399 2259 404 2266 .
425 2259 431 2266 .
454 2238 551 2268 αὐτοῦ
568 2246 631 2267 om.
649 2235 691 2274 (Σ
828 2247 848 2266 2
872 2239 927 2268 νῦν
944 2241 1021 2275 post
1040 2235 1102 2275 ἐγὼ
1120 2234 1194 2264 add.
1217 2233 1304 2272 vulg.
1325 2243 1331 2262 ε
1356 2241 1421 2262 om.
1441 2231 1464 2261 S
1479 2231 1504 2260 L

179 2287 215 2307 12
239 2282 380 2320 φανερῶς
397 2279 462 2310 del.
483 2279 616 2310 Dobree
753 2281 790 2310 16
814 2279 971 2321 ἅνθρωπος
990 2279 1015 2309 F
1028 2278 1077 2316 Q:
1103 2280 1119 2308 ὁ
1137 2278 1210 2309 ἆνῒς
1229 2277 1254 2307 L
1270 2287 1276 2306 ε
1302 2277 1460 2317 ἅνθρωπος
1479 2273 1504 2305 S

175 2322 263 2360 vulg.
380 2323 418 2352 18
435 2323 668 2363 ἰαμβειοφάγος
683 2323 706 2353 S
719 2336 768 2363 -γρ,
785 2323 903 2353 Ltext.
923 2323 948 2352 F
961 2332 1074 2360 marg..
1093 2321 1255 2360 Hermog.
1274 2331 1279 2351 :
1300 2317 1502 2358 ἶαμβοφάγος

177 2364 284 2403 Etym.
301 2365 347 2396 M.
363 2377 368 2396 :
389 2366 636 2407 ιάμβειογράφος
653 2367 676 2397 S
690 2367 777 2405 vulg.
795 2377 801 2396 :
819 2366 1039 2406 ἱαμβο-γράφος
1052 2365 1082 2394 Α
1194 2374 1231 2394 21
1253 2366 1286 2395 ἐν
1299 2363 1330 2393 Α
1346 2372 1352 2392 1
1371 2363 1420 2394 ἐπὶ
1436 2362 1459 2392 S
1476 2361 1501 2391 1⁴

176 2408 410 2482 259ιλξνέ9άνειν
428 2409 483 2440 S¹t
512 2410 683 2441 ἐλάνθανεν
708 2415 784 2440 cett.
919 2409 940 2440 ὦ
960 2413 1037 2438 ante
1061 2409 1169 2445 ἄνδρες
1194 2407 1269 2438 add.
1291 2406 1380 2444 vulg.
1404 2417 1409 2436 :
1435 2416 1499 2437 om.

250 2462 262 2481 t

1527 149 1640 203 [273]

1532 259 1596 300 133

1536 999 1600 1033 139

1535 1117 1647 1172 [274]

1536 1933 1604 1967 140
