1731 2844
157 129 217 184 111]
565 133 982 172 ΟΛΎΝΘΙΑΚΟΣ
1031 135 1060 171 Γ
1508 131 1593 188 [38]

158 236 373 291 σχολάζειν
403 237 464 277 καὶ
496 239 670 290 ἀπορεῖν,
702 238 762 278 ὅτι
793 237 826 277 δ’
860 239 895 278 οἱ
928 241 996 277 τοῦ
1029 240 1154 278 δεῖνος
1187 241 1325 277 νικῶσι
1357 236 1474 287 ξένοι,

155 307 273 344 ταῦτα
311 303 588 345 πυνθάνεσθαι·
638 308 757 344 ταῦτα
795 305 868 356 γὰρ
907 304 990 345 νυνὶ
1029 305 1217 356 γίγνεται.
1290 303 1351 343 καὶ
1391 303 1478 356 οὐχὶ
1510 308 1584 352 36·

154 369 360 423 μέμφομαι
384 370 453 411 τὸν
473 369 657 411 ποιοῦντά
680 387 718 410 τι
742 374 819 410 τῶν
839 371 1008 411 δεόντων
1026 371 1123 421 ὑπὲρ
1147 371 1265 421 ὑμῶν,
1287 370 1392 410 ἀλλὰ
1419 369 1480 409 καὶ

156 438 252 488 ὑμᾶς
282 437 376 487 ὑπὲρ
405 438 511 488 ὑμῶν
536 437 660 477 αὐτῶν
686 435 780 487 ἀξιῶ
812 435 996 488 πράττειν
1021 436 1125 476 ταῦτ’
1151 436 1216 489 ἐφ’
1241 437 1299 478 οἷς
1328 435 1481 488 ἑτέρους

117 520 133 551 5
155 506 303 554 τιμᾶτε,
327 503 387 543 καὶ
411 503 463 554 μὴ
489 506 751 557 παραχωρεῖν,
774 501 804 542 ὦ
829 502 966 555 ἄνδρες
992 502 1205 553 Ἀθηναῖοι,
1228 504 1295 553 τῆς
1319 501 1478 553 τάξεως,

154 568 202 619 ἣν
234 570 322 619 ὑμῖν
357 571 392 609 οἱ
429 570 614 621 πρόγονοι
649 571 718 619 τῆς
754 570 893 621 ἀρετῆς
928 571 1026 620 μετὰ
1060 573 1223 610 πολλῶν
1257 569 1318 609 καὶ
1352 573 1481 609 καλῶν

157 635 341 676 κινδύνων
368 635 604 687 κτησάμενοι
630 635 854 677 κατέλιπον.

222 701 371 754 Σχεδὸν
396 701 520 756 εἴρηχ’
541 703 565 742 ἃ
590 703 732 753 νομίζω
759 701 991 754 συμφέρειν·
1029 702 1138 753 ὑμεῖς
1165 701 1197 741 ’δ’
1217 701 1370 743 ἕλοισθ’
1398 702 1420 741 ὅ
1444 718 1481 741 τι

158 768 219 808 καὶ
241 774 291 822 τῇ
315 768 430 809 πόλει
456 768 518 809 καὶ
543 767 670 809 ἅπασι
696 770 897 810 συνοίσειν
922 770 1010 818 ὑμῖν
1034 768 1186 820 μέλλει.
1512 766 1602 821 [39]

225 896 263 928 In
281 896 306 928 S
322 897 549 938 subscriptum

684 945 947 975 ΟΛΎΝΘΙΑΚΟΣ
974 947 995 975 Γ

717 990 740 1016 Η
761 990 785 1016 H
805 991 829 1017 H
849 992 874 1017 Δ
893 992 919 1017 Δ
937 992 963 1017 Π

1326 2443 1343 2473 et:

197 2451 380 2481 DEMOSTH„
401 2453 476 2474 VOL.
498 2455 518 2474 1.
