1731 2844
173 132 262 184 vm}
378 137 519 172 ΠΕΡΙ
569 136 695 172 ΤΩΝ
747 136 823 172 EN
873 136 1276 173 ΧΕΡΡΟΝΗΣΩΙ

170 234 356 286 εἰώθατε),
385 237 592 289 πράγματα
623 237 654 277 δ’
680 237 780 291 αὐτῷ
811 240 1046 289 παρασχεῖν,
1077 236 1125 276 ἂν
1157 236 1287 288 καιρὸν
1317 236 1483 287 λάβητε,

170 305 292 344 πλείω
317 308 393 344 τῶν
418 304 552 345 ἄλλων
576 304 791 356 ἀνθρώπων
816 302 1000 343 ἁπάντων
1024 302 1256 352 δυνήσεσθε.

234 369 308 413 Ὠς
346 371 413 411 οὖν
450 372 545 422 ὑπὲρ
584 374 660 411 τῶν
697 369 881 423 ἐσχάτων
923 371 1035 411 ὄντος
1073 373 1141 409 τοῦ
1183 370 1347 421 ἀγῶνος,
1389 371 1485 410 οὕτω

168 436 356 489 προσήκει
393 437 640 489 γιγνώσκειν,
677 437 736 476 καὶ
772 436 861 478 τοὺς
896 436 1142 488 πεπρακότας
1178 436 1315 478 αὑτοὺς
1352 437 1486 491 ἐκείνῳ

129 522 147 553 5
166 507 299 554 μισεῖν
325 504 678 554 κάποτυμπανίσαι·
716 502 759 542 οὐ
778 504 852 554 γὰρ
872 502 993 548 ἔστιν,
1022 502 1089 542 οὐκ
1119 502 1205 542 ἔστι
1229 506 1306 542 τῶν
1326 501 1398 552 ἔξω
1418 505 1487 553 τῆς

168 570 320 611 πόλεως
350 572 502 623 ἐχθρῶν
530 571 734 621 κρατῆσαι,
770 570 860 620 πρὶν
894 568 941 609 ἂν
975 568 1064 611 τοὺς
1096 570 1138 608 ἐν
1169 569 1264 624 αὐτῇ
1294 569 1340 624 τῇ
1371 569 1486 609 πόλει

167 635 356 685 κολάσητ’
384 635 559 688 ἐχθρούς.
630 636 751 676 πόθεν
781 636 914 676 οἴεσθε
943 639 1010 676 νῦν
1040 634 1158 675 αὐτὸν
1186 635 1360 685 ὑβρίζειν
1389 636 1485 686 ὑμᾶς

164 701 290 751 (οὐδὲν
318 703 391 754 γὰρ
421 700 512 742 ἄλλ’
541 701 675 754 ἔμοιγε
706 705 815 742 δοκεῖ
840 705 966 742 ποιεῖν
995 698 1018 751 ἢ
1049 697 1178 750 τοῦτο)
1206 701 1267 741 καὶ
1297 701 1387 743 τοὺς
1414 703 1485 752 μὲν

165 767 312 809 ἄλλους
327 767 368 808 εὖ
383 771 579 813 ποιοῦντα,
597 769 632 808 εἰ
649 769 770 819 μηδὲν
785 767 901 813 ἄλλο,
921 767 1132 818 ἐξαπατᾶν,
1149 768 1239 818 ὑμῖν
1259 767 1290 807 δ’
1308 768 1486 809 ἀπειλεῖν

108 852 147 873 10
165 833 256 883 ἤδη,·
299 835 380 874 οῖον
417 833 643 875 Θετταλοὺς
680 835 812 874 πολλὰ
848 834 936 876 δοὺς
969 833 1185 885 ὑπηγάγετ’
1221 835 1276 875 εἷς
1311 833 1382 883 τὴν
1418 837 1485 875 νῦν

163 903 367 951 παροῦσαν
396 901 590 940 δουλείαν·
627 899 706 940 οὐδ’
735 898 785 940 ἂν
812 901 936 940 εἰπεῖν
967 899 1111 940 δύναιτ’
1137 899 1261 941 οὐδεὶς
1290 901 1367 939 ὅσα
1396 900 1485 942 τοὺς

164 966 434 1017 ταλαιπώρους
450 965 680 1008 Ὀλυνθίους
696 967 885 1017 πρότερον
902 966 989 1008 δοὺς
1007 967 1245 1006 Ποτείδαιαν
1261 963 1484 1016 ἐξηπάτησε

167 1031 229 1072 καὶ
253 1032 371 1072 πόλλ’
390 1033 515 1084 ἕτερα·
555 1033 762 1082 Θηβαίους
786 1036 852 1073 νῦν
878 1032 1020 1084 ὑπάγει
1043 1032 1115 1082 τὴν
1134 1033 1327 1072 Βοιωτίαν
1352 1032 1484 1074 αὐτοῖς

165 1098 360 1149 παραδοὺς
380 1099 441 1138 καὶ
460 1097 693 1148 ἀπαλλάξας
708 1098 882 1149 πολέμου
898 1102 1051 1139 πολλοῦ
1072 1099 1133 1138 καὶ
1152 1102 1343 1152 χαλεποῦ·
1380 1098 1484 1140 ὥστε

106 1182 143 1213 15
166 1163 472 1216 καρπωσάμενοί
499 1164 572 1204 τιν’
601 1165 761 1205 ἕκαστοι
792 1165 940 1205 τούτων
971 1163 1208 1214 πλεονεξίαν
1241 1167 1275 1205 οἱ
1307 1166 1379 1215 μὲν
1411 1164 1484 1215 ἤδη

164 1231 410 1271 πεπόνθασιν
447 1230 471 1270 ἃ
505 1230 551 1280 δὴ
590 1230 730 1273 πάντες
764 1232 915 1276 ἴσασιν,
951 1232 987 1271 οἱ
1022 1230 1055 1271 δ’
1088 1232 1183 1272 ὅταν
1217 1232 1313 1271 ποτὲ
1348 1235 1485 1287 συμβῇ

164 1298 383 1337 πείσονται.
453 1298 560 1347 ὑμεῖς
589 1296 622 1336 δ’
651 1298 704 1337 ῶν
734 1299 805 1347 μὲν
830 1297 1176 1348 ’θ’ἀπεστέρησθεᾹ·
1202 1300 1353 1337 σιωπῶ·
1390 1295 1482 1337 ἀλλ’

164 1364 207 1403 ἐν
247 1364 350 1417 αὐτῷ
392 1367 444 1417 τῷ
486 1363 556 1412 τὴν
598 1362 755 1415 εἰρήνην
790 1362 1048 1413 ποιήσασθαι,
1088 1363 1181 1404 πόσ’
1220 1362 1482 1413 ἐξηπάτησθε,

163 1430 299 1469 πόσων
331 1428 617 1481 ἀπεστέρησθε.
688 1429 777 1483 οὐχὶ
806 1429 982 1476 Φωκέας,
1014 1429 1059 1469 οὐ
1088 1430 1238 1475 Πύλας,
1270 1429 1358 1481 οὐχὶ
1390 1429 1483 1469 τάπὶ

105 1512 144 1534 20
164 1493 335 1551 Θρᾴκης,
370 1497 580 1547 Δορίσκον,
612 1494 785 1547 Σέρριον,
820 1496 889 1536 τὸν
920 1495 1235 1548 Κερσοβλέπτην
1266 1495 1401 1541 αὐτόν;
1441 1494 1484 1535 οὐ

163 1565 231 1603 νῦν
259 1561 329 1612 τὴν
359 1563 477 1602 πόλιν
509 1562 579 1612 τὴν
611 1565 839 1614 Καρδιανῶν
868 1564 954 1616 ἔχει
986 1563 1048 1603 καὶ
1081 1563 1288 1613 ὁμολογεῖ;
1327 1562 1367 1602 τί
1396 1560 1483 1602 ποτ’

162 1628 230 1669 οὖν
268 1630 424 1670 ἐκείνως
460 1632 544 1671 τοῖς
583 1628 723 1670 ἄλλοις
765 1629 827 1669 καὶ
868 1628 911 1669 οὐ
952 1628 1021 1669 τὸν
1057 1628 1175 1670 αὐτὸν
1213 1629 1358 1680 τρόπον
1393 1628 1484 1678 ὑμῖν

163 1694 451 1747 προσφέρεται,·
488 1696 548 1736 ὅτι
580 1697 623 1736 ἐν
654 1696 753 1751 μόνῃ
782 1699 859 1736 τῶν
888 1699 1029 1736 πασῶν
1058 1696 1216 1736 πόλεων
1245 1695 1292 1751 τῇ
1319 1693 1485 1748 ὑμετέρᾳ

205 1813 225 1842 3
249 1803 357 1842 ὄντος]
381 1803 535 1843 ἐσομένου
555 1814 577 1834 x
599 1804 640 1843 63
774 1805 856 1836 οὕτω
878 1803 1031 1845 προσήκει
1053 1803 1083 1834 Α
1098 1803 1128 1833 Y
1147 1809 1180 1834 et
1197 1814 1218 1833 Χ
1235 1804 1299 1842 63:
1326 1805 1485 1844 προσῆκεν

163 1848 244 1879 οὕτω
274 1846 448 1878 SL10F:
485 1848 637 1888 προσήκει
666 1848 747 1879 οὕτω
778 1847 820 1877 al.
1001 1857 1017 1886 7
1054 1846 1182 1887 ἐχθρούς
1216 1846 1313 1876 S¹L=
1354 1847 1483 1886 ἐχθροὺς

163 1892 393 1931 ὑπηρετοῦντας
419 1890 528 1930 ἐκείνῳ
552 1890 611 1929 (cf.
636 1891 670 1920 ix
694 1892 764 1929 53),
786 1891 860 1922 ἀλλ’
881 1890 1005 1931 ἀνάγκη
1029 1889 1154 1922 τούτοις
1180 1891 1285 1930 ὥσπερ
1311 1889 1483 1930 προβόλοις

163 1934 419 1974 προσπταίοντας
441 1933 614 1975 ὑστερίζειν
637 1934 765 1965 ἐκείνων
786 1934 874 1973 vulg.
1011 1934 1054 1965 εἰς
1076 1937 1156 1963 ante
1178 1935 1255 1972 ὑμᾶς
1276 1933 1351 1963 add.
1371 1931 1482 1970 vulg.:

162 1986 225 2006 om.
245 1977 268 2007 S
281 1976 306 2006 L
319 1975 349 2006 A
362 1976 389 2006 B
402 1976 443 2014 Y,
462 1977 502 2007 cs.
523 1987 543 2006 Χ
562 1987 601 2015 24
739 1988 777 2007 10
802 1976 989 2018 ὑπηγάγετο
1006 1975 1094 2016 vulg.
1115 1981 1149 2007 et
1166 1986 1187 2006 Χ
1204 1977 1245 2014 64
1262 1986 1268 2006 :
1298 1974 1483 2015 ἐπηγάγετο

164 2019 187 2049 S
202 2019 237 2049 L¹
256 2019 330 2057 soli,
347 2019 389 2050 cf.
408 2030 428 2049 v
448 2031 486 2050 10
658 2029 696 2050 12
722 2021 909 2052 Ποτείδαιαν
925 2019 1005 2051 secl.
1025 2019 1205 2050 Wecklein
1372 2028 1408 2057 13
1432 2019 1483 2049 καὶ

163 2061 260 2094 πόλλ’
293 2062 387 2103 ἕτερα
418 2063 497 2094 secl.
529 2062 709 2094 Wecklein
908 2065 946 2094 16
984 2063 1102 2095 πάντες
1134 2061 1259 2101 ἴσασιν]
1289 2060 1483 2092 πεπόνθασιν

164 2115 184 2134 Χ
209 2106 251 2144 65
278 2106 302 2136 S
464 2107 542 2138 ὅταν
570 2106 675 2137 SLA
705 2107 762 2146 (cf.
794 2107 873 2137 xxiv
904 2109 1002 2146 1755:
1041 2107 1057 2138 ὅ
1084 2120 1114 2138 τι
1145 2107 1182 2138 ἄν
1210 2104 1299 2144 vulg.
1330 2109 1363 2134 et
1392 2114 1411 2133 x
1440 2105 1482 2142 65

167 2158 202 2186 17
236 2148 472 2190 ἀπεστέρησθε]
505 2150 552 2179 sic
584 2150 683 2180 etiam
715 2161 735 2180 x
763 2151 825 2188 65:
861 2149 904 2181 ὧν
933 2149 993 2190 μὲν
1024 2148 1244 2189 ἀπεστέρησθε
1276 2146 1354 2178 τέως
1387 2151 1481 2184 (mox

163 2191 282 2222 deletis
297 2192 405 2224 πόσων
422 2194 552 2224 ἀπεστ.)
570 2193 705 2223 Dobree
720 2204 725 2223 z
751 2192 794 2224 ὧν
810 2193 868 2230 μὲν
885 2192 1166 2234 προαπεστέρησθε
1186 2190 1269 2221 coni.
1286 2190 1391 2221 Weil.
1408 2201 1413 2219 ι
1440 2189 1482 2221 ὧν

162 2233 221 2273 μὲν
237 2235 462 2276 ἀπεστερεΐσθε
483 2235 590 2266 Blass.
632 2236 688 2274 At,
708 2236 770 2266 nisi
788 2236 893 2272 fallor,
907 2246 1023 2266 verum
1043 2235 1237 2265 vocabulum
1256 2234 1384 2273 expulit
1402 2233 1480 2263 illud

163 2287 206 2306 ex
222 2279 442 2316 sequentibus
461 2279 639 2317 repetitum
658 2278 875 2319 ἀπεστέρησθε
890 2290 896 2309 ;
923 2278 1111 2309 huiusmodi
1129 2282 1220 2308 certe
1238 2275 1361 2316 aliquid
1378 2285 1480 2306 sensu

163 2320 323 2359 exigitur,
341 2323 348 2336 ‘
362 2331 447 2360 quae
464 2322 495 2351 vi
514 2326 547 2351 et
564 2322 664 2351 armis
679 2321 757 2352 olim
776 2326 874 2361 capta
890 2322 986 2352 sunt’
1136 2330 1175 2350 22
1201 2320 1341 2360 ἐκείνως]
1362 2321 1479 2351 ἐκεῖνος

163 2363 201 2393 al.
223 2368 256 2394 et
273 2373 294 2393 x
310 2365 353 2394 66
369 2364 455 2403 vulg.

1516 135 1623 189 [104]

1516 375 1556 410 61
