1763 2828
82 127 192 182 [353]

81 497 193 553 [354]

148 848 188 882 41

648 128 1132 167 ΔΙΙΜΟΣΘΕΝΟΎΣ
1458 125 1544 179 [nx

225 232 393 284 στολήν,
417 233 465 284 ἢν
489 232 710 286 ἠνέγκαμεν
739 233 863 284 ἡμεῖς,
891 234 951 273 ὅτι
976 236 985 251 ‘
1003 234 1179 286 ἔγραφον
1210 233 1243 273 δ’
1269 233 1316 275 ἂν
1348 235 1409 275 καὶ
1438 238 1543 286 διαρ-

224 298 344 351 ρήδην
368 300 478 354 ἡλίχ’
498 303 597 351 ὑμᾶς
622 301 663 341 εὖ
689 299 856 351 ποιήσω,
879 301 912 341 εἰ
936 300 978 340 εὖ
1001 299 1110 356 ᾔδειν
1135 301 1196 341 καὶ
1220 300 1292 351 τὴν
1317 302 1547 354 συμμαχίαν

223 384 290 418 μοι
309 367 610 419 γενησομένην,’
629 370 836 420 γεγονυίας
856 370 922 417 τῆς
943 369 1169 420 συμμαχίας
1190 368 1234 408 οὔ
1254 373 1382 419 φησιν
1402 367 1547 408 εἰδέναι

224 435 264 474 τί
293 433 340 474 ἂν
372 438 494 475 ποιῶν
527 435 751 488 χαρίσαιτο,
778 434 858 475 οὐδ’
884 434 904 474 ὃ
930 434 1042 476 αὐτὸς
1075 434 1288 488 ὑπέσχετο·
1326 438 1442 474 τοῦτο
1472 436 1546 486 γὰρ

223 500 308 556 ᾔδει
339 502 536 551 δηλονότι,
566 503 675 553 εἴπερ
706 500 758 552 μὴ
790 501 1032 553 ἐφενάκιζεν.
1105 502 1212 541 ἀλλὰ
1243 501 1320 551 μὴν
1350 501 1410 541 ὅτι
1439 501 1546 540 ταῦθ’

223 568 322 607 οὕτω
342 567 423 607 τότ’
439 568 606 620 ἔγραψε,
623 567 719 620 λέγε
736 584 803 619 μοι
820 569 961 619 λαβὼν
978 569 1020 608 ἐκ
1036 570 1104 618 τῆς
1126 567 1316 620 προτέρας
1333 569 1548 618 ἐπιστολῆς

223 633 316 674 αὐτὸ
342 638 468 681 τοῦτο,
498 634 667 676 ἐνθένδε.
737 635 844 687 λέγε.

723 752 770 780 ΕΞ
802 753 1046 782 ΕΠΙΣΤΟΛΗΣ.

290 832 445 873 Οὐκοῦν
470 833 562 884 πρὶν
586 835 660 884 μὲν
684 831 838 884 εἰρήνης
863 837 1009 886 τυχεῖν,
1037 835 1069 874 εἰ
1097 834 1158 874 καὶ
1189 834 1393 886 συμμαχία
1423 850 1546 885 προσ-

223 898 366 950 γένοιτ’
387 899 501 954 αὐτῷ,
523 899 696 951 γράψειν
717 899 911 951 ὡμολόγει
936 900 1053 950 ἡλίκα
1076 900 1148 949 τὴν
1174 901 1293 940 πόλιν
1312 900 1353 940 εὗ
1373 900 1545 951 ποιήσει·

223 965 355 1016 ἐπειδὴ
390 966 422 1006 δ’
453 966 644 1018 ἀμφότερ’
670 966 772 1021 αὐτῷ
805 966 985 1018 γέγονεν,
1012 967 1080 1006 οὐκ
1115 966 1260 1007 εἰδέναι
1294 967 1398 1018 φησὶ
1429 967 1468 1006 τί
1499 966 1547 1007 ἂν

223 1036 345 1073 ποιῶν
378 1034 602 1085 χαρίσαιτο,
629 1033 678 1074 ἂν
707 1033 740 1073 δ’
773 1034 880 1083 ὑμεῖς
914 1032 1070 1084 λέγητε,
1097 1032 1280 1083 ποιήσειν
1315 1032 1334 1072 ὃ
1366 1031 1455 1083 μήτ’
1488 1034 1545 1073 αἰ-

223 1099 376 1152 σχύνην
401 1098 489 1150 μήτ’
513 1099 676 1150 ἀδοξίαν
702 1099 802 1154 αὐτῷ
831 1099 957 1151 φέρει,
979 1101 1034 1141 εἰς
1059 1101 1201 1142 ταύτας
1226 1101 1296 1142 τὰς
1321 1099 1546 1151 προφάσεις

224 1166 494 1219 καταφεύγων,
523 1165 594 1207 κᾶν
620 1166 680 1219 ἄρ’
707 1166 842 1216 εἴπητέ
874 1183 911 1207 τι
941 1167 1002 1206 καὶ
1032 1165 1252 1220 προαχθῆθ’
1277 1167 1387 1217 ὑμεῖς
1420 1167 1541 1218 ἐπαγ-

223 1234 448 1284 γείλασθαι,
475 1234 732 1287 ἀναχώρησιν
756 1236 879 1288 ἑαυτῷ
906 1235 1165 1274 καταλείπων.

289 1302 425 1340 Ταῦτα
449 1301 579 1340 τοίνυν
607 1300 668 1340 καὶ
694 1299 814 1340 πόλλ’
834 1299 933 1351 ἕτερ’
952 1301 1044 1350 ἐνῆν
1069 1302 1307 1353 παραχρῆμα
1331 1299 1411 1339 τότ’
1433 1300 1545 1341 εὐθὺς

223 1365 453 1420 ἐξελέγχειν
474 1367 536 1407 καὶ
556 1366 756 1407 διδάσκειν
774 1367 872 1417 ὑμᾶς
898 1368 961 1407 καὶ
986 1366 1037 1417 μὴ
1057 1365 1250 1419 προέσθαι
1276 1368 1323 1406 τέι
1348 1366 1544 1419 πράγματ’

223 1435 303 1479 ἐᾶν,
333 1434 366 1473 εἰ
398 1433 450 1483 μὴ
477 1434 656 1474 Θεσπιαὶ
690 1433 751 1473 καὶ
778 1434 978 1474 Πλαταιαὶ
1010 1434 1072 1474 καὶ
1100 1433 1144 1473 τὸ
1171 1434 1378 1484 Θηβαίους
1406 1432 1544 1473 αὐτίκα

222 1499 267 1549 δὴ
287 1499 396 1549 μάλα
412 1500 555 1541 δώσειν
575 1502 685 1550 δίκην
704 1501 895 1552 ἀφείλετο
915 1500 986 1550 τὴν
1005 1499 1205 1550 ἀλήθειαν.
1267 1501 1391 1540 καίτοι
1409 1503 1540 1546 ταῦτα,

223 1567 256 1606 εἰ
279 1568 351 1617 μὲν
377 1567 542 1607 ἀκοῦσαι
566 1569 639 1617 μὲν
663 1567 742 1607 ἔδει
767 1569 1054 1619 φενακισθῆναι
1086 1568 1126 1606 δὲ
1156 1566 1226 1616 τὴν
1260 1567 1391 1611 πόλιν,
1419 1567 1544 1617 ὀρθῶς

221 1632 397 1685 ἐλέγετο,
431 1635 463 1673 εἰ
496 1635 537 1673 δὲ
571 1636 796 1686 πραχθῆναι
827 1637 879 1687 τῷ
916 1635 1012 1680 ὄντι,
1045 1636 1275 1673 σιωπᾶσθαι
1308 1632 1541 1684 συνέφερεν.

222 1701 255 1740 εἰ
287 1701 360 1750 μὲν
392 1702 467 1752 γὰρ
499 1700 650 1740 ἐνταῦθ’
677 1699 724 1750 ἦν
753 1699 823 1750 ἤδη
855 1701 903 1739 τὰ
933 1699 1129 1752 πράγμαθ’
1155 1700 1258 1740 ὥστε
1290 1699 1380 1751 μηδ’
1405 1700 1543 1739 αἰσθο-

220 1766 353 1816 μένοις
377 1771 460 1808 τοῖς
486 1768 686 1817 Θηβαίοις
710 1765 835 1807 πλέον
861 1766 960 1807 εἶναι
986 1766 1117 1816 μηδέν,
1145 1767 1185 1806 τί
1212 1766 1256 1806 οὐ
1285 1765 1469 1818 γέγονεν;
1509 1767 1543 1806 εἰ

221 1835 261 1874 δὲ
287 1835 392 1885 παρὰ
416 1833 460 1873 τὸ
486 1832 779 1885 προαισθέσθαι
800 1833 1024 1879 κεκώλυται,
1053 1834 1110 1874 τίς
1137 1834 1156 1872 ὁ
1183 1832 1429 1883 ἐκλαλήσας;
1469 1832 1543 1885 οὐχ

220 1900 350 1947 οὗτος;
387 1900 476 1940 ἀλλ’
502 1899 582 1940 οὔτ’
609 1901 776 1951 ἔμελλεν
801 1899 880 1940 οὔτ’
906 1899 1107 1951 ἐβουλήθη
1134 1899 1239 1940 ταῦτ’
1265 1899 1344 1940 οὐδ’
1370 1899 1542 1950 ἤλπισεν

219 1967 343 2013 οὗτος,
372 1968 476 2008 ὥστε
500 1971 569 2007 τοῦ
593 1967 630 2020 γ’
655 1966 968 2017 ἐκλελαληκέναι
991 1966 1079 2017 μηδ’
1106 1968 1233 2007 αἰτίαν
1259 1966 1396 2020 ἐχέτω·
1435 1967 1543 2006 ἀλλὰ

263 2086 281 2105 2
305 2076 410 2117 ἡλίχ’]
430 2076 524 2114 ἡνίκα
542 2076 565 2107 S
578 2076 605 2106 L
622 2086 704 2107 corr.
725 2086 774 2115 pr.
793 2086 835 2107 m.
989 2086 1007 2113 5
1033 2078 1109 2114 ὑμᾶς
1127 2080 1202 2114 post
1220 2074 1405 2115 ἐφενάκιζεν
1421 2075 1496 2106 add.
1516 2075 1541 2105 L

218 2120 305 2158 vulg.
325 2131 332 2150 ε
355 2130 419 2151 om.
442 2120 502 2150 SY
634 2121 655 2149 6
679 2121 761 2151 οὕτω
776 2119 844 2159 <vel
861 2118 931 2160 -ως>
951 2119 1066 2149 SAO:
1093 2118 1186 2151 οὗτος
1200 2118 1296 2157 LFQ
1386 2118 1456 2150 τότ’
1475 2129 1540 2150 om.

220 2163 286 2193 FO
299 2163 328 2201 Q
420 2166 455 2196 ἐκ
479 2161 553 2203 τῆς]
572 2163 694 2201 ἐκείνης
709 2162 742 2194 51
859 2172 897 2192 12
922 2164 938 2194 ὒ
958 2163 980 2193 S
994 2162 1118 2192 LAY:
1143 2163 1162 2194 ἃ
1179 2162 1266 2201 vulg.
1391 2172 1427 2201 13
1452 2162 1540 2202 φέροι

218 2206 327 2237 Cobet
507 2216 610 2246 14-15
634 2208 693 2239 κᾶν
710 2231 717 2238 .
735 2230 742 2237 .
763 2230 770 2237 .
792 2207 994 2238 καταλείπων
1013 2207 1035 2236 S
1053 2206 1165 2236 solus:
1196 2207 1255 2237 κᾶν
1271 2229 1277 2235 .
1299 2230 1306 2236 .
1324 2229 1331 2236 .
1351 2206 1540 2237 καταλείπει

217 2250 306 2289 vulg.
325 2261 330 2281 :
355 2252 407 2282 ἵνα
423 2252 482 2283 κᾶν
498 2275 505 2281 .
527 2275 533 2281 .
554 2275 560 2281 .
582 2251 760 2290 καταλείπῃ
782 2249 847 2279 LA
860 2250 883 2280 S
899 2263 949 2290 Ὑρ.
1078 2259 1115 2287 17
1140 2249 1291 2289 προέσθαι
1310 2251 1352 2280 S:
1377 2249 1540 2290 προίεσθαι

220 2293 246 2323 L
269 2293 360 2332 vulg.
496 2303 537 2324 20
573 2295 704 2326 ἀκοῦσαι
729 2293 787 2332 μὲν
812 2293 874 2324 ἔδει
899 2295 1127 2333 φενακισθῆναι
1151 2292 1185 2325 δὲ
1211 2294 1234 2323 S
1259 2292 1370 2323 solus:
1407 2293 1540 2323 ἀκοῦσαι

216 2337 325 2375 μόνον,
344 2339 572 2377 φενακισθῆναι
593 2336 628 2369 δὲ
647 2336 697 2367 A:
736 2338 866 2368 ἀκοῦσαι
889 2336 986 2373 μόνον
1007 2337 1068 2368 ἔδει
1088 2337 1139 2368 καὶ
1160 2337 1388 2376 φενακισθῆναι
1407 2335 1433 2365 L
1449 2334 1536 2374 vulg.

219 2382 242 2410 5
259 2394 309 2421 γρ.
330 2381 442 2454 (ξένον
459 2392 503 2412 ex
519 2380 580 2420 μὲν
596 2381 719 2411 factum
738 2380 777 2411 cs.
798 2379 841 2409 vii
870 2389 921 2418 31,
942 2381 1022 2409 xxiv
1043 2381 1113 2419 176)
1234 2389 1274 2418 25
1300 2378 1364 2411 οὐδ’
1383 2378 1540 2409 Bekker:

217 2423 282 2456 οὔτ’
300 2433 338 2454 co
389 2448 394 2455 .

1570 919 1608 941 10

1565 1584 1604 1605 20
