1763 2828
103 126 218 181 [448]

99 501 218 556 [449]

151 834 218 879 536

149 1374 215 1410 337

679 123 1164 161 ΔΗΜΟΣΘΕΝΟΎΣ
1352 144 1356 147 -
1490 118 1579 174 [x1x

252 231 327 280 γαρ
349 228 461 276 οὐδὲν
488 228 689 268 τοσούτων
715 228 776 268 καὶ
801 226 1042 278 τηλικούτων
1060 228 1184 267 ὄντων
1210 228 1273 267 διὰ
1296 227 1385 269 τοὺς
1411 244 1578 279 στρατη-

250 295 342 346 γοὺς
380 295 575 341 ἀπώλετο,
609 294 689 334 οὐδ’
725 296 767 335 ἐν
799 300 847 351 τῇ
879 293 1010 350 εἰρήνῃ
1049 296 1307 347 συγχωρηθὲν
1339 293 1582 335 πεισθέντων

251 363 356 412 ὑμῶν
393 361 478 414 ἔχει
508 362 725 408 Φίλιππος,
760 363 867 402 ἀλλὰ
902 362 964 401 διὰ
998 361 1156 403 τούτους
1189 361 1376 401 ἀπόλωλε
1412 360 1475 400 καὶ
1510 360 1582 412 τὴν

249 428 396 469 τούτων
422 430 673 479 δωροδοκίαν.
746 428 793 468 ἷιν
818 429 948 468 τοίνυν
974 431 1093 468 ταῦτα
1116 429 1188 478 μὲν
1214 427 1356 483 φεύγῃ,
1383 432 1516 482 πλανᾷ
1539 429 1582 469 δὲ

250 496 314 535 καὶ
362 495 488 536 πάντα
534 498 693 546 μᾶλλον
734 495 848 551 λέγῃ,
893 496 1050 536 ἐκείνως
1094 493 1211 534 αὐτὸν
1253 493 1436 547 δέχεσθε.
1510 496 1521 512 ‘
1537 493 1582 534 οὐ
1602 514 1620 545 5

251 566 458 615 στρατηγῷ
485 561 703 612 δικάζομεν,
730 562 774 601 οὐ
799 562 887 613 περὶ
911 562 1059 602 τούτων
1086 562 1217 612 κρίνει.
1276 560 1328 611 μὴ
1353 559 1439 612 λέγ’
1465 562 1501 602 εἴ
1522 577 1582 603 τις

251 629 373 670 αἴτιός
403 630 490 668 ἐστι
521 629 583 668 καὶ
613 628 738 670 ἄλλος
767 631 834 668 τοῦ
860 628 1032 668 Φωκέων
1059 627 1236 680 ὀλέθρου,
1265 626 1356 667 ἀλλ’
1382 627 1432 668 ὡς
1461 627 1507 668 οὐ
1532 626 1582 667 σὺ

250 696 371 736 α’ίτιος
396 694 538 745 δεῖξον.
599 696 639 735 τί
661 696 741 740 οὗν,
769 696 805 735 εἴ
828 712 866 734 τι
893 695 1153 745 Δημοσθένης
1178 694 1313 745 ἠδίκει,
1340 697 1408 735 νῦν
1432 693 1579 745 λέγεις,

249 760 339 801 ἀλλ’
359 761 433 815 οὐχ
451 762 515 802 ὅτε
539 763 608 803 τὰς
634 761 796 803 εὐθύνας
822 762 949 802 ἐδίδου
975 762 1222 813 κατηγόρεις;
1262 760 1309 800 δι’
1328 759 1423 800 αὐτὸ
1448 761 1522 812 γὰρ
1548 760 1586 801 εἶ

249 827 350 867 τοῦτ’
377 827 632 868 ἀπολωλέναι
664 829 825 870 δίκαιος.
895 827 949 878 μὴ
978 827 1065 879 λέγ’
1093 827 1143 869 ὡς
1171 827 1292 868 καλὸν
1319 826 1464 878 εἰρήνη,
1491 826 1580 877 μηδ’
1605 843 1644 866 10

249 894 302 936 ὡς
330 894 547 947 συμφέρον·
586 895 712 937 οὐδεὶς
743 896 817 947 γὰρ
851 895 1025 934 αἰτιᾶταί
1055 910 1104 934 σε
1134 897 1202 933 τοῦ
1234 892 1478 944 ποιήσασθαι
1510 892 1581 943 τὴν

250 961 368 1001 πόλιν
401 960 570 1012 εἰρήνην·
609 961 701 1002 ἀλλ’
737 961 787 1003 ὡς
821 960 889 1001 οὐκ
922 961 1072 1014 αἰσχρὰ
1105 960 1169 1001 καὶ
1201 961 1482 1006 ἐπονείδιστος,
1518 959 1580 1000 καὶ

249 1027 368 1068 πόλλ’
387 1028 555 1079 ὕστερον
578 1026 867 1079 ἐξηπατήμεθα,
891 1027 953 1067 καὶ
978 1026 1091 1068 πάντ’
1110 1027 1305 1074 ἀπώλετο,
1326 1029 1448 1067 ταῦτα
1469 1025 1578 1078 λέγε.

248 1095 394 1135 τούτων
426 1096 500 1146 γὰρ
535 1094 720 1135 ἁπάντων
754 1095 847 1145 ἡμῖν
879 1096 1003 1136 αἴτιος
1037 1094 1086 1134 σὺ
1118 1093 1297 1144 δέδειξαι.
1371 1092 1433 1133 καὶ
1463 1093 1504 1133 τί
1533 1092 1578 1143 δὴ

246 1160 366 1214 μέχρι
397 1162 482 1202 νυνὶ
514 1161 582 1202 τὸν
612 1163 660 1202 τὰ
693 1165 854 1202 τοιαῦτα
888 1159 1114 1211 πεποιηκότ’
1143 1161 1337 1206 ἐπαινεῖς,·
1355 1158 1365 1173 ’
1402 1158 1450 1200 ἂν
1479 1160 1579 1200 οὕτω
1603 1177 1639 1210 15

248 1227 464 1279 φυλάττητ’
484 1228 615 1278 αὐτόν,
639 1228 712 1282 οὐχ
737 1227 816 1278 ἕξει
842 1228 882 1268 τί
903 1227 1016 1284 λέγῃ,
1044 1228 1150 1268 ἀλλὰ
1173 1226 1243 1277 τὴν
1267 1226 1401 1268 ἄλλως
1427 1225 1580 1267 ἐνταῦθ’

249 1296 388 1346 ἐπαρεῖ
408 1294 478 1344 τὴν
506 1295 644 1347 φωνὴν
670 1296 733 1336 καὶ
758 1295 1084 1346 πεφωνασκηκὼς
1109 1294 1233 1335 ἔσται.

316 1362 454 1401 Καίτοι
482 1362 543 1402 καὶ
569 1362 657 1413 περὶ
675 1365 744 1413 τῆς
765 1364 900 1413 φωνῆς
919 1363 1017 1404 ἴσως
1035 1362 1160 1402 εἰπεῖν
1179 1359 1345 1413 ἀνάγκη·
1383 1358 1484 1401 πάνυ
1504 1361 1578 1412 γὰρ

245 1427 346 1479 μέγα
373 1428 434 1467 καὶ
461 1428 525 1468 ἐπὶ
549 1429 670 1484 ταύτῃ
696 1432 859 1481 φρονεῖν
885 1428 1004 1468 αὐτὸν
1028 1428 1168 1473 ἀκούω,
1197 1427 1248 1469 ὡς
1274 1427 1575 1478 καθυποκρινού-

245 1511 363 1545 μενον
380 1495 489 1545 ὑμᾶς.
542 1495 629 1545 ἐμοὶ
648 1497 691 1537 δὲ
707 1494 848 1536 δοκεῖτ’
866 1495 1117 1536 ἀτοπώτατον
1133 1493 1318 1535 ἁπάντων
1335 1493 1383 1534 ἂν
1400 1495 1575 1544 ποιῆσαι,
1601 1510 1640 1532 20

247 1562 293 1607 εἶ,
320 1562 385 1601 ὅτε
413 1563 485 1611 μὲν
514 1562 563 1601 τὰ
590 1560 773 1602 Θυέστου
804 1562 867 1602 καὶ
896 1565 972 1601 τῶν
998 1561 1062 1601 ἐπὶ
1087 1562 1211 1614 Τροίᾳ
1240 1559 1323 1600 κάκ’
1349 1560 1573 1612 ἠγωνίζετο,

247 1626 482 1678 ἐξεβάλλετ’
504 1627 620 1668 αὐτὸν
648 1628 710 1668 καὶ
733 1626 992 1680 ἐξεσυρίττετ’
1010 1628 1053 1668 ἐκ
1079 1631 1156 1668 τῶν
1175 1626 1350 1679 θεάτρων
1370 1626 1432 1667 καὶ
1455 1626 1578 1677 μόνον

246 1692 292 1734 οὐ
324 1693 546 1735 κατελεύεθ’
579 1696 703 1736 οὕτως
736 1694 841 1736 ὥστε
872 1697 1117 1735 τελευτῶντα
1147 1697 1216 1734 τοῦ
1251 1696 1576 1745 τριταγωνιστεῖν

247 1761 480 1811 ἀποστῆναι,
504 1761 637 1811 ἐπειδὴ
664 1760 694 1801 δ’
715 1761 781 1801 οὐκ
807 1763 871 1802 ἐπὶ
889 1763 958 1811 τῆς
979 1763 1139 1811 σκηνῆς,
1161 1759 1252 1801 ἀλλ’
1270 1761 1315 1801 ἐν
1332 1764 1415 1801 τοῖς
1435 1763 1578 1801 κοινοῖς

248 1828 309 1868 καὶ
336 1828 542 1879 μεγίστοις
571 1830 640 1878 τῆς
669 1828 826 1870 πόλεως
857 1827 1064 1880 πράγμασι
1092 1826 1199 1879 μυρί’
1231 1828 1437 1879 εἴργασται
1466 1825 1574 1873 κακά,
1598 1843 1637 1876 ²5

245 1894 441 1943 τηνικαῦθ’
484 1894 535 1936 ὡς
579 1894 701 1935 καλὸν
745 1894 1006 1949 φθεγγομένῳ
1054 1893 1307 1948 προσέχοιτε.
1376 1896 1574 1945 μηδαμῶς·

245 1963 366 2010 μηδὲν
407 1962 516 2011 ὑμεῖς
559 1961 779 2014 ἀβέλτερον
822 1961 985 2012 πάθητε,
1028 1962 1136 2002 ἀλλὰ
1175 1960 1378 2013 λογίζεσθ’
1419 1960 1479 2001 ὅτι
1519 1962 1579 2000 δεῖ

246 2026 390 2079 κήρυκα
414 2030 486 2078 μὲν
511 2027 559 2069 ἂν
586 2028 827 2078 δοκιμάζητε,
851 2029 1030 2081 εὔφωνον
1055 2031 1234 2073 σκοπεῖν,
1256 2025 1509 2079 πρεσβευτὴν
1535 2029 1576 2067 δὲ

246 2094 310 2134 καὶ
340 2098 418 2135 τῶν
451 2098 590 2135 κοινῶν
624 2094 808 2145 ἀξιοῦντά
839 2111 877 2135 τι
910 2094 1095 2147 πράττειν
1125 2095 1276 2135 δίκαιον
1310 2094 1372 2134 καὶ
1405 2092 1576 2146 φρόνημ’

288 2214 307 2234 2
339 2204 404 2237 οὐδ’
431 2207 465 2237 ἐν
489 2205 702 2236 SLABO:
736 2204 828 2237 οὐδὲν
853 2205 920 2244 FQ
1021 2204 1094 2238 οὐδὲ
1117 2210 1199 2236 ante
1222 2204 1420 2238 πεισθέντων
1442 2204 1518 2235 add.
1544 2203 1574 2234 A

246 2258 263 2287 7
289 2249 328 2280 σὺ
345 2251 445 2281 αἴτιος
463 2249 529 2280 SA
546 2261 552 2280 :
578 2249 740 2281 συναίτιος
758 2249 784 2278 L
801 2259 807 2278 ε
833 2249 873 2280 σὺ
891 2249 1050 2281 συναίτιος
1066 2248 1155 2288 vulg.
1290 2250 1311 2278 8
1336 2249 1367 2280 εῖ
1379 2253 1456 2287 post
1473 2249 1574 2279 αἴτιος

247 2292 312 2330 (vel
340 2292 515 2331 συναίτιος)
542 2293 617 2325 add.
652 2293 678 2324 L
692 2291 758 2330 FQ
770 2291 800 2322 Y
813 2291 864 2323 O:
900 2302 965 2323 om.
994 2291 1060 2323 SA
1252 2302 1291 2322 10
1324 2292 1343 2329 ἡ
1370 2291 1477 2332 εἰρήνη
1506 2289 1574 2321 LA

249 2345 260 2365 1
272 2345 282 2365 1
310 2338 439 2373 ποιῆσαι
456 2335 487 2364 Α
614 2345 654 2375 19
678 2333 982 2376 καθυποκρινόμενον
997 2335 1028 2366 Α
1155 2335 1198 2366 28
1221 2337 1364 2375 εὔφωνον
1379 2334 1404 2365 S
1418 2333 1444 2365 L
1459 2332 1548 2373 vulg.
1567 2344 1574 2363 :

245 2379 274 2410 εἴ
290 2381 428 2419 εὔφωνος
447 2377 474 2408 Ρ
489 2378 532 2410 al.
