1763 2828
155 157 232 212 [15]

185 543 230 569 22

175 2145 216 2181 Q

689 161 1172 198 ΔΙΙΜΟΣΘΕΝΟΎΣ
1560 155 1589 209 [1

262 279 358 303 ποτε
382 266 522 303 τοῦτον
548 264 709 309 ἐκεῖνος,
738 265 771 303 εἰ
801 267 991 314 πολεμεῖν
1016 262 1120 318 ᾠήθη
1152 262 1310 313 δεήσειν
1339 262 1470 309 αὐτόν,
1498 263 1590 304 ἀλλ’

263 329 313 371 ὡς
347 330 468 370 ἐπιὼν
499 329 654 370 ἅπαντα
687 330 767 370 τότ’
801 330 940 380 ἤλπιζε
972 332 1021 370 τὰ
1054 330 1250 382 πράγματ’
1285 329 1589 382 ἀναιρήσεσθαι,

263 395 359 451 κᾷτα
392 387 670 449 ὃιέψευσταιῖζί
711 400 825 437 τοῦτο
859 397 903 446 δὴ
934 401 1090 449 πρῶτον
1122 396 1239 437 αὐτὸν
1269 396 1453 449 ταράττει
1484 394 1590 449 παρὰ

260 463 420 515 γνώμην
446 463 697 515 γεγοι)ὸς“καὶ
723 464 880 514 πολλὴν
906 464 1072 514 ἀθυμίαν
1097 463 1200 518 αὐτῷ
1227 463 1404 517 παρέχει,
1432 463 1517 504 εἶτα
1540 465 1589 503 τὰ

259 533 337 570 τῶν
358 532 588 571 Θετταλῶν.
648 534 769 570 ταῦτα
793 532 868 582 γὰρ
888 530 1036 571 ἄπιστα
1061 532 1132 581 μὲν
1158 529 1204 580 ἧν
1229 529 1354 580 δήπου
1379 531 1501 582 φύσει
1527 530 1589 570 καὶ

260 597 319 637 ἀεὶ
357 599 478 637 πᾶσιν
513 597 745 649 ἀνθρώποις,
782 598 917 653 κομιδῇ
954 597 1000 643 δ’,
1035 597 1169 650 ὥσπερ
1202 596 1261 647 ἦν,
1299 597 1360 637 καὶ
1397 596 1485 637 ἔστι
1520 600 1589 638 νῦν

258 663 394 718 τούτῳ.
450 663 512 704 καὶ
530 665 605 716 γὰρ
622 666 820 716 Παγασὰς
839 665 1018 705 ἀπαιτεῖν
1039 664 1157 704 αὐτόν
1176 666 1278 705 εἰσιν
1299 662 1586 716 ἐψηφισμένοι,

260 730 321 770 καὶ
362 732 605 782 Μαγνησίαν
648 731 893 771 κεκωλύκασι
936 731 1135 784 τειχίζειν.
1207 730 1348 781 ἤκουον
1389 730 1422 770 δ’
1462 730 1589 782 ἔγωγέ

257 813 386 843 τινων,
424 797 475 840 ὡς
508 797 596 838 οὐδὲ
628 798 718 840 τοὺς
753 797 917 849 λιμένας
954 798 1016 838 καὶ
1048 800 1117 839 τὰς
1151 799 1297 850 ἀγορὰς
1330 798 1387 838 ἔτι
1419 798 1588 838 δώσοιεν

257 863 358 918 αὐτῷ
390 866 646 916 καρποῦσθαι·
683 866 731 904 τὰ
761 866 834 917 γὰρ
866 867 977 905 κοινὰ
1006 866 1055 905 τὰ
1085 868 1303 906 Θετταλῶν
1332 864 1410 905 ἀπὸ
1439 864 1588 905 τούτων

257 929 337 970 δέοι
366 933 538 977 διοικεῖν,
566 931 611 971 οὐ
636 933 841 972 Φίλιππον
871 930 1108 982 λαμβάνειν.
1181 933 1216 972 εἰ
1245 934 1285 972 δὲ
1314 931 1462 972 τούτων
1487 932 1584 971 ἀπο-

258 996 496 1049 στερήσεται
520 1001 597 1039 τῶν
622 997 849 1051 χρημάτων,
871 999 927 1040 εἷς
952 998 1093 1038 στενὸν
1114 1001 1252 1055 κομιδῇ
1276 1000 1325 1038 τὰ
1349 1000 1418 1048 τῆς
1436 1000 1587 1051 τροφῆς

255 1067 337 1106 τοῖς
366 1063 492 1115 ξένοις
522 1065 625 1119 αὐτῷ
652 1063 957 1115 καταστήσεται.
1030 1066 1137 1105 ἀλλὰ
1165 1065 1244 1116 μὴν
1267 1066 1336 1105 τόν
1358 1082 1406 1117 γε
1431 1065 1587 1106 Παίονα

256 1132 318 1172 καὶ
343 1131 413 1172 τὸν
437 1131 635 1183 Ἰλλυριὸν
662 1132 723 1172 καὶ
748 1133 884 1174 ἁπλῶς
908 1132 1067 1174 τούτους
1097 1132 1273 1174 ἅπαντας
1296 1132 1481 1184 ἡγεῖσθαι
1509 1131 1585 1184 χρὴ

256 1197 495 1249 αὐτονόμους
530 1198 640 1248 ἥδιον
672 1198 721 1238 ἂν
755 1200 817 1239 καὶ
854 1198 1084 1251 ἐλευθέρους
1117 1196 1140 1249 ἢ
1174 1200 1338 1240 δούλους
1372 1198 1484 1239 εἶναι·
1525 1199 1587 1239 καὶ

254 1266 330 1316 γὰρ
346 1264 479 1315 ἀήθεις
494 1268 562 1305 τοῦ
583 1266 811 1306 κατακούειν
830 1266 935 1307 τινός
956 1267 1048 1311 εἷο-ι,
1072 1265 1133 1305 καὶ
1153 1266 1359 1317 ἅνθρωπος
1376 1264 1584 1318 ὑβριστής,

254 1331 305 1373 ὥς
342 1337 483 1384 φασιν.
556 1333 619 1373 καὶ
653 1333 708 1383 μὰ
746 1332 815 1373 Δί’
849 1332 962 1373 οὐδὲν
997 1332 1169 1374 ἄπιστον
1205 1333 1315 1374 ἴσως·
1352 1331 1396 1372 τὸ
1432 1333 1507 1384 γὰρ
1545 1332 1586 1373 εὗ

253 1397 440 1450 πράττειν
472 1401 577 1451 παρὰ
609 1399 680 1450 τὴν
713 1397 827 1449 ἀξίαν
859 1399 1022 1451 ἀφορμὴ
1052 1403 1120 1439 τοῦ
1154 1403 1278 1441 κακῶς
1311 1402 1474 1451 φρονεῖν
1504 1401 1586 1440 τοῖς

253 1465 434 1517 ἀνοήτοις
453 1467 643 1518 γίγνεται·
681 1467 816 1518 διόπερ
836 1465 1031 1508 πολλάκις
1051 1468 1159 1506 δοκεῖ
1175 1465 1220 1506 τὸ
1238 1464 1413 1518 φυλάξαι
1432 1466 1586 1517 τάγαθὰ

252 1536 320 1573 τοῦ
340 1532 564 1583 κτήσασθαι
583 1533 866 1587 χαλεπώτερον
883 1533 996 1574 εἶναι.
1050 1535 1110 1573 δεῖ
1125 1533 1256 1573 τοίνυν
1272 1534 1382 1583 ὑμᾶς,
1402 1529 1431 1571 ὦ
1447 1531 1586 1585 ἄνδρες

253 1598 470 1650 Ἀθηναῖοι,
496 1599 566 1650 τὴν
597 1601 777 1652 ἀκαιρίαν
806 1600 877 1650 τὴν
908 1601 1059 1640 ἐκείνου
1090 1599 1224 1652 καιρὸν
1254 1598 1444 1652 ὑμέτερον
1472 1600 1582 1649 νομί-

252 1683 400 1709 σαντας
429 1667 594 1718 ἑτοίμως
623 1666 871 1720 συνάρασθαι
895 1668 944 1708 τὰ
968 1666 1192 1720 πράγματα,
1221 1667 1284 1707 καὶ
1308 1664 1581 1718 πρεσβευομέ-

250 1750 339 1775 νους
365 1733 429 1786 ἐφ’
455 1733 479 1773 ἃ
504 1736 564 1775 δεῖ
588 1735 649 1775 καὶ
675 1734 1009 1786 στρατευομένους
1034 1734 1174 1775 αὐτοὺς
1206 1734 1267 1774 καὶ
1291 1732 1584 1785 παροξύνοντας

250 1800 341 1842 τοὺς
366 1800 514 1842 ἄλλους
539 1801 728 1848 ἅπαντας,
750 1800 1043 1854 λογιζομένους,
1066 1802 1099 1841 εἰ
1119 1802 1321 1842 Φίλιππος
1345 1799 1470 1851 λάβοι
1497 1799 1582 1840 καθ’

250 1867 359 1918 ἡμῶν
387 1871 567 1909 τοιοῦτον
597 1868 733 1920 καιρὸν
764 1869 827 1909 καὶ
856 1869 1030 1919 πόλεμος
1060 1866 1216 1920 γένοιτο
1250 1866 1346 1921 πρὸς
1378 1867 1423 1922 τῇ
1457 1867 1579 1920 χώρᾳ,

250 1938 332 1976 πῶς
368 1934 416 1975 ἂν
453 1935 573 1976 αὐτὸν
605 1935 731 1976 οἴεσθ’
770 1937 935 1987 ἑτοίμως
971 1934 1036 1988 ἐφ’
1072 1935 1173 1985 ὑμᾶς
1210 1936 1360 1980 ἐλθεῖν;
1410 1933 1479 1974 εἶτ’
1514 1932 1582 1973 οὐκ

250 2002 506 2055 αἰσχύνεσθε,
535 2003 568 2043 εἰ
598 2001 687 2053 μηδ’
714 2003 738 2042 δι
767 2001 922 2042 πάθοιτ’
949 2001 1009 2047 ἄν,
1039 2003 1072 2042 εἰ
1101 2001 1246 2042 δύναιτ’
1274 2003 1434 2047 ἐκεῖνος,
1460 2003 1582 2040 ταῦτα

249 2071 413 2118 ποιῆσαι
438 2068 571 2120 καιρὸν
597 2069 758 2122 ἔχοντες
784 2069 829 2109 οὐ
853 2068 1095 2126 τολμήσετε

309 2134 401 2175 ’Έτι
426 2136 569 2183 τοίνυν,
598 2134 627 2176 ὦ
652 2135 790 2187 ἄνδρες
814 2135 1032 2186 Ἀθηναῖοι,
1058 2138 1156 2186 μηδὲ
1179 2134 1285 2176 τοῦθ’
1309 2135 1408 2186 ὑμᾶς
1431 2136 1579 2174 λανθα-

1611 884 1650 907 10

1610 1218 1647 1250 15

1608 1552 1647 1574 20

1605 1885 1643 1917 ²5

249 2200 360 2248 νέτω,
399 2203 460 2242 ὅτι
502 2206 570 2243 νῦν
609 2203 761 2254 αἵρεσίς
803 2203 914 2242 ἐστιν
952 2203 1041 2253 ὑμῖν
1079 2201 1212 2254 πότερ’
1249 2203 1347 2253 ὑμᾶς
1386 2202 1468 2241 ἐκεῖ
1503 2199 1579 2254 χρὴ
1601 2218 1642 2249 30

297 2321 330 2341 11
359 2312 389 2342 εἶ
413 2335 418 2340 .
439 2334 445 2342 .
463 2335 469 2341 .
499 2311 758 2351 ἀποστερήσεται
783 2310 813 2340 Y
831 2321 836 2340 Ζ
870 2311 898 2342 εἷ
922 2334 929 2342 .
950 2335 957 2342 .
976 2335 982 2341 .
1012 2312 1311 2353 ἀποστερηθήσεται
1337 2310 1360 2341 S
1374 2310 1401 2341 Β
1419 2321 1425 2340 2
1457 2311 1495 2342 ἂν
1512 2334 1519 2341 .
1540 2335 1547 2341 .
1570 2334 1577 2342 .

249 2355 454 2395 ἆποστερηθῇ
472 2354 562 2392 vulg.
672 2354 710 2384 16
734 2353 894 2395 ἅνθρωπος
912 2354 1069 2384 Bekker:
1096 2356 1256 2396 ἄνθρωπος
1274 2354 1369 2385 codd.
1478 2355 1519 2384 28
1543 2356 1579 2385 οὐ

249 2398 345 2428 codd.
367 2402 400 2428 et
419 2397 580 2436 Hermog.
602 2397 635 2427 iii
658 2406 726 2437 152,
751 2407 810 2436 155
827 2409 833 2428 z
858 2399 892 2429 οὐ
912 2398 977 2438 (vel
995 2397 1075 2438 μηδὲ
1093 2408 1183 2438 supr.
1205 2403 1259 2438 27)
1278 2398 1356 2429 secl.
1375 2397 1484 2428 Cobet
1501 2396 1577 2428 coll.

249 2442 307 2471 xxi
327 2450 366 2479 57
