1763 2828
549 234 1001 283 ORATIONVM
1054 235 1261 282 ORDO

783 369 975 407 TOMVS
1011 370 1028 407 I

296 464 319 490 I.
350 450 593 492 Ὀλυνθιακὸς
612 469 645 489 α.
732 463 772 488 II.
804 450 1047 492 Ὀλυνθιακὸς
1066 453 1106 501 β.
1188 464 1245 490 111.
1276 450 1518 492 Ὀλυνθιακὸς
1537 469 1572 504 γ.

242 518 293 544 IV.
326 507 437 544 Kar&
456 507 647 544 Φιλίππου
667 523 699 543 α.
822 517 856 543 V.
891 506 984 556 Περὶ
1003 508 1067 555 τῆς
1087 507 1257 556 Εἰρήνης.
1381 517 1434 544 VI.
1468 507 1577 544 Kar&

241 561 431 600 Φιλίππου
451 562 493 611 β.
626 571 695 597 VII.
729 559 822 609 Περὶ
841 557 1089 610 Ἀλοννήσου.
1214 572 1300 598 VIII.
1334 561 1429 610 Περὶ
1448 564 1520 599 τῶν
1539 564 1577 599 ἐν

241 616 476 667 Χερρονήσῳ.
576 626 631 652 ΙΧ.
665 615 775 652 Κατὰ
794 615 985 653 Φιλίππου
1004 633 1039 667 γ.
1131 627 1170 654 Χ.
1205 616 1313 653 Κατὰ
1333 615 1523 653 Φιλίππου
1543 615 1574 654 δ.

242 681 300 708 XI.
350 670 451 719 Πρὸς
488 669 556 718 τὴν
592 667 835 719 Ἑπιστολήν.
960 680 1034 707 XII.
1086 666 1314 722 [Φιλίππου]
1352 669 1573 719 Ἐπιστολή.

242 735 331 761 XIII.
384 725 478 774 Περὶ
516 722 735 768 Συντάξεως.
967 735 1051 762 XIV.
1103 724 1197 774 Περὶ
1234 728 1305 763 τῶν
1343 726 1573 775 Συμμοριῶν.

242 789 311 816 XV.
350 776 464 828 ’Υπὲρ
491 780 557 828 τῆς
585 775 736 816 Ῥοδίων
765 778 1011 827 Ἐλευθερίας.
1135 790 1219 817 XVI.
1260 778 1374 829 Ὑπὲρ
1403 782 1577 831 Μεγαλο-

241 835 415 871 πολιτῶν.
561 844 661 870 XVII.
713 833 806 882 Περὶ
844 836 914 870 τῶν
952 834 1044 882 πρὸς
1082 831 1329 883 Ἀλέξανδρον
1367 833 1574 884 Συνθηκῶν.

244 898 360 926 XVIII.
394 886 488 937 Περὶ
507 890 572 925 rof·
593 888 798 935 Στεφάνου.
913 898 998 926 ΧΙΧ.
1034 888 1126 937 Περὶ
1147 889 1211 936 τῆς
1232 889 1561 939 Παραπρεσβείας.

777 991 970 1031 TOMVS
1003 992 1044 1030 II

297 1070 402 1107 Pars
431 1069 554 1106 Prior
580 1080 651 1107 XX.
685 1070 787 1118 Πρὸς
816 1069 1013 1117 Λεπτίνην.
1154 1079 1241 1107 XXI.
1274 1072 1383 1109 Κατὰ
1410 1071 1576 1111 Μειδίου.

246 1135 350 1161 XXII.
392 1125 502 1161 Κατὰ
530 1122 802 1173 Ἀνδροτίωνος.
952 1134 1073 1160 XXIII.
1118 1125 1226 1162 Κατὰ
1253 1124 1577 1176 Ἀριστοκράτους.

245 1189 361 1216 XXIV.
393 1180 503 1216 Κατὰ
523 1180 786 1228 Τιμοκράτους.
942 1189 1039 1214 XXV.
1074 1179 1182 1216 Κατὰ
1202 1176 1525 1232 Ἀριστογείτονος
1544 1199 1578 1218 α.

245 1243 360 1270 XXVI.
394 1234 503 1271 Κατὰ
523 1232 843 1285 Ἀριστογείτονος
862 1232 903 1281 β.

300 1287 405 1325 Pars
433 1287 572 1326 Altera
603 1299 735 1325 xxvu.
778 1287 887 1325 Κατὰ
915 1283 1091 1334 Ἀφόβου
1120 1304 1153 1324 α.
1281 1299 1430 1327 xxvm.
1475 1291 1582 1328 Κατὰ

245 1341 421 1390 Ἀφόβου
450 1342 490 1390 β.
676 1353 793 1379 XXIX.
837 1340 939 1391 Πρὸς
960 1337 1152 1389 ’Άφοβοια
1338 1354 1440 1382 XXX.
1481 1346 1583 1394 Πρὸς

245 1394 429 1445 Ὀνήτορα
458 1414 491 1434 α.
619 1408 737 1435 XXXI.
788 1395 890 1445 Πρὸς
920 1393 1103 1444 Ὀνήτορα
1132 1396 1174 1444 β.
1302 1407 1436 1435 XXXII.
1479 1400 1581 1448 Πρὸς

247 1450 463 1500 Ζηνόθεμιν.
590 1461 743 1488 XXXIII.
785 1450 888 1500 Πρὸς
915 1447 1170 1499 Ἀπατούριον.
1294 1462 1439 1490 XXXIV.
1482 1455 1583 1503 Πρὸς

247 1505 452 1555 Φορμίωνα.
568 1516 696 1542 XXXV.
732 1505 834 1555 Πρὸς
855 1505 1052 1554 Λάκριτον.
1166 1514 1311 1542 XXXVI.
1344 1503 1458 1556 (Υπὲρ
1486 1511 1580 1558 Φορ-

247 1560 392 1610 μίωνος.
523 1569 688 1597 XXXVII.
729 1560 832 1609 Πρὸς
861 1559 1122 1597 Πανταίνετον.
1260 1570 1439 1599 XXXVIII.
1481 1564 1583 1612 Πρὸς

250 1614 515 1664 Ναυσίμαχον.
646 1624 795 1652 ΧΧΧΙΧ.
836 1614 939 1663 Πρὸς
968 1614 1130 1652 Βοιωτὸν
1158 1612 1240 1662 περὶ
1269 1616 1334 1651 τοῦ
1363 1612 1579 1665 Ὀνόματος.

249 1679 314 1706 XL.
356 1668 459 1718 Πρὸς
489 1668 652 1706 Βοιωτὸν
680 1669 762 1718 περὶ
794 1668 954 1718 Προικὸς
983 1666 1180 1719 Μητρῴας.

774 1771 967 1811 TOMVS
999 1771 1065 1810 III

306 1860 387 1887 XLI.
422 1848 523 1898 Πρὸς
543 1848 740 1888 Σπουδίαν.
866 1859 965 1885 XLII.
999 1847 1101 1896 Πρὸς
1120 1848 1338 1887 Φαίνιππον.
1467 1862 1582 1889 XLIII.

254 1905 356 1954 Πρὸς
376 1903 637 1953 Μακάρτατον.
766 1913 876 1940 XLIV.
910 1901 1012 1951 Πρὸς
1032 1903 1224 1952 Λεωχάρη.
1350 1915 1444 1943 XLV.
1478 1908 1586 1943 Κατὰ

253 1959 447 2007 Στεφάνου
477 1975 511 1995 α.
638 1968 748 1995 XLVI.
787 1957 895 1995 Κατὰ
925 1957 1118 2004 Στεφάνου
1146 1958 1187 2006 β.
1312 1969 1440 1996 XLVII.
1478 1962 1586 1998 Κατὰ

253 2015 419 2065 Εὐέργου
458 2012 517 2049 καὶ
556 2012 835 2061 Μνησιβούλου
873 2011 1213 2061 Ψευδομαρτυριῶν.
1440 2025 1583 2052 XLVIII.

255 2069 363 2106 Κατὰ
382 2066 701 2117 Ὀλυμπιοδώρου.
814 2076 927 2104 XLIX.
964 2066 1067 2116 Πρὸς
1093 2065 1285 2116 Τιμόθεον.
1410 2078 1443 2104 L.
1486 2070 1587 2118 Πρὸς

256 2123 469 2160 Πολυκλέα.
575 2131 627 2159 LI.
659 2119 752 2170 Περὶ
771 2123 837 2159 τοῦ
857 2121 1050 2168 Στεφάνου
1069 2121 1135 2169 τῆς
1153 2120 1411 2171 Τριηραρχίας.
1515 2133 1582 2161 LII.

255 2177 357 2226 Πρὸς
378 2177 622 2213 Κάλλιππον.
740 2185 825 2212 LIII.
858 2175 960 2224 Πρὸς
980 2175 1250 2224 Νικόστρατον.
1367 2185 1443 2213 LIV.
1477 2179 1585 2214 Κατὰ

256 2231 438 2270 Κόνωνος.
583 2240 646 2267 LV.
687 2230 790 2278 Πρὸς
820 2230 1055 2267 Καλλικλέα.
1200 2239 1277 2267 LVI.
1319 2230 1427 2266 Κατὰ
1457 2235 1584 2268 Διονυ-

255 2285 432 2335 σοδώρου.
612 2294 707 2321 LVII.
758 2284 860 2332 Πρὸς
897 2283 1147 2333 Εὐβουλίδην.
1315 2294 1428 2320 LVIII.
1479 2287 1587 2322 Κατὰ

254 2340 463 2389 Θεοκρίνου.
642 2348 724 2375 LIX.
767 2339 875 2376 Kar&
905 2339 1075 2388 Νεαίρας,
1251 2346 1314 2375 LX.
1355 2335 1587 2387 Ἐπιτάφιος.

257 2405 338 2431 LXI.
370 2391 573 2443 Ἐρωτικός.
744 2393 941 2443 Προοίμια.
1108 2391 1340 2430 Ἐπιστολαί.

893 2468 950 2492 XVI
