1747 2844
207 134 293 188 xlx]
430 139 572 176 ΠΕΡΙ
620 138 744 176 ΤΗΣ
793 137 1314 175 ΠΑΡΑΠΡΕΣΒΕΙΑΣ

207 243 283 294 μήν
309 260 367 283 πω
392 247 506 283 τοῦτο
530 242 753 295 βούλεσθαι
771 242 919 294 λέγειν·
959 242 1020 282 καὶ
1046 243 1120 293 γὰρ
1146 244 1214 281 νῦν
1235 243 1398 293 φθονεῖν
1420 242 1529 282 τινὰς

209 311 310 364 αὐτῷ
346 313 422 350 τῶν
459 309 765 361 συμπρέσβεων.
836 308 1066 364 ὑπῃνίττετο
1103 307 1136 347 δ’
1173 308 1273 348 οὕτω
1311 307 1372 347 καὶ
1408 324 1525 358 παρε-

208 375 329 427 δήλου
367 376 436 416 τὸν
473 376 673 428 Ὠρωπόν.
745 375 957 426 εὐδοκιμῶν
995 374 1029 414 δ’
1064 375 1132 415 ἐπὶ
1165 374 1319 415 τούτοις
1354 374 1525 419 εἰκότως,

159 476 161 478 v
210 443 272 483 καὶ
309 445 431 483 δοκῶν
469 442 531 482 καὶ
564 442 691 494 ῥήτωρ
726 441 887 493 ἄριστος
923 441 1022 482 εἶναι
1060 442 1122 482 καὶ
1154 440 1251 493 ἀνὴρ
1289 440 1525 491 θαυμαστός,

168 525 186 556 5
208 509 356 560 κατέβη
381 508 489 560 μάλα
514 512 679 559 σεμνῶς.
751 508 927 550 ἀναστὰς
955 507 988 548 δ’
1015 508 1092 560 ἐγὼ
1121 506 1242 548 ταῦτά
1266 505 1299 547 τ’
1323 506 1391 547 οὐκ
1426 506 1527 558 ἔφην

208 575 352 616 εἰδέναι
391 575 453 616 καὶ
489 574 555 625 ἅμ’
591 574 812 627 ἐπειρώμην
846 592 885 615 τι
919 574 1055 626 λέγειν
1090 574 1238 614 τούτων
1274 574 1328 614 ὧν
1367 574 1420 615 εἷς
1456 572 1529 623 τὴν

207 641 362 692 βουλὴν
386 640 624 693 ἀπήγγειλα.
685 641 748 682 καὶ
772 642 979 693 παραστὰς
1004 642 1024 680 ὁ
1048 643 1120 691 μὲν
1145 640 1271 686 ἔνθεν,
1300 640 1320 679 ὁ
1344 639 1376 680 δ’
1402 639 1526 685 ἔνθεν,

209 708 344 748 οὑτοσὶ
378 708 439 747 καὶ
468 706 731 759 Φιλοκράτης,
768 708 910 759 ἐβόων,
939 705 1147 759 ἐξέκρουόν
1179 724 1240 758 με,
1266 710 1530 748 τελευτῶντες

209 774 435 826 ἐχλεύαζον.
495 775 603 825 ὑμεῖς
627 773 660 814 δ’
686 775 864 826 ἐγελᾶτε,
893 774 955 815 καὶ
979 773 1059 814 οὔτ’
1085 773 1240 814 ἀκούειν
1264 772 1416 823 ἠθέλετ’
1442 773 1531 813 οὔτε

150 859 189 881 10
209 840 410 881 πιστεύειν
443 840 658 891 ἐβούλεσθ’
685 840 792 881 ἄλλα
825 840 931 890 πλὴν
956 840 980 880 ἃ
1004 840 1117 882 οὗτος
1150 838 1407 893 ἀπηγγέλκει.
1470 839 1531 879 καὶ

208 906 256 957 νὴ
287 906 377 949 τοὺς
407 906 518 949 θεοὺς
547 907 649 949 εἰκός
679 925 715 948 τι
748 910 888 948 παθεῖν
922 907 1057 960 ἔμοιγε
1086 910 1247 947 δοκεῖτε·
1285 907 1343 948 τίς
1377 907 1452 958 γὰρ
1483 905 1532 946 ἂν

209 972 418 1026 ἠνέσχετο,
445 976 658 1023 τηλικαῦτα
678 974 742 1014 καὶ
761 973 918 1014 τοσαῦτ’
939 973 1107 1014 ἔσεσθαι
1131 976 1363 1025 προσδοκῶν
1387 971 1528 1024 ἀγαθά,

210 1035 232 1089 ἢ
257 1039 365 1079 ταῦθ’
392 1039 441 1082 ὡς
466 1039 532 1080 οὐκ
560 1040 673 1080 ἔσται
704 1040 896 1092 λέγοντός
926 1057 1042 1086 τινος,
1071 1037 1094 1090 ἢ
1121 1043 1429 1093 κατηγοροῦντος
1453 1042 1530 1079 τῶν

212 1105 498 1158 πεπραγμένων
523 1106 694 1154 τούτοις;
733 1106 862 1147 πάντα
887 1109 961 1159 γὰρ
979 1106 1108 1153 τᾶλλ’,
1130 1107 1248 1157 οἶμαι,
1272 1107 1361 1147 τότε
1385 1105 1531 1157 δεύτερ’

152 1191 188 1222 15
211 1171 256 1222 ἦν
292 1176 370 1213 τῶν
405 1172 674 1224 ὑποκειμένων
709 1176 956 1225 προσδοκιῶν
993 1175 1055 1214 καὶ
1091 1177 1168 1214 τῶν
1205 1173 1391 1219 ἐλπίδων,
1426 1174 1462 1212 οἱ
1498 1171 1531 1211 δ’

209 1238 486 1291 ἀντιλέγοντες
511 1242 634 1293 ὄχλος
654 1239 786 1282 ἄλλως
807 1241 868 1281 καὶ
893 1242 1098 1291 βασκανία
1119 1241 1392 1293 κατεφαίνετο,
1413 1241 1533 1279 ταῦτα

209 1307 249 1346 δὲ
291 1305 476 1356 θαυμάσι’
509 1307 627 1357 ἡλίκα
670 1308 731 1348 καὶ
774 1306 1016 1359 συμφέροντ’
1053 1307 1180 1347 ἐδόκει
1221 1308 1445 1359 πεπρᾶχθαι
1485 1311 1532 1362 τῇ

208 1372 337 1412 πόλει.

273 1441 354 1478 Τοῦ
384 1438 503 1491 χάριν
528 1439 575 1488 δὴ
600 1439 707 1479 ταῦθ’
731 1440 942 1491 ὑπέμνησα
967 1444 1101 1492 πρῶτα
1125 1443 1194 1481 νῦν
1217 1439 1316 1489 ὑμᾶς
1343 1439 1404 1479 καὶ
1429 1437 1529 1489 διεξ-

149 1521 189 1543 20
207 1506 331 1555 ἦλθον
354 1506 513 1547 τούτους
545 1506 634 1547 τοὺς
663 1506 827 1558 λόγους;
867 1506 953 1548 ἐνὸς
983 1506 1068 1557 μέν,
1096 1503 1124 1545 ὦ
1151 1505 1288 1558 ἄνδρες
1313 1505 1528 1555 Ἀθηναῖοι,

208 1570 384 1621 μάλιστα
409 1572 472 1612 καὶ
497 1572 661 1623 πρώτου,
688 1573 753 1613 ἵνα
784 1573 918 1623 μηδεὶς
943 1574 1062 1624 ὑμῶν,
1090 1572 1250 1613 ἐπειδάν
1273 1588 1311 1612 τι
1342 1571 1531 1624 λέγοντος

209 1639 328 1694 ἀκούῃ
364 1655 439 1689 μου
473 1642 551 1679 τῶν
586 1641 887 1692 πεπραγμένων,
926 1640 990 1680 καὶ
1027 1642 1121 1696 δοκῇ
1158 1638 1287 1679 δεινὸν
1326 1639 1429 1693 αὐτῷ
1470 1639 1531 1679 καὶ

208 1704 467 1757 ὑπερβάλλον
492 1705 604 1752 εῖναι,
634 1708 644 1723 ‘
662 1705 747 1747 εἶτα
773 1705 854 1746 τότ’
882 1706 949 1747 οὐκ
983 1706 1120 1759 ἔλεγες
1153 1707 1393 1759 παραχρῆμα
1424 1704 1531 1745 ταῦτ’

209 1771 290 1811 οὐδ’
316 1772 518 1813 ἐδίδασκες
542 1772 676 1823 ἡμᾶς,·’
714 1772 902 1830 θαυμάζῃ,
929 1774 1036 1814 ἀλλὰ
1068 1772 1308 1824 μεμνημένοι
1338 1774 1407 1814 τὰς
1436 1773 1529 1812 ὑπο-

150 1855 188 1886 25
211 1836 375 1890 σχέσεις
399 1839 468 1880 τὰς
492 1839 651 1885 τούτων,
673 1839 718 1882 ἃς
744 1839 809 1892 ἐφ’
830 1839 1009 1881 ἑκάστων
1034 1840 1262 1891 ποιούμενοι
1287 1843 1364 1879 τῶν
1390 1842 1532 1890 καιρῶν

210 1903 410 1954 ἐξέκλειον
450 1905 574 1957 λόγου
614 1905 828 1959 τυγχάνειν
866 1907 956 1949 τοὺς
995 1906 1155 1953 ἄλλους,
1198 1907 1260 1946 καὶ
1298 1905 1369 1956 τὴν
1408 1907 1529 1957 ἐπαγ-

210 1972 350 2022 γελίαν
375 1970 445 2021 τὴν
470 1972 606 2013 τούτου
630 1973 774 2024 ταύτην
798 1973 871 2023 τὴν
897 1972 1035 2024 καλήν,
1058 1973 1177 2024 εἰδῆθ’
1198 1974 1259 2013 ὅτι
1284 1971 1381 2024 πρὸς
1406 1971 1533 2012 ἅπασι

209 2041 291 2079 τοῖς
316 2038 455 2080 ἄλλοις
479 2039 541 2079 καὶ
565 2039 669 2079 τοῦτ’
693 2040 874 2091 ἠδίκησθ’
899 2040 962 2081 ὑπ’
988 2041 1117 2087 αὐτοῦ,
1145 2041 1205 2080 ὅτι
1230 2040 1380 2090 τάληθῆ
1406 2055 1529 2090 παρα-

208 2106 341 2157 χρῆμα
373 2106 435 2146 καὶ
467 2105 567 2156 ἡνίκ’
600 2106 680 2147 ἔδει
712 2106 980 2148 πυνθάνεσθαι
1014 2106 1266 2157 διεκωλύθητ’
1296 2107 1436 2146 ε’λπίσι
1470 2104 1533 2145 καὶ

250 2215 272 2244 6
307 2214 371 2254 ἅμα
396 2225 460 2245 om.
491 2214 527 2245 S¹
555 2215 662 2254 vulg.:
698 2216 773 2247 add.
803 2216 829 2247 L
843 2217 866 2248 S
895 2227 980 2248 corr.
1143 2227 1159 2255 7
1196 2216 1391 2258 παραστάνθ’
1423 2215 1532 2247 Cobet

211 2267 250 2288 10
268 2259 456 2298 ἀπήγγελκε
473 2258 534 2296 SQ
626 2269 660 2289 11
689 2260 797 2300 ἔμοιγε
815 2263 939 2293 δοκεῖτε
957 2260 1055 2291 SLA
1071 2272 1077 2291 :
1103 2261 1205 2301 ἔμοιγ’
1225 2263 1366 2292 ἐδοκεῖτε
1387 2259 1530 2298 FQYO

211 2300 261 2330 Fr.
280 2301 371 2332 Gras.
468 2311 505 2331 12
529 2305 663 2335 τοιαῦτα
681 2303 731 2334 Fr.
751 2304 855 2342 Cras„
872 2305 912 2335 cf.
935 2308 949 2342 ξ
973 2314 1011 2343 19
1114 2314 1150 2342 17
1168 2305 1218 2335 καὶ
1233 2304 1329 2335 codd.
1349 2303 1399 2333 Fr.
1419 2302 1508 2333 Graf.
1524 2313 1530 2332 :

207 2344 286 2374 secl.
303 2345 410 2375 Cobet
562 2356 603 2375 22
619 2347 670 2377 καὶ
683 2350 937 2389 κατηγοροῦντος
951 2352 1026 2387 post
1044 2347 1141 2389 ἀκούῃ
1158 2361 1216 2386 μου
1233 2347 1308 2379 add.
1329 2346 1418 2385 vulg.
1436 2358 1443 2377 t
1467 2357 1532 2377 om.

209 2387 232 2417 S
245 2387 294 2426 L¹‚
312 2388 352 2418 cf.
375 2392 388 2425 ξ
409 2399 448 2427 24
552 2399 593 2427 25
618 2388 788 2430 ἑκάστῳΑ
892 2392 933 2421 26
957 2391 1130 2431 ἐξέκλειον]
1151 2390 1314 2432 ἐξέκρουον
1331 2391 1354 2420 S
1371 2404 1420 2430 γρ.
1443 2390 1530 2431 Lyp-

207 2440 257 2469 pr.
276 2441 317 2461 m.
339 2431 438 2473 Ργρ.;
466 2432 645 2473 ἐξέβαλλον
661 2434 733 2464 cod.
754 2443 840 2465 unus
929 2437 986 2466 τοῦ
1002 2438 1080 2464 ante
1098 2433 1200 2474 λόγου
1215 2435 1289 2465 add.
1307 2434 1416 2465 Cobet

1563 135 1678 190 [348]

1562 856 1607 891 24

1564 1453 1604 1490 25

1562 1630 1679 1685 [349]

1563 1781 1606 1815 26
