1731 2844
660 113 1070 156 PRAEFATIO

199 224 373 278 Lipsiae
410 225 551 280 1871),
584 226 725 267 omnis
772 226 827 267 ad
874 240 1007 268 unum
1056 226 1154 268 libri
1202 227 1358 269 tacitas
1403 228 1530 270 relin-

199 299 372 347 quunt?
424 294 731 349 Archetypum
754 309 855 337 vero
876 296 1052 349 quando
1073 302 1303 338 exaratum
1328 298 1380 338 sit
1404 297 1531 339 valde

199 364 409 405 incertum
430 380 438 413 ;
470 365 623 418 quinto
640 372 823 406 sextove
844 365 1017 406 saeculo
1035 365 1078 406 id
1102 364 1264 407 factum
1288 378 1382 406 esse
1405 371 1530 419 putat

200 433 350 474 Blass:
395 433 625 474 serioribus
658 440 773 475 certe
817 433 1005 474 Romani
1046 433 1217 488 imperii
1259 434 1531 488 temporibus

196 501 516 556 adsignandum
549 509 624 544 est.

255 570 487 624 Vtcunque
518 585 568 612 ea
602 584 666 611 res
700 571 933 613 iudicanda
964 572 1118 612 ceteris
1146 572 1371 614 codicibus
1405 573 1531 627 longe

200 638 416 680 Parisinus
440 639 470 681 S
495 639 717 681 antecellit
737 656 745 689 3
778 653 967 693 quocum
991 641 1319 695 coniungendus
1342 649 1408 683 est
1431 655 1530 683 con-

196 708 346 749 similis
393 722 443 750 ac
489 709 830 762 consanguineus
883 709 1202 750 Laurentianus
1249 709 1300 760 L,
1343 711 1433 751 sive
1476 711 1531 751 ab

196 777 349 817 eodem
377 791 464 831 quo
497 777 528 818 S
562 784 742 831 parente
770 784 902 829 ortus,
933 778 1034 827 sive,
1068 779 1184 831 quod
1219 779 1308 819 veri
1352 779 1532 821 similius

197 845 283 886 iam
306 845 479 886 videtur
497 844 523 895 ¹,
545 845 602 886 ab
625 845 655 886 S
679 846 745 887 vel
768 846 859 886 eius
882 847 1140 901 apographo
1162 848 1415 901 descriptus
1481 849 1531 889 In

197 927 249 954 eo
281 920 427 955 autem
461 913 739 967 potissimum
778 915 965 955 cernitur
1006 916 1168 957 codicis
1201 916 1232 958 S
1266 917 1532 969 praestantia

196 983 313 1035 quod
339 983 541 1036 languida
571 983 642 1023 illa
664 983 731 1023 vel
756 983 1055 1033 redundantia,
1078 997 1190 1037 quae
1219 985 1259 1025 in
1281 985 1530 1038 vulgaribus

194 1052 409 1105 exemplis
432 1052 713 1105 reperiuntur,
737 1052 993 1106 plerumque
1016 1059 1273 1105 aspernatus
1296 1054 1383 1094 vim
1407 1068 1528 1095 suam

197 1121 485 1162 Demostheni
524 1134 765 1174 nervosque
799 1121 955 1170 reddit,
978 1122 1163 1174 pressius
1195 1135 1244 1162 ac
1276 1123 1531 1163 concitatius

197 1190 448 1242 loquentem
478 1190 672 1230 exhibet.
736 1190 855 1230 Rara
889 1196 989 1230 sunt
1027 1204 1138 1243 quae
1172 1204 1249 1243 per
1282 1191 1529 1245 impruden-

194 1259 300 1300 tiam
345 1259 617 1313 inrepserunt
659 1258 984 1311 glossemata23
1037 1259 1174 1300 multo
1218 1260 1378 1301 rariora
1420 1274 1531 1314 quae

195 1329 384 1382 augendi
407 1335 538 1381 atque
560 1328 744 1369 ornandi
766 1328 912 1368 studio
935 1328 1130 1369 rhetores
1148 1329 1530 1383 interpolaverunt.

199 1397 413 1438 Hodierni
451 1397 627 1451 quidem
664 1396 871 1446 nonnulli,
903 1403 948 1437 ut
985 1397 1106 1437 nimii
1141 1397 1322 1438 fortasse
1356 1405 1454 1439 sunt
1488 1399 1529 1439 in

195 1466 468 1520 glossematis
496 1467 763 1521 indagandis
788 1466 1006 1519 permulta
1039 1465 1165 1507 huius
1196 1467 1366 1520 generis
1388 1468 1454 1508 vel
1488 1469 1530 1508 in

194 1536 289 1590 ipso
332 1535 363 1577 S
397 1536 650 1577 delitescere
688 1536 987 1589 suspicantur3
1041 1549 1139 1577 meo
1181 1542 1328 1576 tamen
1371 1537 1530 1578 iudicio

194 1619 411 1660 perpauca
449 1605 581 1646 habet
618 1605 648 1646 S
680 1618 1025 1658 supervacanea;
1065 1606 1221 1646 desunt
1254 1605 1424 1659 saepius
1455 1620 1529 1647 vo—

194 1673 348 1715 cabula
383 1687 515 1715 unum
555 1682 598 1716 et
639 1675 839 1725 alterum,
877 1675 918 1714 in
962 1675 1113 1715 ceteris
1156 1681 1341 1727 reperta,
1374 1675 1530 1728 quibus

194 1757 325 1797 aegre
358 1757 552 1785 caremus
568 1743 594 1783 3.
674 1744 891 1797 Insignem
935 1742 1045 1784 hanc
1078 1744 1188 1784 inter
1220 1742 1250 1784 S
1283 1751 1325 1785 et
1367 1751 1530 1784 ceteras

195 1813 381 1854 familias
413 1813 751 1867 discrepantiam
786 1813 858 1853 alii
889 1813 948 1853 ita
980 1812 1311 1867 explicaverunt
1343 1819 1390 1853 ut
1422 1814 1529 1853 duas

194 1897 219 1923 a
256 1882 567 1923 Demosthenis
601 1896 729 1923 manu
764 1881 981 1935 profectas
1015 1895 1107 1922 esse
1139 1882 1404 1923 recensiones
1437 1882 1529 1922 exi-

194 1952 438 2002 stimarent,
481 1951 663 1992 alteram
708 1951 965 2002 breviorem,
1006 1952 1063 1992 ab
1107 1951 1137 1993 S
1181 1949 1257 2005 (L)
1300 1957 1528 1999 servatam,

196 2021 437 2075 longiorem
470 2020 679 2068 alteram3
715 2028 757 2062 et
788 2020 829 2061 in
862 2035 946 2062 una
977 2028 1093 2062 certe
1125 2021 1331 2069 oratione,
1367 2019 1527 2073 Philip-

239 2118 250 2137 ¹
278 2117 315 2149 E.
333 2118 479 2157 Drerup,
499 2116 622 2148 Antike
638 2115 1055 2157 Demostlzenesausgaben.
1104 2116 1256 2156 Leipzig,
1276 2116 1370 2156 1899.

240 2161 252 2180 2
276 2172 306 2192 e.
316 2171 350 2200 g.
370 2161 403 2191 ix
420 2171 461 2200 25
479 2161 636 2200 πέμπτον,
653 2161 732 2192 xviii
752 2171 793 2200 33
815 2161 880 2192 τοῖς
898 2161 1051 2199 Φωκεῦσι,
1071 2161 1130 2190 xix
1149 2170 1213 2199 314
1235 2160 1353 2199 πρώην.
1402 2159 1529 2189 Contra

193 2205 294 2236 reicit
323 2205 347 2236 S
375 2204 593 2245 glossemata,
622 2216 651 2237 e
664 2216 694 2245 g.
724 2205 758 2235 ix
786 2214 827 2244 45
859 2204 1123 2245 δωροδοκουντας,
1155 2204 1210 2234 xvi
1241 2205 1279 2234 18
1311 2201 1524 2242 βοηθούντων,

196 2249 278 2279 xviii
307 2258 367 2288 174
393 2248 507 2289 φίλων,
534 2251 597 2279 262
616 2248 796 2302 rpuziuaw,
824 2249 883 2279 xix
911 2249 971 2287 136
996 2247 1080 2288 ὅχλο
1085 2260 1106 2278 ς.

241 2292 254 2312 ⁸
278 2304 306 2323 e.
319 2303 350 2331 g.
370 2293 450 2323 xviii
473 2302 531 2324 102
552 2292 592 2323 τὰ
612 2292 687 2332 ὅντ’,
711 2294 771 2323 168
792 2291 876 2323 αὐτὰ
898 2292 947 2325 τά
974 2301 1033 2331 175
1056 2291 1269 2330 καταπλῆξαι,
1290 2301 1352 2330 205
1377 2289 1524 2329 εὐτυχῶς,

199 2347 259 2376 213
278 2335 376 2375 δίκην,
393 2346 450 2389 27Ι
466 2335 572 2367 αἰτίαι
576 2347 661 2376 ‚279
677 2348 726 2366 και
744 2336 853 2366 πᾶσαν
870 2335 937 2375 ἔχει
957 2336 1066 2365 κακίαι
1070 2345 1158 2374 ,290
1175 2335 1210 2365 οὐ
1228 2337 1272 2375 τῷ
1290 2359 1296 2365 .
1317 2333 1524 2374 ,κατορθουν

198 2381 257 2411 xix
279 2381 368 2420 136‘
355 2394 370 2410 υ
388 2379 456 2419 μέι,
482 2381 540 2419 178
556 2379 668 2410 airam.

839 2435 886 2468 vii
