1763 2828
110 137 220 191 [355]

106 313 222 367 [356]

180 654 224 696 48

181 1057 226 1092 49

187 1458 231 1494 50

122 2011 231 2112 [35ἕὲ

677 135 1158 173 ΔΗΜΟΣΘΕΝΟΎΣ
1487 128 1575 176 [x1x
1606 133 1610 136 ”

255 241 413 280 ἐπειδὰν
439 241 480 281 δὲ
508 239 598 280 τοὺς
631 238 783 290 καιροὺς
814 238 1114 289 συλλογίσηταί
1143 254 1201 279 τις
1232 236 1296 288 ἐφ’
1322 238 1377 277 ὧν
1406 235 1577 288 ἐγράφη,

256 307 317 347 καὶ
347 307 416 348 τὰς
446 305 688 358 ὑποσχέσεις
718 306 762 346 ἃς
794 305 906 346 οὗτος
934 305 1171 356 ὑπισχνεῖτο
1203 304 1306 348 τότε,
1335 303 1448 344 οὐδὲν
1477 302 1579 343 ἄλλο

254 371 504 425 φανήσονται
520 372 625 422 πλὴν
644 372 882 423 παραδόντες
895 371 1084 424 Φιλίππῳ
1106 370 1167 410 καὶ
1186 371 1385 420 Θηβαίοις
1403 369 1578 415 Φωκέας,

252 441 375 492 μόνον
402 440 469 481 οὐκ
494 439 621 479 ὀπίσω
646 440 700 478 τὼ
726 442 834 491 χεῖρε
861 436 1064 487 δήσαντες.
1138 435 1242 488 Λέγε
1267 435 1311 476 τὸ
1336 434 1546 488 ψήφισμα.

819 558 1016 587 ΨΗΦῙΣΜΑ.

321 640 471 694 (Ορᾶτζ
498 638 527 680 ὦ
557 639 694 692 ἄνδρες
720 639 935 689 Ἀθηναῖοι,
964 637 1008 678 τὸ
1034 636 1242 690 ψήφισμα,
1270 637 1378 678 ὅσων
1409 638 1582 677 ἐπαίνων

257 709 320 749 καὶ
344 709 442 758 ὅσης
468 706 661 759 εὐφημίας
686 705 834 756 μεστόν
862 706 961 750 ἐστι,
992 705 1053 744 καὶ
1081 707 1091 722 ‘
1109 704 1180 754 τὴν
1209 702 1366 756 εἰρήνην
1392 702 1582 753 εἶναιτὴν

255 774 375 825 αὐτὴν
400 773 523 825 ἥνπερ
542 773 729 826 Φιλίππῳ
752 772 813 812 καὶ
832 774 913 812 τοῖς
933 771 1127 823 ἐγγόνοις,
1152 771 1213 810 καὶ
1233 769 1304 819 τὴν
1324 768 1581 823 συμμαχίαν,’

257 843 319 882 καὶ
354 838 588 881 ’ἐπαινέσαι
622 841 663 879 δὲ
698 839 915 883 Φίλιππον,
951 837 1010 877 ὅτι
1044 836 1339 888 ἐπαγγέλλεται
1371 838 1420 876 τὰ
1452 837 1583 876 δίκαια

257 906 465 959 ποιήσειν.’
525 906 614 946 ἀλλ’
634 905 747 945 οὐδὲν
767 904 916 945 ἐκεῖνός
941 903 978 955 γ’
1001 901 1289 955 ἐπηγγέλλετο,
1312 903 1418 943 ἀλλὰ
1437 902 1579 942 τοσού-

256 992 324 1015 του
356 974 392 1026 γ’
424 974 502 1014 ἔδει
529 970 883 1025 [ἐπαγγέλλεσθαι]
910 969 1005 1009 ὥστ’
1037 968 1116 1009 οὐδ’
1154 968 1298 1010 εἰδέναι
1331 969 1434 1021 φησὶ
1466 969 1505 1008 τί
1535 967 1584 1008 ἂν

258 1044 380 1082 ποιῶν
404 1042 494 1090 ὑμῖν
526 1040 749 1092 χαρίσαιτο.
814 1036 906 1077 ἀλλ’
932 1036 1045 1078 οὗτος
1070 1035 1117 1086 ἧν
1144 1036 1164 1075 ὁ
1189 1035 1320 1088 λέγων
1343 1036 1440 1087 ὑπὲρ
1467 1035 1584 1076 αὐτοῦ

259 1109 322 1149 καὶ
363 1106 692 1160 ὑπισχνούμενος.
764 1104 859 1156 πρὸς
897 1105 937 1144 δὲ
980 1103 1069 1145 τοὺς
1113 1104 1218 1154 παρὰ
1261 1102 1400 1142 τούτου
1439 1102 1584 1154 λόγους

259 1175 484 1227 ὡρμηκότας
519 1173 660 1223 λαβὼν
694 1173 792 1222 ὑμᾶς
825 1171 845 1210 ὁ
879 1168 1128 1221 Φιλοκράτης
1164 1168 1359 1221 ἐγγράφει
1391 1167 1496 1208 τοῦτ’
1530 1169 1584 1209 εἰς

258 1241 303 1282 τὸ
334 1240 543 1294 ψήφισμα,
572 1241 668 1280 (ἐὰν
700 1240 740 1279 δὲ
773 1238 826 1289 μὴ
860 1241 1006 1279 ποιῶσι
1032 1239 1184 1277 Φωκεῖς
1217 1236 1242 1276 ἃ
1273 1238 1334 1276 δεῖ
1365 1236 1427 1276 καὶ
1460 1251 1582 1286 παρα-

260 1311 398 1348 διδῶσι
429 1311 511 1349 τοῖς
543 1305 832 1358 Ἀμφικτύοσιν
864 1304 909 1344 τὸ
943 1304 1061 1355 ἱερόν,
1089 1304 1150 1343 ὅτι
1184 1302 1379 1353 βοηθήσει
1412 1303 1433 1342 ὁ
1465 1304 1585 1352 δῆμος

260 1376 281 1414 ὁ
322 1374 545 1425 Ἀθηναίων
593 1373 657 1413 ἐπὶ
705 1371 793 1414 τοὺς
842 1370 1132 1411 διακωλύοντας
1180 1372 1301 1410 ταῦτα
1347 1367 1584 1421 γίγνεσθαι.’

261 1441 412 1488 οὐκοῦν,
440 1441 575 1492 ἄνδρες
601 1439 819 1489 Ἀθηναῖοι,
846 1438 1047 1489 μενόντων
1073 1438 1145 1487 μὲν
1170 1437 1278 1487 ὑμῶν
1305 1437 1404 1476 οἴκοι
1431 1435 1492 1475 καὶ
1516 1435 1585 1475 οὐκ

261 1507 570 1559 ἐξεληλυθότων,
612 1505 924 1555 ἀπεληλυθότων
963 1506 1004 1544 δὲ
1043 1507 1119 1543 τῶν
1159 1502 1480 1553 Λακεδαιμονίων
1524 1501 1586 1541 καὶ

261 1573 573 1630 προῃσθημένων
601 1573 673 1623 τὴν
699 1571 865 1621 ἀπάτην,
893 1569 1052 1611 οὐδενὸς
1077 1569 1110 1609 δ’
1136 1569 1262 1609 ἄλλου
1292 1569 1484 1621 παρόντος
1509 1571 1586 1607 τῶν

262 1641 562 1693 Ἀμφικτυόνων
598 1639 704 1689 πλὴν
741 1640 958 1678 Θετταλῶν
999 1637 1061 1676 καὶ
1100 1637 1309 1686 Θηβαίων,
1349 1633 1587 1687 εὐφημότατ’

263 1707 480 1759 ἀνθρώπων
511 1706 663 1747 τούτοις
696 1707 936 1756 παραδοῦναι
969 1702 1172 1755 γέγραφεν
1208 1702 1253 1742 τὸ
1292 1701 1394 1753 ἱερὸν
1426 1700 1588 1754 γράψας

262 1778 343 1816 τοῖς
367 1773 657 1826 Ἀμφικτύοσιν
683 1773 923 1824 παραδοῦναι
947 1769 1108 1820 (ποίοις;
1147 1769 1192 1809 οὐ
1219 1770 1294 1821 γὰρ
1326 1768 1429 1819 ἦσαν
1455 1767 1589 1807 αὐτόθι

264 1841 369 1891 πλὴν
396 1844 574 1891 Θηβαῖοι
601 1839 663 1879 καὶ
690 1835 921 1887 Θετταλοί),
945 1836 1037 1877 ἀλλ’
1061 1836 1105 1876 οὐ
1132 1839 1141 1854 ‘
1159 1835 1408 1888 συγκαλέσαι
1433 1836 1475 1875 δὲ
1500 1834 1589 1876 τοὺς

264 1906 585 1960 Ἀμφικτύονας,’
619 1905 699 1946 οὐδ’
737 1906 950 1957 ’ἐπισχεῖν
988 1904 1060 1945 ἕως
1097 1902 1144 1943 ἂν
1183 1900 1466 1954 συλλεγῶσιν,’
1499 1900 1588 1941 οὐδὲ

266 1978 275 1992 ‘
292 1977 457 2026 βοηθεῖν
488 1972 692 2026 Πρόξενον
726 1973 781 2014 εἰς
807 1970 999 2017 Φωκέας,’
1025 1969 1104 2010 οὐδ’
1130 1972 1140 1987 ‘
1159 1968 1304 2020 ἐξιέναι
1328 1966 1588 2019 Ἀθηναίους,’

265 2042 352 2082 οὐδὲ
376 2040 516 2081 τοιοῦτ’
543 2039 668 2080 οὐδέν.
742 2040 867 2079 καίτοι
893 2039 954 2078 καὶ
981 2038 1198 2078 ἐπιστολὰς
1223 2035 1369 2088 ἔπεμψ’
1395 2036 1416 2075 ὁ
1441 2035 1586 2075 Φίλιπ-

265 2125 338 2150 πος
362 2108 429 2148 δύο
456 2108 657 2149 καλούσας
675 2107 788 2157 ὑμᾶς,
815 2105 889 2158 οὐχ
913 2104 961 2145 ἵν’
986 2103 1186 2154 ἐξέλθητε·
1226 2103 1408 2151 πώμαλα·
1445 2101 1489 2142 οὐ
1515 2102 1589 2153 γὰρ

308 2218 329 2247 8
354 2216 500 2258 ἐγγόνοις
519 2216 541 2247 S
559 2215 648 2255 vulg.
667 2227 675 2246 ε
714 2214 858 2256 ἐκγόνοις
877 2213 944 2244 LA
957 2213 998 2252 Q,
1018 2213 1058 2244 cf.
1079 2216 1094 2251 ξ
1114 2223 1154 2252 54
1322 2221 1361 2242 10
1383 2210 1540 2243 τοσούτου
1555 2210 1589 2251 γ’

265 2261 352 2299 vulg.
369 2272 375 2291 ;
400 2260 558 2292 τοσούτου
576 2261 599 2290 5
612 2258 703 2289 LA:
727 2261 885 2290 τοσοῦτον
904 2258 940 2295 L,
959 2257 997 2288 cs.
1020 2257 1088 2287 xvii
1110 2266 1148 2296 15
1262 2265 1296 2285 11
1326 2254 1589 2295 ἐπαγγέλλεσθαι

264 2304 347 2335 secl.
367 2303 535 2334 Benseler
632 2313 672 2342 24
697 2304 731 2334 οὐ
749 2302 950 2342 συγκαλέσαι
967 2300 1001 2332 δὲ
1020 2301 1043 2332 S
1056 2300 1085 2330 Α
1100 2311 1106 2330 :
1132 2298 1204 2332 οὐδὲ
1222 2298 1422 2339 συγκαλέσαι
1441 2297 1466 2327 L
1484 2297 1588 2336 vulg„

266 2348 385 2378 lemma
402 2347 506 2378 schol.
526 2358 556 2386 p.
576 2348 653 2385 364,
675 2357 711 2384 14
889 2346 951 2376 ἔδει
968 2350 1047 2375 ante
1063 2344 1138 2376 τοὺς
1154 2343 1231 2374 add.
1251 2343 1275 2373 S
1291 2346 1356 2373 ant.
1377 2352 1418 2372 m.
1442 2340 1466 2371 F
1482 2350 1587 2379 marg.

267 2393 307 2422 28
333 2390 484 2432 ἐξέλθητε
502 2391 598 2421 codd.
619 2390 726 2420 Suid.:
754 2388 912 2429 ἐξέλθοιτε
932 2387 1068 2418 Bckkcr

1606 918 1642 939 10

1606 1250 1644 1284 15

1609 1583 1647 1605 20

1610 1915 1648 1947 25
