1763 2828
97 115 211 167 [276]

150 367 215 402 149

103 419 213 474 [277]

151 902 217 938 150

152 1499 212 1535 151

671 113 1154 150 ΔΗΜΟΣΘΕΝΗΎΣ
1452 107 1572 155 [xvm

242 216 265 273 ᾖ
297 217 359 257 καὶ
394 216 482 268 παρ’
518 218 621 268 ὑμῶν
655 220 732 257 τῶν
766 217 1007 257 ὑπεναντίων
1039 216 1060 254 ὁ
1091 218 1206 255 τοῦτο
1239 218 1372 261 ποιῶν,
1404 215 1576 267 εὐπόρως

246 283 400 335 λήσειν·
439 285 534 336 ὅπερ
561 283 725 334 συνέβη.
797 287 878 325 πῶς
903 282 969 322 οὖν
995 281 1100 322 ταῦτ’
1122 283 1328 332 ἐποίησεν,·
1367 285 1577 333 μισθοῦται

246 351 412 391 τουτονί.
485 350 642 392 οὐδενὸς
686 352 726 391 δὲ
770 350 1007 402 προειδότος,
1053 349 1171 400 οἶμαι,
1215 348 1259 389 τὸ
1301 348 1446 401 πρᾶγμ’
1488 349 1576 390 οὐδὲ

247 417 529 469 φυλάττοντος,
557 418 693 469 ὥσπερ
724 418 835 458 εἴωθε
866 419 913 457 τὰ
938 419 1097 456 τοιαῦτα
1123 415 1212 467 παρ’
1238 416 1327 466 ὑμῖν
1353 417 1575 468 γίγνεσθαι,

246 484 487 537 προβληθεὶς
520 483 744 536 πυλάγορος
777 484 889 526 οὗτος
924 484 984 524 καὶ
1017 487 1135 535 τριῶν
1166 480 1188 533 ἦ
1221 481 1417 534 τεττάρων
1447 499 1575 536 χειρο-

245 551 498 602 τονησάντων
523 551 640 591 αὐτὸν
665 550 870 603 ἀνερρήθη.
942 551 992 592 ὡς
1018 552 1058 591 δὲ
1084 550 1128 590 τὸ
1153 552 1221 600 τῆς
1247 549 1401 592 πόλεως
1425 549 1579 601 ἀξίωμα

245 619 386 670 λαβὼν
415 617 568 669 ἀφίκετ’
599 619 654 659 εἰς
687 618 776 660 τοὺς
807 617 1114 670 Ἀμφικτύονας,
1150 616 1279 657 πάντα
1311 616 1427 657 τᾶλλ’
1462 617 1578 668 ἀφεὶς

246 686 307 725 καὶ
328 685 500 736 παριδὼν
521 683 725 736 ἐπέραινεν
745 683 810 736 ἐφ’
832 684 888 726 οἷς
909 684 1122 734 ἐμισθώθη,
1147 685 1208 724 καὶ
1234 684 1379 735 λόγους
1406 683 1574 735 εὐπροσ-

245 752 372 793 ώπους
407 751 468 791 καὶ
497 751 654 801 μύθους,
690 751 780 791 ὅθεν
813 750 835 801 ἡ
873 751 1038 803 Κιρραία
1071 751 1182 803 χώρα
1217 750 1445 801 καθιερώθη,
1481 766 1574 791 συν-

247 818 326 860 θεὶς
353 818 414 858 καὶ
440 816 652 868 διεξελθὼν
672 817 898 869 ἀνθρώπους
918 818 1099 869 ἀπείρους
1118 818 1251 868 λόγων
1271 817 1334 857 καὶ
1359 816 1403 857 τὸ
1427 816 1579 867 μέλλον

247 885 290 925 οὗ
327 883 638 936 προορωμένους,
678 883 767 926 τοὺς
810 882 1105 936 ἱερομνήμονας,
1145 884 1271 924 πείθει
1312 885 1580 936 ψηφίσασθαι

248 953 468 1003 περιελθεῖν
497 950 568 1001 τὴν
598 951 744 1004 χώραν,
776 949 824 1001 ἣν
855 952 890 991 οἱ
923 952 995 1001 μὲν
1024 949 1271 1002 Ἀμφισσεῖς
1305 953 1422 1003 σφῶν
1451 950 1580 990 αὐτῶν

247 1018 371 1058 οὖσαν
401 1021 589 1070 γεωργεῖν
620 1018 792 1070 ἔφασαν,
827 1017 940 1059 οὗτος
974 1019 1014 1058 δὲ
1048 1019 1117 1067 τῆς
1151 1019 1256 1068 ἱερᾶς
1290 1017 1422 1070 χώρας
1453 1015 1579 1072 ιἠτιᾶτ’

247 1084 358 1131 εἶναι,
391 1084 574 1135 οὐδεμίαν
607 1085 716 1134 δίκην
750 1087 826 1125 τῶν
858 1087 1020 1136 Λοκρῶν
1051 1084 1282 1136 ἐπαγόντων
1312 1083 1417 1134 ἡμῖν,
1448 1082 1526 1124 οὐδ’
1556 1082 1581 1123 ἃ

247 1154 313 1192 νῦν
339 1151 624 1203 προφασίζεται
650 1149 780 1203 λέγων
808 1151 875 1191 οὐκ
906 1152 1046 1201 ἀληθῆ.
1120 1151 1329 1203 γνώσεσθε
1358 1149 1391 1190 δ’
1417 1151 1578 1191 ἐκεῖθεν.

246 1217 315 1258 οὐκ
354 1219 445 1268 ἐνῆν
484 1217 576 1258 ἄνευ
617 1221 686 1257 τοῦ
730 1216 1089 1269 προσκαλέσασθαι
1132 1215 1255 1267 δήπου
1296 1220 1378 1259 τοῖς
1416 1219 1581 1268 Λοκροῖς

246 1285 356 1334 δίκην
391 1286 486 1325 κατὰ
522 1286 591 1334 τῆς
628 1285 781 1327 πόλεως
819 1284 1076 1325 τελέσασθαι.
1150 1284 1208 1326 τίς
1241 1284 1308 1324 οὖν
1342 1282 1581 1333 ἐκλήτευσεν

245 1351 364 1402 ἡμᾶς;
404 1352 468 1392 ἐπὶ
494 1352 607 1393 ποίας
633 1352 774 1404 ἀρχῆς;
816 1352 900 1392 εἰπὲ
925 1351 994 1391 τὸν
1021 1351 1162 1398 εἰδότα,
1191 1350 1331 1401 δεῖξον.
1396 1350 1488 1391 ἀλλ’
1512 1349 1580 1391 οὐκ

246 1417 294 1458 ἂν
323 1418 444 1471 ἔχοις,
476 1419 582 1458 ἀλλὰ
614 1419 703 1473 κενῇ
736 1417 937 1470 προφάσει
967 1417 1086 1473 ταύτῃ
1122 1421 1297 1470 κατεχρῶ
1332 1418 1394 1457 καὶ
1426 1418 1578 1468 ψευδεῖ.

247 1485 478 1537 περιιόντων
507 1486 636 1525 τοίνυν
667 1484 737 1534 τὴν
773 1484 906 1537 χώραν
936 1488 1012 1524 τῶν
1043 1483 1345 1536 Ἀμφικτυόνων
1379 1484 1476 1523 κατὰ
1509 1482 1579 1532 τὴν

247 1549 450 1603 ὑφήγησιν
475 1551 544 1601 την
569 1551 719 1597 τούτου,
750 1552 1048 1602 προσπεσόντες
1075 1552 1111 1591 οἱ
1132 1550 1276 1601 Λοκροὶ
1300 1553 1437 1601 μικροῦ
1461 1566 1577 1599 κατη-

248 1618 435 1658 κόντισαν
465 1617 651 1664 ἅπαντας,
686 1619 795 1660 τινὰς
830 1620 871 1658 δὲ
906 1617 967 1657 καὶ
1005 1616 1265 1669 συνήρπασαν
1294 1620 1371 1657 τῶν
1400 1618 1577 1668 ἱερομνη-

247 1685 391 1735 μόνων.
463 1685 513 1726 ὡς
555 1684 587 1723 δ’
624 1683 732 1734 ἅπαξ
766 1686 807 1724 ἐκ
844 1685 991 1725 τούτων
1032 1683 1260 1735 ἐγκλήματα
1303 1683 1364 1723 καὶ
1407 1684 1582 1733 πόλεμος

248 1750 344 1803 πρὸς
369 1751 458 1792 τοὺς
484 1751 728 1803 Ἀμφισσεῖς
756 1750 965 1804 ἐταράχθη,
989 1750 1032 1790 τὸ
1058 1752 1129 1800 μὲν
1155 1754 1308 1802 πρῶτον
1333 1750 1353 1789 ὀ
1374 1750 1581 1802 Κόττυφος

250 1817 378 1858 αὐτῶν
404 1822 481 1857 τῶν
506 1817 807 1869 Ἀμφικτυόι,·ων
832 1817 955 1869 ἤγαγε
984 1816 1185 1869 στρατιάν,
1213 1817 1264 1858 ὡς
1294 1816 1325 1857 δ’
1351 1819 1386 1857 οἱ
1415 1818 1489 1868 μὲν
1513 1815 1581 1857 οὐκ

250 1884 385 1935 ἦλθον,
407 1885 442 1924 οἱ
463 1883 494 1924 δ’
513 1884 696 1926 ἐλθόντες
719 1884 830 1925 οὐδὲν
850 1885 1019 1930 ἐποίουν,
1039 1885 1092 1925 εἰς
1112 1883 1182 1933 τὴν
1203 1885 1390 1925 ἐπιοῦσαν
1410 1883 1582 1924 πυλαίαν

251 1952 315 1992 ἐπὶ
348 1951 417 1992 τὸν
449 1952 652 1992 Φίλιππον
686 1949 796 1992 εὐθὺς
830 1950 990 2002 ἡγεμόν’
1022 1951 1118 2002 ἦγον
1151 1952 1187 1991 οἱ
1222 1949 1582 2001 κατεσκευασμένοι

254 2018 315 2058 καὶ
345 2017 468 2058 πάλαι
498 2019 662 2069 πονηροὶ
695 2021 773 2058 τῶν
806 2020 1022 2058 Θετταλῶν
1053 2018 1114 2057 καὶ
1144 2021 1222 2057 τῶν
1253 2019 1295 2058 ἐν
1323 2021 1409 2060 ταῖς
1438 2016 1582 2059 ἄλλαις

297 2139 315 2168 5
339 2128 519 2170 πυλάγορος
538 2127 617 2159 SlA
632 2138 727 2167 corr¹⁷
747 2127 912 2167 Harpocr.
930 2139 936 2158 :
962 2127 1142 2168 πυλαγόρας
1161 2126 1185 2158 S
1203 2138 1290 2158 corr.
1307 2127 1332 2157 L
1350 2126 1438 2166 vulg.
1529 2127 1580 2158 καὶ

253 2173 332 2203 secl.
355 2173 463 2203 Cobet
578 2182 611 2202 11
640 2172 713 2204 τοὺς
732 2171 955 2213 ἱερομνήμονας
972 2171 1051 2202 secl.
1071 2171 1179 2201 Cobet
1287 2181 1323 2209 15
1348 2169 1580 2212 προφασίζεται

253 2215 361 2257 λέγων
378 2216 427 2247 Y:
455 2215 545 2247 οὗτος
563 2223 657 2257 προφ.
677 2215 784 2255 λέγων
801 2214 824 2245 S
840 2214 865 2244 L
883 2226 888 2244 :
913 2222 1005 2255 προφ.
1027 2214 1117 2246 οὗτος
1135 2214 1242 2255 λέγων
1259 2214 1288 2244 Α
1306 2214 1404 2244 Vind.
1428 2224 1439 2243 1
1459 2225 1465 2242 ι
1490 2212 1580 2246 οὗτος

254 2259 362 2300 λέγων
390 2267 485 2301 προφ.
518 2259 542 2289 F
558 2259 584 2289 Β
615 2259 704 2297 vulg.
884 2259 922 2288 18
958 2259 1007 2289 ἐπὶ
1035 2258 1065 2288 Α
1079 2258 1109 2288 O
1140 2268 1242 2296 marg.
1259 2270 1264 2288 :
1303 2258 1364 2289 ἀπὸ
1393 2257 1417 2287 S
1432 2256 1458 2287 L
1486 2257 1577 2295 vulg.

258 2313 296 2341 19
321 2303 412 2345 κενῇ]
427 2305 519 2344 καινῇ
538 2302 562 2334 S
576 2302 617 2342 A,
638 2302 678 2332 cf.
699 2305 713 2339 ᾗ
734 2312 797 2341 239
886 2311 923 2331 21
953 2301 1095 2333 ἅπαντας
1112 2306 1185 2340 post
1203 2300 1442 2339 κατηκόντισαν
1456 2302 1479 2329 S
1493 2310 1577 2330 corr·

254 2356 303 2385 pr.
323 2347 348 2376 Ι,
361 2346 410 2377 A:
438 2352 516 2376 ante
535 2345 773 2383 κατηκόντισαν
793 2344 817 2374 F
834 2346 921 2384 vulg.
943 2356 948 2374 :
974 2355 1037 2375 om.
1060 2344 1093 2375 S¹
1200 2355 1241 2375 22
1265 2347 1330 2376 τῶν
1347 2343 1581 2385 ἱερομνημόνων

255 2390 332 2420 scel.
357 2389 573 2420 Rex-werden
709 2390 751 2419 26
775 2389 804 2420 οἱ
820 2389 847 2420 δ’
866 2388 1015 2420 ἐλθόντες
1033 2398 1096 2419 om.
1119 2388 1152 2420 S¹
1171 2389 1195 2418 L
1213 2392 1291 2418 text.

1599 503 1616 534 5

1602 834 1640 858 10

1602 1499 1642 1521 20
