1763 2828
133 142 235 196 [155]

193 461 234 486 12

191 796 230 830 13

188 1792 225 1828 15

667 136 1182 192 [ΔΗΜΟΣΘΕΝΟΎΣ]
1531 137 1590 193 [m

266 243 457 296 βέβηκεν.
531 246 589 286 ἔτι
614 247 655 287 δὲ
679 249 756 286 τῶν
784 247 856 297 μὲν
881 249 1044 286 πολλῶν
1075 247 1144 286 ἐὰν
1176 245 1327 303 ἁμάρτῃ
1357 263 1427 293 τις,
1457 248 1592 298 ζημίας

267 313 364 352 κατὰ
389 312 459 362 τὴν
484 311 598 363 ἀξίαν
623 314 803 365 εἴληφεν·
840 314 876 352 οἱ
901 311 934 352 δ’
959 313 1055 353 ὅταν
1086 312 1264 363 μάλιστα
1295 314 1589 366 κατορθώσωσι,

264 379 354 420 τότε
384 378 562 430 μάλιστα
590 380 888 431 σκορακίζονται
923 380 985 420 καὶ
1021 380 1382 431 προπηλακίζονται
1411 383 1516 434 παρὰ
1547 381 1592 422 τὸ

264 448 480 497 προσῆκον.
545 447 606 486 καὶ
631 446 782 489 τούτοις
807 446 887 486 οὐδ’
912 446 961 487 ἂν
987 446 1041 488 εἶς
1066 446 1107 487 εὖ
1133 450 1292 499 φρονῶν
1317 446 1589 497 ἀπιστήσειεν·

263 513 365 553 οὕτω
389 514 463 565 γὰρ
490 513 702 565 φιλότιμον
731 513 849 554 αὐτὸν
879 513 982 554 εῖναί
1004 519 1131 566 φασιν
1166 515 1202 554 οἱ
1236 515 1592 567 συνδιατρίψαντες
1611 532 1629 564 5

263 579 367 620 ὥστε
392 580 642 630 βουλόμενον
661 581 709 619 τὰ
728 579 928 620 κάλλιστα
946 583 1024 620 τῶν
1044 580 1169 633 ἔργων
1190 580 1306 621 πάνθ’
1325 581 1443 621 αὑτοῦ
1461 583 1592 623 δοκεῖν

263 645 362 686 εῖναι
394 649 552 697 μᾶλλον
577 646 773 699 ἄχθεσθαι
803 651 881 687 τῶν
912 651 1143 699 στρατηγῶν
1179 647 1241 687 καὶ
1273 651 1351 688 τῶν
1384 648 1592 700 ἡγεμόνων

261 716 340 755 τοῖς
375 711 486 763 ἄξιον
517 714 680 753 ἐπαίνου
715 730 752 753 τι
787 713 986 766 πράξασιν
1017 710 1041 764 ἢ
1074 717 1154 756 τοῖς
1190 715 1293 756 ὅλως
1330 714 1588 768 ἀποτυχοῦσι.

261 783 342 821 πῶς
367 779 448 825 οῦν,
477 780 586 831 ε’ίπερ
611 779 699 820 ἐστὶ
722 783 843 820 ταῦτα
867 784 1038 827 τοιαῦτα,
1067 784 1219 823 πιστῶς
1243 781 1314 832 ἤδη
1342 781 1470 822 πολὺν
1495 783 1588 835 χρό-

260 862 329 886 νον
359 845 461 900 αὐτῷ
492 845 807 899 παραμένουσιν,·
845 847 906 887 ὅτι
939 851 1008 888 νῦν
1039 847 1125 898 μέν,
1153 846 1182 888 ὦ
1207 847 1344 900 ἄνδρες
1371 847 1588 899 Ἀθηναῖοι,
1615 863 1653 887 10

259 911 304 951 τὸ
331 915 542 965 κατορθοῦν
567 912 685 953 αὐτὸν
718 915 925 955 ἐπισκοτεῖ
954 917 1055 954 πᾶσι
1087 917 1168 956 τοῖς
1200 914 1404 956 τοιούτοις·
1444 917 1483 956 αἱ
1515 917 1592 968 γὰρ

261 978 465 1032 εὐπραξίαι
502 981 626 1021 δειναὶ
665 980 895 1033 συγκρύψαι
934 982 996 1021 καὶ
1035 980 1254 1022 συσκιάσαι
1291 983 1361 1023 τὰς
1401 982 1591 1034 ἁμαρτίας

259 1049 337 1087 τῶν
372 1047 589 1099 ἀνθρώπων
625 1048 742 1088 εἰσίν·
781 1049 815 1088 εἰ
848 1047 890 1088 δέ
923 1065 960 1088 τι
992 1048 1164 1094 πταίσει,
1191 1047 1271 1087 τότ’
1298 1048 1472 1099 ἀκριβῶς
1505 1050 1588 1089 δια-

261 1112 561 1165 καλυφθήσεται
602 1117 724 1154 ταῦτα
765 1113 906 1155 πάντα.
977 1115 1192 1165 συμβαίνει
1239 1114 1326 1167 γάρ,
1370 1115 1507 1166 ὥσπερ
1548 1116 1590 1156 ἐν

259 1183 340 1222 τοῖς
366 1180 550 1231 σώμασιν
575 1181 697 1232 ἡμῶν·
734 1181 830 1222 ὅταν
853 1183 926 1232 μὲν
951 1180 1168 1234 ἐρρωμένος
1192 1180 1217 1237 ᾗ
1241 1197 1312 1227 τις,
1339 1181 1453 1223 οὐδὲν
1479 1182 1588 1222 ἐπαι-
1614 1195 1649 1229 15

261 1245 450 1288 σθάνεται
487 1251 564 1289 τῶν
604 1247 688 1288 καθ’
725 1247 875 1288 ἕκαστα
917 1251 1087 1300 σαθρῶν,
1126 1249 1226 1288 ἐπὰν
1261 1247 1295 1287 δ’
1333 1246 1587 1304 ἀρρωστήσῃ,

259 1312 389 1354 πάντα
422 1318 596 1361 κινεῖται,
630 1313 701 1354 κᾶν
727 1315 861 1367 ῥῆγμα
895 1314 965 1355 κᾶν
999 1314 1179 1366 στρέμμα
1205 1313 1276 1354 κᾶν
1308 1313 1411 1354 ἄλλο
1444 1331 1481 1354 τι
1511 1317 1589 1355 τῶν

257 1380 516 1433 ὑπαρχόντων
539 1380 562 1437 ᾗ
583 1381 635 1432 μὴ
661 1380 807 1423 τελέως
826 1382 1011 1433 ὑγιεινόν·
1052 1382 1151 1421 οὕτω
1179 1381 1240 1421 καὶ
1265 1384 1344 1421 τῶν
1368 1384 1590 1431 βασιλειῶν

259 1447 321 1487 καὶ
347 1448 514 1488 ἁπασῶν
547 1451 623 1488 τῶν
656 1450 911 1494 δυναστειῶν,
939 1447 1012 1489 ἕως
1044 1449 1117 1498 μὲν
1143 1446 1191 1487 ἂν
1217 1448 1260 1487 ἐν
1288 1450 1370 1489 τοῖς
1399 1446 1589 1498 πολέμοις

258 1516 514 1565 κατορθῶσιν,
543 1515 677 1566 ἀφανῆ
702 1516 751 1554 τὰ
776 1513 874 1554 κακά
906 1514 994 1554 ἐστι
1023 1517 1105 1556 τοῖς
1139 1516 1317 1560 πολλοῖς,
1345 1514 1444 1554 ἐπὰν
1473 1513 1517 1554 δέ
1551 1530 1589 1554 τι
1610 1527 1648 1550 20

257 1581 494 1627 πταίσωσιν,
529 1580 550 1620 ὃ
585 1584 654 1622 νῦν
689 1582 830 1621 παθεῖν
866 1581 970 1622 εἰκὸς
1008 1582 1159 1621 ἐκεῖνον
1196 1580 1328 1630 μεῖζον
1365 1581 1529 1632 φορτίον
1564 1577 1588 1630 ἢ

257 1645 341 1686 καθ’
370 1646 487 1687 αὑτὸν
523 1648 743 1699 αἰρόμενον,
774 1647 953 1699 γίγνεται
992 1648 1146 1700 φανερὰ
1176 1648 1224 1686 τὰ
1255 1649 1428 1699 δυσχερῆ
1459 1646 1589 1687 πάντα

256 1715 338 1755 τοῖς
362 1712 524 1754 ἅπασιν.

326 1781 375 1820 Εἰ
399 1779 442 1820 δέ
465 1797 524 1822 τις
547 1781 667 1831 ὑμῶν,
693 1779 724 1821 ὦ
750 1780 886 1833 ἄνδρες
912 1780 1127 1831 Ἀθηναῖοι,
1157 1779 1227 1820 τὸν
1251 1780 1457 1820 Φίλιππον
1487 1779 1589 1830 ὁρῶν

258 1845 498 1900 εὐτυχοῦντα
530 1847 711 1899 φοβερὸν
744 1847 844 1888 εἶναι
877 1848 1025 1898 νομίζει
1059 1847 1121 1887 καὶ
1155 1845 1471 1896 δυσπολέμητον,
1506 1845 1586 1885 σώ-
1609 1862 1646 1892 25

257 1918 405 1965 φρονος
428 1916 502 1964 μὲν
527 1913 666 1965 ἀνδρὸς
691 1917 834 1967 χρῆται
855 1915 1032 1967 προνοίᾳ·
1070 1912 1225 1965 μεγάλη
1252 1914 1326 1965 γὰρ
1349 1911 1464 1964 ῥοπή,
1484 1914 1585 1963 μᾶλ-

257 1984 331 2020 λον
356 1982 399 2020 δὲ
423 1980 467 2020 τὸ
492 1981 588 2021 ὅλον
612 1981 636 2031 ἡ
663 1981 761 2034 τύχη
783 1981 869 2021 ἐστὶ
895 1980 991 2033 πρὸς
1016 1980 1172 2021 ἅπαντα
1196 1982 1244 2020 τὰ
1268 1984 1346 2020 τῶν
1371 1978 1588 2030 ἀνθρώπων

259 2046 482 2100 πράγματα·
521 2049 617 2088 κατὰ
642 2047 819 2089 πολλοὺς
851 2047 987 2097 μέντοι
1011 2047 1178 2099 τρόπους
1207 2045 1328 2087 ἕλοιτ’
1352 2045 1400 2086 ἄν
1429 2061 1488 2087 τις
1512 2044 1588 2098 οὐχ

307 2172 320 2192 1
349 2161 458 2202 ζημίας
477 2161 500 2192 S
517 2173 524 2192 :
550 2161 663 2201 ζημίαν
680 2165 757 2192 cett.
895 2171 913 2191 2
940 2160 1088 2201 εἴληφεν]
1109 2160 1228 2200 ἔτυχεν
1244 2159 1354 2190 Cobet
1442 2157 1588 2198 μάλιστα

261 2205 285 2236 S
297 2204 347 2236 A:
373 2205 516 2246 μέγιστα
533 2206 622 2244 vulg.
725 2214 745 2243 5
770 2205 867 2236 αὐτὸν
883 2209 961 2234 ante
979 2204 1153 2244 φιλότιμον
1170 2203 1261 2242 vulg.
1363 2205 1400 2239 ξς
1422 2210 1526 2240 13—15
1543 2201 1582 2232 cf.

260 2249 281 2278 ii
299 2259 405 2279 20—22
571 2258 610 2278 12
635 2249 685 2280 καὶ
703 2246 891 2288 συσκιάσαι]
911 2257 975 2279 om.
996 2248 1019 2277 S
1037 2248 1070 2277 in
1089 2247 1108 2276 ii
1127 2257 1169 2277 20
1279 2247 1336 2277 τὰς
1353 2244 1506 2285 ἁμαρτίας
1521 2248 1587 2276 τῶν

260 2291 444 2332 ἀνθρώπων]
469 2292 511 2323 τὰ
534 2294 667 2324 τοιαῦτα
690 2291 795 2329 ὀνείδη
820 2290 853 2321 Α
877 2296 911 2321 et
935 2291 957 2320 ii
982 2301 1024 2320 20
1185 2290 1223 2320 18
1254 2289 1394 2329 ὑγιεινόν
1420 2287 1585 2318 SFY02

260 2337 405 2376 ὑγιαῖνον
421 2336 507 2373 vulg.
689 2345 730 2365 20
761 2335 851 2366 ἐστίν
876 2339 952 2374 post
979 2337 1046 2366 τοῖς
1071 2335 1205 2365 πολλοῖς
1229 2333 1319 2371 vulg.
1451 2345 1482 2362 τι
1506 2335 1586 2361 ante

261 2379 442 2410 πταίσωσιν
459 2389 526 2408 om.
547 2378 593 2409 S:
622 2379 696 2409 add.
717 2378 805 2417 vulg.
983 2387 1024 2407 22
1052 2376 1217 2417 αἶρόμενον
1240 2376 1283 2407 S:
1318 2374 1472 2416 ἀράμενον
1494 2374 1581 2414 vulg.

262 2431 302 2460 27
327 2422 365 2454 τὸ
383 2431 448 2452 om.
465 2421 495 2451 Y
509 2422 549 2460 O,
570 2421 610 2452 cs.
631 2422 652 2451 ii
670 2431 711 2451 22
802 2421 873 2453 ἐστὶ
891 2431 955 2452 om.
976 2421 1006 2451 A
