1763 2828
111 112 231 167 [260]

168 299 233 333 103

167 701 232 734 104

164 1301 227 1338 105

166 1981 231 2016 106

689 113 1176 152 ΔΗΜΟΣΘΕΝΟΎΣ
1467 111 1589 165 [xvm

264 219 360 270 ὅπερ
386 218 433 269 ἦν
458 219 776 272 χρησιμώτατον,
801 219 843 259 ἐν
869 221 986 272 καιρῷ
1012 219 1223 270 γίγνεσθαι
1247 218 1316 260 τὰς
1340 221 1592 271 παρασκευὰς

266 286 448 336 ἐποίησα.
510 286 572 327 καὶ
598 286 767 338 γραφεὶς
790 285 859 326 τὸν
885 286 1020 337 ἀγῶνα
1039 288 1175 325 τοῦτον
1202 286 1256 327 εἰς
1280 286 1379 336 ὑμᾶς
1400 287 1591 337 εἰσῆλθον

265 352 327 392 καὶ
364 352 583 406 ἀπέφυγον,
626 354 688 393 καὶ
727 352 771 392 τὸ
808 351 926 405 μέρος
965 356 1043 393 τῶν
1080 350 1235 404 ψήφων
1277 353 1297 391 ὁ
1334 352 1485 394 διώκων
1523 353 1591 394 οὐκ

264 419 427 470 ἔλαβεν.
500 421 626 460 καίτοι
662 420 770 460 πόσα
806 418 990 473 χρήματα
1025 419 1114 460 τοὺς
1146 418 1344 471 ἡγεμόνας
1376 423 1454 460 τῶν
1492 437 1589 471 συμ-

262 490 408 538 μοριῶν
443 483 466 537 ἢ
503 486 592 529 τοὺς
629 486 830 538 δευτέρους
868 487 931 527 καὶ
966 488 1118 539 τρίτους
1155 485 1290 527 οἴεσθέ
1324 503 1391 537 μοι
1428 487 1590 534 διδόναι,
1614 504 1631 536 5

263 553 368 594 ὥστε
399 553 576 605 μάλιστα
607 555 680 605 μὲν
712 553 765 605 μὴ
792 556 916 594 θεῖναι
947 553 1016 594 τὸν
1050 553 1172 603 νόμον
1204 556 1356 600 τοῦτον,
1385 554 1418 594 εἶ
1451 555 1493 595 δὲ
1524 552 1591 605 μή,

265 619 557 671 καταβάλλοντ’
591 621 661 660 ε’ἇν
694 622 736 661 ἐν
768 620 995 674 ὑπωμοσίᾳ;
1036 619 1211 666 τοσαῦτ’,
1247 618 1276 660 ὦ
1309 619 1447 671 ἄνδρες
1471 619 1589 671 Ἀθη-

263 690 378 732 ναῖοι,
400 686 462 726 ὅσ’
482 685 690 737 ὀκνήσαιμ’
710 686 758 727 ἂν
778 687 873 739 πρὸς
897 688 996 738 ὑμᾶς
1023 688 1159 728 εἰπεῖν.
1221 688 1283 728 καὶ
1308 687 1413 727 ταῦτ’
1434 687 1593 730 εἰκότως

263 753 458 804 ἔπραττον
493 754 648 794 ἐκεῖνοι.
720 753 767 805 ἦν
805 755 881 805 γὰρ
918 754 1049 797 αὐτοῖς
1091 755 1133 794 ἐκ
1171 755 1243 804 μὲν
1279 757 1357 795 τῶν
1393 753 1594 806 προτέρων

263 820 394 870 νόμων
443 821 724 860 συνεκκαίδεκα
771 824 1018 876 λῃτουργεῖν,
1071 820 1201 862 αὐτοῖς
1247 823 1318 872 μὲν
1365 822 1483 872 μικρὰ
1530 821 1593 862 καὶ

262 887 375 928 οὐδὲν
408 887 684 933 ἀναλίσκουσι,
717 887 807 929 τοὺς
843 886 875 927 δ’
910 887 1081 939 ἀπόρους
1119 891 1196 928 τῶν
1233 891 1406 928 πολιτῶν
1445 889 1589 940 ἐπιτρί-

260 958 421 1004 βουσιν,
460 955 503 994 ἐκ
542 956 583 995 δὲ
621 957 689 994 τοῦ
727 955 822 1005 ἐμοῦ
864 955 983 1005 νόμου
1024 954 1068 994 τὸ
1111 955 1346 1006 γιγνόμενον
1386 956 1483 994 κατὰ
1522 955 1593 1005 τὴν

260 1020 401 1062 οὐσίαν
427 1021 596 1062 ἕκαστον
620 1021 783 1067 τιθέναι,
814 1022 876 1062 καὶ
910 1024 1017 1062 δυοῖν
1055 1020 1182 1073 ἐφάνη
1217 1020 1453 1075 τριήραρχος
1480 1022 1501 1061 ὁ
1526 1024 1594 1072 τῆς

258 1091 349 1138 μιᾶς
375 1088 485 1130 ἕκτος
512 1089 575 1128 καὶ
600 1088 762 1130 δέκατος
787 1089 978 1140 πρότερον
1012 1086 1219 1138 συντελής·
1262 1088 1349 1128 οὐδὲ
1384 1089 1459 1140 γὰρ
1490 1105 1594 1140 τριη-

259 1154 429 1208 ράρχους
452 1154 506 1195 ἔτ’
533 1155 736 1207 ὠνόμαζον
770 1155 943 1201 ἑαυτούς,
971 1155 1078 1195 ἀλλὰ
1114 1158 1331 1197 συντελεῖς.
1407 1155 1513 1196 ὥστε
1548 1154 1593 1205 δὴ

260 1225 380 1262 ταῦτα
408 1225 575 1273 λυθῆναι
606 1224 667 1263 καὶ
700 1222 752 1273 μὴ
782 1224 830 1263 τὰ
859 1224 988 1263 δίκαια
1021 1226 1149 1263 ποιεῖν
1185 1223 1498 1275 ἀναγκασθῆναι,
1526 1221 1595 1262 οὐκ

260 1288 346 1329 ἔσθ’
374 1290 396 1329 ὅ
419 1306 455 1329 τι
480 1290 546 1330 οὐκ
577 1290 774 1330 ἐδίδοσαν.
836 1290 902 1330 καί
930 1306 996 1340 μοι
1026 1288 1123 1341 λέγε
1155 1292 1309 1341 πρῶτον
1344 1291 1416 1340 μὲν
1440 1288 1486 1329 τὸ
1512 1287 1592 1341 ψή-

260 1361 393 1407 φισμα
419 1355 502 1396 καθ’
529 1355 550 1396 δ
576 1358 765 1407 εἰσῆλθον
791 1355 862 1407 τὴν
888 1355 1061 1409 γραφήν,
1091 1356 1175 1397 εἶτα
1207 1356 1297 1398 τοὺς
1336 1356 1592 1408 καταλόγους,

258 1423 327 1463 τόν
351 1422 385 1463 τ’
406 1425 447 1464 ἐκ
473 1426 541 1463 τοῦ
565 1422 756 1476 προτέρου
782 1424 903 1474 νόμου
923 1424 986 1464 καὶ
1014 1423 1083 1464 τὸν
1107 1425 1204 1463 κατὰ
1223 1423 1292 1463 τὸν
1314 1423 1422 1474 ε’μόν.
1484 1422 1592 1475 λέγε.

828 1520 1027 1549 ΨΗΦῙΣΜΑ.

312 1569 445 1623 [Th-‘z’
430 1573 607 1623 οίρχοντος
627 1572 878 1616 Πολυκλέους,
892 1572 1006 1620 μηνὸς
1024 1570 1335 1620 βοηδρομιῶνος“
1318 1587 1403 1621 εκτῃ
1420 1571 1480 1609 ἐπι
1495 1570 1592 1615 δέκα,

258 1629 382 1676 φυλῆς
406 1627 704 1676 πρυτανευούσης
729 1624 1021 1670 Ιπποθωντίδος,
1053 1625 1301 1675 Δημοσθένης
1329 1625 1594 1674 Δημοσθένους

258 1682 453 1721 Παιανιεὺς
473 1682 663 1733 εἰσήνεγκε
684 1681 816 1730 νόμον
808 1678 869 1720 [εἷς
880 1678 934 1731 τὸ]
949 1681 1208 1747 τριηραρχικὸν
1225 1679 1305 1718 ἀντὶ
1323 1682 1389 1718 τοῦ
1403 1680 1592 1729 πρότερον,

259 1735 337 1775 καθ’
357 1735 398 1774 ὃν
418 1753 455 1773 αι
475 1735 723 1773 συντέλειαι
703 1740 801 1784 ἦσαν
821 1738 893 1772 τῶν
914 1736 1154 1786 τριηράρχων·
1188 1735 1248 1772 καὶ
1268 1734 1594 1785 ἐπεχειροτόνησεν

257 1790 439 1840 ἡβουλὴ
475 1807 534 1827 και
568 1791 587 1827 ὁ
620 1790 743 1839 δῆμος·
790 1807 849 1826 και
886 1790 1068 1840 ἀπήνεγκε
1102 1789 1324 1838 παρανόμων
1359 1788 1595 1838 Δημοσθένει

259 1846 482 1895 Πατροκλῆς
501 1846 653 1889 Φλυεύς,
677 1844 735 1881 καὶ
754 1845 797 1882 τὸ
818 1844 928 1894 μέρος
953 1847 1025 1882 τῶν
1048 1844 1185 1893 ψήφων
1204 1845 1246 1881 οὐ
1270 1843 1402 1892 λαβὼν
1422 1844 1594 1881 ἀπέτεισε

258 1902 323 1940 τὰς
342 1899 586 1939 πεντακοσίας
606 1898 798 1950 δραχμάς]

329 1977 433 2030 Φέρε
458 1977 503 2028 δὴ
531 1978 592 2018 καὶ
620 1976 687 2017 τὸν
714 1976 836 2017 καλὸν
865 1975 1101 2028 κατάλογον.

305 2098 324 2118 2
349 2087 536 2129 παρανόμων
554 2091 632 2127 post
648 2088 765 2118 τοῦτον
780 2085 857 2116 add.
875 2085 961 2124 vulg.
979 2097 985 2115 :
1010 2094 1073 2116 orn.
1093 2084 1116 2115 S
1130 2084 1155 2114 L
1168 2083 1193 2114 F
1319 2085 1437 2116 τοῦτον
1454 2084 1498 2115 εἷς
1516 2085 1593 2122 ὑμᾶς

261 2131 340 2162 secl
359 2131 458 2161 Blass
474 2141 544 2162 sec.
563 2130 668 2161 schol.
833 2139 853 2168 3
878 2128 1023 2167 πέμπτον
1039 2133 1117 2158 ante
1134 2127 1227 2169 μέρος
1244 2127 1320 2158 add.
1338 2127 1368 2157 A
1385 2126 1474 2166 vulg.
1495 2138 1501 2157 :
1526 2137 1591 2158 orn.

263 2175 287 2206 S
300 2174 339 2204 Ll
352 2174 386 2212 F,
406 2175 444 2205 cf.
464 2177 501 2213 ᾗῇ
521 2185 596 2213 222,
615 2182 690 2212 250,
709 2173 773 2203 266
922 2182 938 2210 7
964 2171 1220 2209 καταβάλλοντα
1238 2171 1260 2201 S
1273 2170 1312 2200 L¹
1325 2170 1363 2200 Fl
1375 2170 1404 2200 Y
1417 2170 1468 2209 Q:
1495 2183 1591 2202 κατα-

263 2218 411 2255 βαλόντα
426 2219 458 2249 Α
474 2218 564 2258 vulg.
748 2226 785 2246 10
809 2216 1039 2248 συνεκκαίδεκα
1056 2215 1080 2246 S
1093 2215 1119 2245 L
1136 2214 1226 2254 vulg.
1244 2226 1250 2244 :
1276 2215 1336 2246 σὺν
1352 2215 1521 2246 ἑκκαίδεκα
1538 2214 1568 2244 Ο
1584 2224 1591 2243 ι

264 2263 324 2294 σὺν
347 2261 380 2302 ἓξ
403 2264 454 2294 καὶ
479 2261 556 2294 δέκα
579 2260 693 2292 Christ
852 2270 888 2297 14
921 2260 963 2290 ὢν
987 2263 1065 2298 post
1090 2257 1222 2290 δέκατος
1245 2258 1320 2288 add.
1343 2257 1369 2287 L
1385 2257 1498 2296 vulg.:
1523 2267 1587 2287 om.

265 2304 343 2336 SlA
357 2305 381 2335 F
393 2306 419 2335 B
431 2306 462 2345 Q
474 2305 504 2336 Y
654 2313 693 2343 15
718 2304 766 2335 ἔτι
783 2302 943 2342 ὠνόμαζον
961 2303 984 2333 S
999 2302 1084 2333 LA:
1112 2300 1314 2341 ἐπωνόμαζον
1331 2301 1434 2340 vulg.‚
1454 2300 1492 2332 cf.
1515 2303 1530 2338 §
1549 2301 1592 2330 88

265 2360 305 2379 22
330 2349 570 2381 Ἱπποθωντίδος
589 2347 756 2378 Dindorf:
779 2347 1040 2378 Ἱπποθοωντίδος
1058 2346 1166 2383 codd,
1187 2345 1227 2376 cf.
1250 2347 1264 2382 ξ
1286 2354 1324 2383 75
1480 2354 1522 2382 23
1547 2345 1591 2376 εἷς

264 2395 301 2425 τὸ
318 2393 398 2424 secl.
417 2392 556 2423 Boeckh
646 2391 799 2433 πρότερον
817 2390 840 2421 S
854 2390 891 2419 Ll
906 2389 950 2420 F:
978 2388 1132 2431 προτέρου
1148 2389 1236 2428 vulg.
1373 2389 1415 2418 26
1439 2387 1591 2420 ἀπέτεισε

267 2438 380 2469 Blass:
407 2436 553 2475 ἀπήτησε
574 2436 596 2466 S
612 2435 698 2473 LQ:
725 2432 858 2466 ἀπέτισε
876 2432 964 2472 vulg.

1618 838 1656 859 10

1618 1169 1654 1203 15

1616 1520 1657 1544 20

1617 1800 1654 1833 25
