1731 2844
163 139 254 193 xm]
539 144 679 181 ΠΕΡΙ
732 142 1110 182 ΣΎΝΤΑΞΕΩΣ
1515 143 1617 196 [173]

161 247 295 298 μόνον.
368 247 430 287 καὶ
467 247 654 299 πρότερον
688 246 826 286 τούτου
859 246 1056 299 Περδίκκᾳ
1089 248 1140 298 τῷ
1181 246 1275 284 κατὰ
1313 245 1383 294 τὴν
1417 250 1484 285 τοῦ
1515 261 1559 293 24

161 311 370 364 βαρβάρου
401 313 485 353 ποτ’
511 314 789 364 ἐπιστρατείαν
817 311 1076 363 βασιλεύοντι
1106 311 1367 356 Μακεδονίας,
1395 312 1484 353 τοὺς

161 379 460 431 ἀναχωροῦντας
494 381 536 420 ἐκ
562 382 776 419 Πλαταιῶν
804 382 881 418 τῶν
909 377 1128 429 βαρβάρων
1158 376 1234 417 ἀπὸ
1267 379 1335 427 τῆς
1367 377 1484 427 ἥττης

161 446 432 497 διαφθείραντι
466 446 528 486 καὶ
559 444 712 485 τέλειον
741 445 945 497 τάτύχημα
976 442 1189 494 ποιήσαντι
1221 447 1272 497 τῷ
1303 447 1481 493 βασιλεῖ,

123 529 140 560 5
162 511 230 551 οὐκ
268 512 524 564 ἐψηφίσαντο
561 512 776 557 πολιτείαν,
815 509 906 550 ἀλλ’
943 509 1125 550 ἀτέλειαν
1162 510 1312 550 ἔδωκαν
1347 510 1480 560 μόνον,

159 577 339 629 μεγάλην
370 578 431 617 καὶ
464 577 605 628 τιμίαν,
636 576 754 627 οἶμαι,
789 576 850 616 καὶ
886 576 1035 627 σεμνὴν
1068 575 1138 625 τὴν
1171 577 1298 616 αὐτῶν
1330 576 1483 627 πατρίδ’

159 643 368 694 ἡγούμενοι
398 643 459 683 καὶ
489 642 619 692 πάσης
647 641 792 693 μείζον’
817 642 1056 695 εὐεργεσίας.
1127 645 1195 682 νῦν
1219 641 1264 687 δ’,
1293 639 1322 681 ὧ
1348 641 1483 693 ἄνδρες

161 708 375 758 Ἀθηναῖοι,
397 709 570 760 φθόρους
594 709 820 760 ἀνθρώπους
845 710 1078 760 οἰκοτρίβων
1103 709 1341 759 οἰκότριβας,
1368 708 1484 759 τιμὴν

159 775 294 826 ὥσπερ
313 774 438 815 ἄλλου
463 791 531 815 του
554 779 631 815 τῶν
652 774 776 815 ὠνίων
795 774 1082 825 λαμβάνοντες,
1104 776 1281 815 ποιεῖσθε
1305 776 1481 816 πολίτας.

102 857 140 879 10
159 844 279 881 ταῦτα
303 840 336 880 δ’
362 842 452 891 ὑμῖν
478 840 699 891 ἐπελήλυθε
728 840 926 894 πράττειν,
955 841 1027 894 οὐχ
1052 842 1112 880 ὅτι
1136 842 1205 883 τὰς
1231 841 1372 893 φύσεις
1397 842 1479 893 χεί-
1514 853 1554 889 25

158 923 247 959 ρους
285 908 378 947 ἐστὲ
418 911 496 948 τῶν
537 908 755 959 προγόνων,
794 907 883 948 ἀλλ’
920 909 980 947 ὅτι
1020 911 1102 949 τοῖς
1142 909 1214 957 μὲν
1251 906 1315 958 ἐφ’
1353 908 1482 948 αὑτοῖς

160 972 414 1024 παρειστήκει
451 973 552 1025 μέγα
588 977 762 1026 φρονεῖν,
800 975 905 1024 ὑμῶν
941 973 988 1019 δ’,
1026 972 1055 1013 ὦ
1092 973 1227 1024 ἄνδρες
1264 973 1479 1023 Ἀθηναῖοι,

159 1038 384 1096 περιῄρηται
419 1043 545 1079 τοῦτο.
617 1040 704 1080 ἔστι
737 1039 769 1079 δ’
796 1039 985 1085 οὐδέποτ’,
1019 1039 1139 1089 οἶμαι,
1173 1039 1336 1080 δυνατὸν
1364 1041 1481 1091 μικρὰ

160 1107 222 1146 καὶ
253 1109 388 1158 φαῦλα
417 1105 656 1157 πράττοντας
687 1105 789 1157 μέγα
820 1106 880 1146 καὶ
910 1105 1087 1147 νεανικὸν
1113 1106 1296 1158 φρόνημα
1320 1110 1479 1156 λαβεῖν,

101 1188 137 1219 15
158 1173 292 1223 ὥσπερ
312 1172 400 1213 οὐδὲ
418 1173 580 1224 λαμπρὰ
600 1172 661 1212 καὶ
682 1174 782 1212 καλὰ
802 1171 1042 1224 πράττοντας
1060 1171 1197 1223 μικρὸν
1215 1173 1276 1212 καὶ
1295 1172 1481 1212 ταπεινὸν

158 1243 335 1290 φρονεῖν·
384 1238 488 1279 ὁποῖ’
514 1238 610 1278 ἄττα
635 1240 710 1290 γὰρ
742 1238 790 1279 ἂν
813 1239 1128 1289 τάπιτηδεύματα
1160 1242 1237 1279 τῶν
1265 1239 1481 1290 ἀνθρώπων

157 1303 194 1359 ᾗ,
221 1308 394 1345 τοιοῦτον
418 1304 566 1356 ἀνάγκη
594 1305 656 1345 καὶ
680 1304 724 1344 τὸ
747 1304 916 1356 φρόνημ’
942 1305 1061 1357 ἔχειν.

227 1370 443 1423 Σκέψασθε
476 1370 509 1410 δ’
543 1370 567 1410 ἅ
598 1387 656 1412 τις
689 1370 873 1422 κεφάλαι’
907 1370 955 1411 ἂν
987 1371 1073 1424 ἔχοι
1104 1368 1194 1422 [τῶν
1227 1368 1479 1423 πραγμάτωνῙ
1511 1374 1555 1407 26

159 1438 283 1477 εἰπεῖν
316 1440 393 1478 τῶν
424 1437 457 1476 τ’
487 1438 650 1479 ἐκείνοις
684 1436 970 1489 πεπραγμένων
1008 1437 1069 1477 καὶ
1101 1441 1179 1478 τῶν
1210 1438 1313 1488 ὑμῖν,
1340 1437 1388 1477 ἂν
1420 1436 1479 1487 ἄρ’

100 1523 139 1545 20
158 1503 264 1554 ὑμῶν
289 1502 414 1544 αὐτῶν
443 1503 534 1543 ἀλλ’
562 1504 604 1543 ἐκ
632 1503 780 1543 τούτων
814 1520 859 1555 γε
890 1503 1060 1553 δύνησθε
1093 1503 1292 1555 γενέσθαι.
1364 1502 1481 1543 πέντε
1512 1500 1615 1555 [174]

158 1572 229 1620 μὲν
268 1571 330 1610 καὶ
368 1569 638 1621 τετταράκοντ’
676 1569 744 1619 ἔτη
783 1573 860 1610 τῶν
897 1568 1106 1619 Ἑλλήνων
1147 1568 1269 1621 ἦρξαν
1311 1570 1481 1610 ἑκόντων

157 1636 311 1682 ἐκεῖνοι,
346 1637 468 1676 πλείω
498 1635 530 1675 δ’
563 1632 586 1685 ἢ
619 1636 736 1688 μύρια
764 1635 926 1676 τάλαντ’
958 1637 1013 1677 εἰς
1040 1635 1111 1685 τὴν
1140 1636 1356 1687 ἀκρόπολιν
1386 1634 1477 1685 ἀνή-

157 1718 294 1754 γαγον,
337 1704 472 1742 πολλὰ
514 1704 555 1742 δὲ
597 1703 660 1742 καὶ
703 1704 804 1742 καλὰ
847 1702 909 1742 καὶ
948 1702 1043 1758 πεζῇ
1087 1702 1148 1742 καὶ
1190 1705 1479 1755 ναυμαχοῦντες

157 1768 334 1818 ἔστησαν
361 1769 539 1820 τρόπαια,
567 1767 631 1819 ἐφ’
657 1769 715 1810 οἶς
743 1768 800 1808 ἔτι
829 1768 891 1808 καὶ
920 1771 988 1809 νῦν
1017 1769 1128 1820 ἡμεῖς
1153 1769 1478 1821 φιλοτιμούμεθα.

97 1854 134 1886 ²5
158 1835 282 1875 καίτοι
314 1834 480 1886 νομίζετ’
505 1834 644 1877 αὐτοὺς
677 1838 797 1875 ταῦτα
829 1837 991 1885 στῆσαι,
1024 1834 1097 1888 οὐχ
1128 1835 1193 1876 ἵνα
1224 1834 1479 1886 θαυμάζωμεν

199 1953 217 1981 4
251 1943 402 1984 ἀτύχημα
427 1943 463 1974 S¹
489 1943 541 1983 (τὸ
566 1943 640 1974 add.
669 1944 799 1982 eadem,
824 1949 860 1974 ut
884 1943 1031 1984 Videtur)
1185 1953 1224 1973 12
1255 1943 1477 1984 παρειστήκει]

157 1985 339 2027 παρέστηκε
357 1986 445 2025 vulg.
608 1986 728 2026 13-17]
754 1987 794 2018 cf.
815 1986 848 2016 iii
866 1997 908 2026 32
1057 1988 1095 2023 ἐξ
1116 1987 1238 2026 26-31]
1259 1986 1298 2017 cf.
1320 1985 1354 2015 iii
1372 1995 1475 2025 23—31

160 2030 197 2059 18
221 2033 284 2061 τῶν
300 2029 495 2071 πραγμάτων
513 2040 577 2061 om.
597 2029 624 2059 B
639 2029 703 2059 FY
716 2029 746 2060 Ο
858 2040 897 2069 19
922 2035 999 2070 post
1016 2031 1116 2061 εἰπεῖν
1131 2030 1208 2061 add.
1224 2029 1265 2061 ἵν’
1284 2028 1478 2061 ἀκούσαντες

158 2072 223 2103 SA
239 2084 245 2103 :
269 2074 338 2114 περὶ
356 2073 442 2111 vu1g.
463 2084 470 2103 ι
495 2083 559 2103 om.
577 2072 617 2104 ἵν’
635 2072 831 2105 ἀκούσαντες
848 2072 976 2104 Cobet:
1003 2083 1067 2104 om.
1085 2074 1124 2104 ‘lv'
1141 2072 1232 2103 Weil
1336 2082 1378 2102 20
1402 2072 1477 2103 ἀλλ’

155 2126 220 2147 om.
248 2116 360 2154 vulg.:
396 2116 471 2147 add.
504 2116 526 2146 S
558 2116 650 2146 solus
782 2116 918 2155 δύνησθε
948 2116 1014 2146 SY
1042 2126 1147 2146 corn:
1183 2115 1357 2153 δυνήσεσθε
1385 2115 1474 2154 vulg.

156 2159 318 2199 κρείττους
341 2164 418 2199 post
438 2158 589 2199 ’γενέσθαι
610 2159 684 2189 add.
704 2159 787 2191 SB:
817 2165 895 2190 ante
917 2159 1069 2201 ’γενέσθαι
1086 2159 1176 2197 vulg.
1195 2170 1202 2189 :
1228 2158 1379 2194 βελτίους
1402 2162 1478 2197 post

154 2201 307 2242 ’γενέσθαι
338 2203 414 2233 add.
444 2202 510 2232 FY
523 2202 553 2233 O
570 2213 576 2232 τ
611 2208 690 2233 ante
720 2202 872 2244 ’γενέσθαι
899 2203 1001 2234 Vind.
1034 2212 1048 2232 1
1064 2213 1071 2233 :
1112 2202 1274 2242 κρείττους
1304 2201 1371 2241 (vel
1400 2205 1476 2237 βελ-

156 2245 256 2283 τίους)
275 2255 338 2277 om.
356 2246 474 2284 Cobet,
492 2246 531 2276 cs.
550 2246 582 2275 iv
601 2255 617 2283 7
815 2257 852 2276 21
881 2247 990 2278 τοίνυν
1005 2250 1084 2285 post
1100 2244 1160 2283 μὲν
1175 2245 1253 2275 add,
1271 2243 1360 2283 vulg.
1379 2253 1386 2273 :
1410 2254 1474 2274 om.

157 2288 181 2318 S
197 2288 288 2319 solus
304 2293 338 2319 et
354 2289 386 2319 iii
404 2299 444 2326 24
535 2299 575 2319 22
602 2290 714 2320 ἐκεῖνοι
733 2294 808 2328 post
823 2290 963 2322 ἑκόντων
977 2290 1000 2320 S
1014 2288 1044 2319 A
1057 2288 1081 2318 F
1094 2287 1120 2317 B
1132 2288 1162 2317 Y
1175 2288 1204 2318 O
1221 2298 1227 2317 :
1244 2292 1322 2318 ante
1337 2287 1476 2319 ἑκόντων

155 2331 242 2370 vulg.
260 2343 267 2362 ε
293 2342 356 2363 om.
376 2332 408 2362 iii
426 2342 466 2370 24
484 2343 489 2362 :
515 2332 593 2363 secl.
614 2331 710 2362 Blass
842 2333 1006 2373 ἀνήγαγον
1026 2332 1079 2362 hic
1097 2336 1130 2362 et
1147 2332 1180 2361 in
1199 2331 1232 2360 iii
1250 2341 1291 2369 24
1309 2330 1333 2361 S
1349 2341 1356 2360 z
1381 2333 1473 2368 συνή-

155 2385 260 2414 γαγον
276 2375 329 2405 hie
346 2380 380 2405 et
397 2375 428 2405 in
446 2375 478 2404 iii
497 2386 536 2414 24
555 2374 643 2413 vulg.
756 2385 796 2414 25
820 2378 923 2407 ταῦτα
940 2381 1016 2414 post
1034 2375 1145 2407 αὐτοὺς
1164 2374 1188 2405 S
1206 2385 1212 2404 :
1236 2378 1313 2413 post
1331 2373 1473 2413 νομίζετε

156 2415 186 2446 Α
203 2427 208 2446 :
232 2420 308 2456 post
325 2417 427 2450 καίτοι
443 2417 531 2457 vulg.
621 2417 718 2457 μόνον
735 2423 812 2458 post
829 2418 1033 2458 θαυμάζωμεν
1049 2417 1123 2448 add.
1141 2417 1252 2456 vulg.:
1276 2427 1340 2447 om.
1363 2416 1387 2446 S
