1731 2844
141 516 157 547 5

122 847 160 869 10

121 1506 160 1528 20
178 1489 212 1530 δ’

122 1837 159 1868 ²5

180 126 239 180 1x]
532 132 693 170 ΚΑΤΑ
740 131 1061 169 ‹hunnum-
1107 132 1137 168 Γ

246 233 324 274 Καὶ
359 233 435 284 μὴν
474 235 507 274 εἷ
543 233 660 286 μέχρι
697 233 834 273 τούτου
873 236 1165 284 περιμενοῦμεν,
1206 231 1279 272 ἕως
1316 230 1364 272 ἂν
1401 232 1494 282 ἡμῖν

179 299 409 356 ὁμολογήσῃ
435 303 636 350 πολεμεῖν,
664 299 820 340 πάντων
845 300 967 349 ἐσμὲν
992 297 1258 348 εὐηθέστατοι·
1297 296 1385 337 οὐδὲ
1418 299 1494 349 γὰρ

178 366 226 407 ἂν
258 366 321 407 ἐπὶ
353 366 425 416 τὴν
449 366 632 416 Ἀττικὴν
663 365 781 415 αὐτὴν
814 365 956 421 βαδίζῃ
992 364 1053 404 καὶ
1085 363 1152 404 τὸν
1184 365 1364 415 Πειραιᾶ,
1390 363 1493 403 τοῦτ’

179 434 269 485 ἐρεῖ,
297 434 404 483 εἴπερ
430 433 488 474 οἷς
510 431 607 483 πρὸς
630 432 719 473 τοὺς
743 430 890 473 ἄλλους
909 431 1096 481 πεποίηκε
1120 433 1182 470 δεῖ
1201 430 1491 482 τεκμαίρεσθαι.

177 502 290 538 τοῦτο
314 500 385 549 μὲν
410 500 483 550 γὰρ
507 497 742 543 Ὀλυνθίοις,
769 496 1039 549 τετταράκοντ’
1065 495 1226 549 ἀπέχων
1249 498 1318 546 τῆς
1340 496 1494 537 πόλεως

179 564 332 611 στάδια,
359 565 467 605 εἶπεν
491 565 550 604 ὅτι
575 567 636 605 δεῖ
658 567 765 604 δυοῖν
789 563 966 615 θάτερον,
992 560 1016 613 ὴ
1042 564 1212 606 ἐκείνους
1243 564 1284 603 ἐν
1309 561 1492 616 Ὀλύνθῳ

177 630 228 681 μὴ
255 632 373 671 οἰκεῖν
397 627 420 680 ἢ
445 629 562 671 αὑτὸν
584 631 628 671 ἐν
654 631 894 684 Μακεδονίᾳ,
921 629 1050 671 πάντα
1081 629 1149 670 τὸν
1174 629 1299 670 ἄλλον
1332 629 1490 682 χρόνον,

178 697 215 737 εἴ
236 714 295 738 τις
318 696 434 737 αὐτὸν
454 696 679 737 αἰτιάσαιτό
696 714 732 737 τι
757 700 946 743 τοιοῦτον,
967 697 1196 749 ἀγανακτῶν
1216 695 1280 736 καὶ
1299 694 1493 748 πρέσβεις

178 762 342 814 πέμπων
375 763 463 804 τοὺς
500 762 887 815 ἀπολογησομένους·
930 766 1043 803 τοῦτο
1082 762 1114 803 δ’
1151 764 1205 804 εἷς
1240 760 1403 803 Φωκέας
1442 761 1493 803 ὡς

178 829 274 881 πρὸς
306 829 535 882 συμμάχους
568 830 786 881 ἐπορεύετο,
816 829 878 870 καὶ
905 828 1098 881 πρέσβεις
1123 827 1294 869 Φωκέων
1324 827 1428 878 ἦσαν
1457 827 1493 868 οἳ

178 895 492 947 παρηκολούθουν
529 896 630 950 αὐτῷ
663 895 921 950 πορευομένῳ,
955 896 1016 936 καὶ
1050 895 1139 947 παρ’
1171 895 1261 946 ἡμῖν
1294 894 1426 947 ἤριζον
1458 895 1494 934 οἱ

179 962 322 1002 πολλοὶ
365 963 564 1012 Θηβαίοις
606 962 649 1002 οὐ
690 961 972 1012 λυσιτελήσειν
1013 961 1083 1012 τὴν
1123 962 1272 1002 ἐκείνου
1310 960 1492 1012 πάροδον.

181 1028 242 1068 καὶ
280 1027 356 1078 μὴν
395 1029 457 1068 καὶ
494 1030 624 1080 Φερὰς
662 1029 797 1080 πρώην
840 1029 890 1070 ὡς
932 1029 1051 1080 φίλος
1093 1028 1155 1068 καὶ
1192 1028 1399 1080 σύμμαχος
1440 1027 1496 1068 εἰς

181 1095 407 1134 Θετταλίαν
439 1095 566 1135 ἐλθὼν
599 1095 683 1147 ἔχει
718 1095 969 1145 καταλαβών,
1002 1095 1063 1135 καὶ
1095 1096 1143 1134 τὰ
1174 1097 1380 1134 τελευταῖα
1415 1096 1496 1134 τοῖς

179 1160 442 1212 ταλαιπώροις
475 1161 673 1212 Ὠρείταις
709 1161 885 1201 τουτοισὶ
919 1159 1258 1213 ἐπισκεψομένους
1294 1160 1370 1212 ἔφη
1408 1159 1496 1200 τοὺς

180 1226 421 1278 στρατιώτας
461 1226 714 1279 πεπομφέναι
763 1227 844 1267 κατ’
887 1227 1054 1268 εὔνοιαν·
1108 1225 1376 1267 πυνθάνεσθαι
1421 1227 1496 1277 γὰρ

179 1292 319 1334 αὐτοὺς
355 1292 405 1334 ὡς
440 1297 607 1334 νοσοῦσι
644 1293 706 1333 καὶ
743 1292 1042 1343 στασιάζουσιν,
1076 1292 1296 1346 συμμάχων
1331 1291 1364 1332 δ’
1398 1291 1497 1332 εἶναι

180 1359 241 1398 καὶ
261 1359 391 1410 φίλων
415 1360 612 1409 ἀληθινῶν
637 1361 678 1400 ἐν
704 1363 785 1401 τοῖς
803 1360 991 1401 τοιούτοις
1012 1363 1157 1411 καιροῖς
1177 1362 1368 1411 παρεῖναι.
1427 1357 1496 1398 εἶτ’

179 1424 301 1465 οἴεσθ’
326 1424 457 1474 αὐτόν,
489 1426 525 1466 οἳ
560 1427 752 1477 ἐποίησαν
785 1428 857 1477 μὲν
888 1426 1000 1466 οὐδὲν
1033 1426 1081 1466 ἂν
1115 1426 1244 1472 κακόν,
1271 1425 1324 1476 μὴ
1357 1427 1497 1466 παθεῖν

249 1490 488 1543 ἐφυλάξαντ’
524 1491 573 1533 ἂν
613 1494 720 1539 ἴσως,
759 1492 919 1534 τούτους
955 1494 1027 1544 μὲν
1063 1490 1262 1542 ἐξαπατᾶν
1300 1493 1497 1544 αἱρεῖσθαι

178 1559 332 1607 μᾶλλον
368 1555 391 1608 ἢ
427 1557 672 1611 προλέγοντα
710 1558 934 1610 βιάζεσθαι,
972 1560 1062 1603 ὑμῖν
1097 1559 1130 1598 δ’
1167 1560 1209 1599 ἐκ
1245 1556 1498 1610 προρρήσεως

179 1622 433 1675 πολεμήσειν,
456 1625 518 1665 καὶ
537 1625 644 1665 ταῦθ’
665 1626 737 1667 ἕως
762 1625 810 1666 ἂν
835 1626 990 1667 ἑκόντες
1016 1624 1287 1676 ἐξαπατᾶσθε;
1324 1624 1391 1664 οὐκ
1412 1625 1498 1665 ἔστι

178 1694 308 1730 ταῦτα·
347 1692 408 1731 καὶ
442 1693 517 1744 γὰρ
550 1691 597 1732 ἂν
631 1692 953 1744 ἀβελτερώτατος
986 1694 1042 1742 ε’ίη
1077 1691 1235 1733 πάντων
1267 1691 1495 1744 ἀνθρώπων,

179 1757 212 1796 εἰ
245 1760 321 1797 τῶν
354 1757 617 1808 ἀδικουμένων
650 1760 756 1810 ὑμῶν
788 1761 908 1809 μηδὲν
943 1759 1219 1811 ἐγκαλούντων
1252 1759 1370 1812 αὐτῷ,
1405 1756 1497 1798 ἀλλ’

180 1823 285 1872 ὑμῶν
320 1823 446 1864 αὐτῶν
479 1826 586 1866 τινὰς
619 1825 872 1876 αἰτιωμένων,
908 1826 1054 1867 ἐκεῖνος
1091 1825 1263 1867 ἐκλύσας
1299 1824 1370 1874 τὴν
1403 1823 1498 1875 πρὸς

180 1887 379 1938 ἀλλήλους
405 1889 485 1942 ἔριν
508 1892 615 1941 ὑμῶν
641 1892 702 1932 καὶ
729 1893 957 1944 φιλονικίαν
982 1892 1047 1945 ἐφ’
1067 1891 1183 1932 αὑτὸν
1208 1891 1389 1943 προείποι
1413 1889 1496 1941 τρέ-

179 1957 337 2001 πεσθαι,
371 1956 432 1996 καὶ
460 1960 537 1997 τῶν
567 1957 655 2009 παρ’
684 1961 821 1998 ἑαυτοῦ
853 1958 1205 2010 μισθοφορούντων
1234 1957 1322 1998 τοὺς
1355 1957 1499 2008 λόγους

179 2020 382 2073 ἀφέλοιτο,
412 2023 470 2064 οἷς
501 2023 804 2074 ἀναβάλλουσιν
836 2026 945 2076 ὑμᾶς,
981 2025 1170 2077 λέγοντες
1200 2024 1252 2066 ὡς
1281 2023 1429 2064 ἐκεῖνός
1462 2021 1498 2074 γ’

179 2086 222 2126 οὐ
246 2092 414 2138 πολεμεῖ
435 2095 482 2145 τῇ
506 2091 634 2131 πόλει.

222 2205 238 2234 7
264 2198 359 2229 αὑτὸν
374 2197 475 2228 Vind.
497 2208 535 2228 1:
561 2199 657 2231 αὐτὸν
674 2199 780 2230 SOB
887 2201 931 2240 μὴ
949 2205 1028 2231 ante
1047 2202 1081 2232 ἐν
1098 2200 1278 2242 Μακεδονίᾳ
1295 2200 1369 2230 add.
1389 2199 1497 2230 Cobet

181 2248 215 2268 11
253 2241 282 2270 οἱ
311 2250 374 2271 om.
407 2241 523 2279 vulga
555 2243 632 2272 add.
663 2243 725 2272 SL
916 2254 953 2283 17
989 2243 1219 2283 aramdgovmv
1247 2243 1384 2273 SL¹A.
1415 2243 1493 2273 secl.

179 2281 305 2313 Cobet:
340 2284 568 2324 στασιάζουσιν
593 2287 626 2316 ἐν
651 2288 757 2318 αὐτοῖς
781 2286 868 2326 vulg.
1029 2297 1067 2325 19
1098 2288 1127 2318 οἳ
1152 2287 1232 2317 SL:
1267 2287 1297 2318 οἳ
1319 2286 1379 2325 μὲν
1402 2286 1492 2324 vulg

180 2324 320 2365 Dionys.
340 2326 418 2357 Hal.
438 2338 492 2367 pp.
512 2329 589 2368 948,
606 2330 670 2367 978
773 2330 927 2368 ἐποίησαν
941 2330 1000 2369 μὲν
1018 2329 1109 2362 οὐδὲν
1125 2331 1163 2361 ἂν
1179 2331 1277 2362 κακὸν
1295 2330 1318 2360 S
1331 2330 1357 2359 L
1373 2341 1379 2360 :
1405 2329 1497 2361 οὐδὲν

180 2369 218 2399 ἂν
235 2370 330 2400 αὐτὸν
347 2370 543 2408 ἐδυνήθησαν
559 2373 689 2409 ποιῆσαι
707 2373 805 2404 κακὸν
822 2373 911 2411 vulg.
934 2374 1074 2411 Dionys.
1096 2372 1172 2402 Hal.
1355 2382 1394 2410 25
1420 2376 1496 2411 post

180 2410 369 2450 αἰτιωμένων
386 2413 464 2443 add
481 2414 531 2445 καὶ
549 2415 665 2455 κρινειν
681 2414 888 2455 βουλομενων
904 2417 993 2455 xffulg
1009 2427 1015 2446 ε
1040 2426 1105 2447 om.
1125 2415 1148 2446 S
1163 2414 1197 2445 L¹

1526 128 1622 183 [¹13]

1528 247 1570 272 10

1527 511 1564 537 11

1529 1038 1570 1064 12

1530 1373 1571 1408 13

1529 1491 1625 1546 [114]

1532 1640 1573 1673 14
