1763 2828
171 302 213 328 22

167 702 210 737 23

163 1169 207 1204 m

118 1530 203 1632 [⁸35]

157 2030 200 2065 26

655 113 1171 169 [AMMOEQENOTQ
1494 115 1568 170 μη

244 220 339 262 ὅταν
358 221 525 263 ἄπιστος
543 223 732 274 φαίνηται
756 223 907 263 τούτοις
926 223 980 262 ὧν
999 221 1215 278 προῄρηται
1235 223 1438 275 εὐεργέτης
1458 224 1569 265 εἶναι.

243 286 426 329 ἐκέλευεν
455 288 522 329 οὖν
552 289 642 330 τοὺς
675 288 867 340 λέγοντας
897 290 939 328 ἐν
963 292 1015 342 τῷ
1047 288 1153 344 δήμῳ
1183 290 1229 346 τῇ
1258 291 1330 340 μὲν
1356 289 1488 347 εἰρήνῃ
1517 290 1569 342 μὴ

240 353 439 406 ἐπιτιμᾶν·
483 354 526 395 οὐ
558 357 634 407 γὰρ
666 354 776 405 ἄξιον
811 354 911 396 εἶναι
947 354 1104 407 εἰρήνην
1136 356 1258 397 λύειν·
1309 357 1341 397 εἰ
1373 355 1417 398 δέ
1448 374 1486 397 τι
1516 357 1569 408 μὴ

243 425 372 463 καλῶς
404 421 623 474 γέγραπται
654 422 696 462 ἐν
729 422 774 477 τῇ
810 421 955 478 εἰρήνῃ,
987 421 1089 462 τοῦτ’
1120 423 1487 474 ἐπανορθώσασθαι,
1519 423 1570 465 ὡς

242 487 396 529 ἅπαντα
421 489 624 529 Φίλιππον
649 487 869 539 ποιήσοντα
898 488 961 528 ὅσ’
987 488 1035 530 ἂν
1058 490 1166 540 ὑμεῖς
1195 491 1450 542 ψηφίσησθε.
1522 490 1570 531 ἂν

242 556 284 595 δὲ
317 554 573 607 διαβάλλωσι
604 554 689 606 μέν,
717 555 827 597 αὐτοὶ
857 558 898 597 δὲ
927 558 1047 607 μηδὲν
1077 555 1267 610 γράφωσι
1295 556 1342 597 δι’
1372 556 1416 597 οὗ
1444 557 1467 608 ἡ
1497 558 1570 608 μὲν

243 620 373 674 εἰρήνη
411 622 537 669 ἔσται,
576 622 770 663 παύσεται
811 622 844 662 δ’
881 623 1172 674 ἀπιστούμενος
1208 624 1228 663 ὁ
1265 624 1479 669 Φίλιππος,
1516 623 1568 674 μὴ

241 688 454 742 προσέχειν
478 688 545 730 τὸν
571 693 661 730 νοῦν
686 693 767 731 τοῖς
795 690 984 732 τοιούτοις
1015 691 1246 742 ἀνθρώποις.
1321 691 1382 732 καὶ
1410 690 1569 732 τούτους

240 755 328 796 τοὺς
356 756 501 807 λόγους
529 756 638 807 ὑμεῖς
667 756 875 800 ἀκούοντες
906 756 1166 810 ἀπεδέχεσθε,
1195 757 1257 798 καὶ
1286 758 1416 798 δίκαια
1445 757 1569 810 ἔφατε

239 820 308 861 τὸν
334 821 506 863 Πύθωνα
529 821 676 874 λέγειν·
716 823 778 864 καὶ
803 822 851 873 ἧν
875 825 1014 864 δίκαια.
1090 823 1204 876 ἔλεγε
1229 826 1270 865 δὲ
1295 824 1454 867 τούτους
1478 824 1567 867 τοὺς

238 888 394 940 λόγους,
423 888 496 942 οὐχ
526 890 631 931 ὅπως
659 890 796 939 λυθείη
826 891 868 930 ἐκ
899 892 966 940 τῆς
996 889 1150 941 εἰρήνης
1180 891 1205 931 ἃ
1233 889 1281 941 ἧν
1306 892 1440 946 ἐκείνῳ
1466 908 1565 942 συμ-

240 952 415 1007 φέροντα
444 956 507 996 καὶ
539 956 594 997 ὧν
623 957 758 997 πολλὰ
789 955 971 1009 χρήματα
1004 957 1200 1007 ἀνηλώκει
1228 957 1334 1000 ὥστε
1359 957 1564 1010 γενέσθαι,

238 1020 329 1062 ἀλλ’
359 1021 434 1062 ὑπὸ
465 1025 543 1062 τῶν
576 1022 713 1064 ἐνθάδε
747 1022 1000 1064 διδασκάλων
1031 1023 1397 1075 προδεδιδαγμένος,
1430 1024 1468 1066 οἳ
1498 1024 1567 1065 οὐκ

237 1086 357 1143 ᾤοντο
391 1088 490 1130 εἶναι
522 1089 590 1130 τὸν
623 1089 833 1142 γράψοντα
865 1091 1024 1131 ἐναντία
1054 1094 1106 1144 τῷ
1138 1090 1406 1142 Φιλοκράτους
1433 1091 1563 1143 ψηφί-

239 1171 371 1205 σματι,
399 1160 452 1210 τῷ
479 1156 698 1197 ἀπολλύντι
722 1156 981 1209 Ἀμφίπολιν.
1055 1158 1132 1209 ἐγὼ
1158 1156 1203 1203 δ’,
1232 1155 1261 1197 ὦ
1285 1157 1423 1209 ἄνδρες
1448 1157 1565 1208 Ἀθη-

236 1225 350 1268 ναῖοι,
401 1222 628 1274 παράνομον
674 1226 747 1274 μὲν
795 1223 906 1264 οὐδὲν
956 1224 1159 1274 ἐτόλμησα
1205 1223 1373 1276 γράψαι,
1422 1228 1476 1278 τῷ
1523 1227 1565 1266 δὲ

234 1288 504 1341 Φιλοκράτους
519 1291 756 1342 ψηφίσματι
775 1290 845 1330 οὐκ
864 1290 911 1341 ἦν
931 1290 1157 1342 παράνομον
1172 1291 1361 1331 τάναντία
1379 1289 1561 1343 γράφειν,

234 1354 285 1396 ὡς
315 1356 392 1408 ἐγὼ
422 1354 615 1406 ἐπιδείξω·
652 1357 698 1398 τὸ
726 1359 800 1410 γὰρ
826 1356 1023 1409 ψήφισμα
1052 1358 1096 1397 τὸ
1122 1357 1403 1409 Φιλοκράτους,
1433 1357 1516 1397 καθ’
1543 1357 1563 1398 ὃ

232 1422 341 1472 ὑμεῖς
383 1423 592 1464 ἀπώλλυτε
632 1423 891 1476 Ἀμφίπολιν,
932 1425 1109 1465 ἐναντίον
1150 1423 1197 1474 ἦν
1237 1428 1319 1467 τοῖς
1361 1423 1563 1477 προτέροις

233 1489 487 1540 ψηφίσμασι,
528 1490 611 1530 καθ’
647 1491 671 1531 ἃ
706 1491 814 1541 ὑμεῖς
850 1489 1076 1541 ἐκτήσασθε
1116 1491 1260 1542 ταύτην
1301 1490 1373 1541 τὴν
1414 1492 1560 1546 χώραν.

234 1558 346 1595 τοῦτο
373 1558 445 1607 μὲν
470 1556 537 1597 οὖν
562 1556 789 1609 παράνομον
816 1556 862 1607 ἧν
886 1557 930 1597 τὸ
957 1557 1166 1610 ψήφισμα,
1193 1558 1236 1598 τὸ
1265 1561 1333 1598 τοῦ
1361 1558 1559 1611 Φιλοκρά-

232 1638 331 1669 τους,
361 1623 424 1663 καὶ
449 1622 522 1676 οὐχ
549 1624 632 1664 οἶόν
657 1623 689 1663 τ’
716 1622 762 1673 ἣν
789 1624 855 1664 τὸν
880 1626 927 1664 τὰ
956 1625 1101 1674 ἔννομα
1130 1625 1337 1678 γράφοντα
1362 1625 1483 1666 ταύτὰ
1508 1630 1560 1681 τῷ

232 1689 442 1744 παρανόμῳ
467 1691 702 1742 ψηφίσματι
732 1690 913 1743 γράφειν.
986 1692 1149 1733 ἐκείνοις
1177 1694 1218 1732 δὲ
1249 1695 1330 1735 τοῖς
1357 1692 1561 1745 προτέροις

228 1756 484 1808 ψηφίσμασι,
512 1759 593 1798 τοῖς
622 1757 735 1797 οὖσιν
766 1758 945 1809 ἐννόμοις
979 1759 1041 1798 καὶ
1075 1757 1246 1813 σῴζουσι
1273 1759 1343 1809 τὴν
1370 1759 1560 1811 ὑμετέραν

229 1823 375 1876 χώραν,
403 1823 525 1864 ταύτὰ
549 1823 714 1877 γράφων
741 1824 885 1875 ἔννομά
915 1824 948 1864 τ’
974 1825 1133 1878 ἔγραψα
1159 1825 1220 1866 καὶ
1247 1824 1467 1880 ἐξήλεγχον
1491 1826 1560 1868 τὸν

230 1891 446 1937 Φίλιππον,
467 1891 527 1930 ὅτι
551 1888 727 1941 ἐξηπάτα
751 1892 849 1942 ὑμᾶς
877 1892 938 1933 καὶ
964 1892 1032 1933 οὐκ
1057 1893 1415 1945 ἐπανορθώσασθαι
1441 1894 1558 1945 ἐβού-

229 1961 322 1997 λετο
350 1956 420 2008 τὴν
446 1956 615 2009 εἰρήνην,
643 1959 749 1998 ἀλλὰ
777 1958 866 2001 τοὺς
890 1960 988 2011 ὑπὲρ
1016 1960 1123 2010 ὑμῶν
1148 1959 1339 2012 λέγοντας
1367 1961 1559 2002 ἀπίστους

231 2026 492 2075 καταστῆσαι.
552 2025 614 2065 καὶ
639 2026 698 2065 ὅτι
723 2027 795 2076 μὲν
815 2026 904 2068 δοὺς
923 2025 994 2076 τὴν
1014 2027 1290 2078 ἐπανόρθωσιν
1308 2030 1377 2068 νῦν
1397 2026 1559 2079 ἔξαρνός

230 2091 356 2136 ἐστιν,
394 2090 564 2133 ἅπαντες
599 2093 698 2132 ἵστε.
770 2092 872 2144 φησὶ
909 2092 942 2132 δ’
979 2092 1228 2146 Ἀμφίπολιν
1266 2096 1404 2135 ἑαυτοῦ
1444 2093 1557 2135 εἶναι·

229 2157 327 2208 ὑμᾶς
359 2159 433 2210 γὰρ
462 2159 726 2211 ψηφίσασθαι
756 2160 904 2200 ἐκείνου
936 2158 1046 2205 εἶναι,
1082 2159 1137 2199 ὅτ’
1168 2161 1418 2213 ἐψηφίζεσθε
1451 2160 1558 2214 ἔχειν

275 2276 293 2296 2
319 2266 468 2299 ἐκέλευεν
487 2267 510 2299 S
524 2267 568 2299 L:
596 2267 769 2300 ἐκέλευσεν
786 2268 872 2308 vulg.
1034 2279 1070 2309 15
1097 2270 1254 2307 Ἀθηναῖοι
1271 2269 1358 2309 vulg.
1377 2281 1384 2300 t
1408 2271 1559 2302 δικασταί

231 2310 255 2341 S
270 2309 303 2340 L¹
322 2310 423 2341 Vind.
446 2320 457 2340 1
628 2321 665 2350 17
698 2313 753 2344 οὐκ
778 2310 817 2348 ἧν
835 2334 842 2343 .
863 2335 870 2342 .
891 2336 896 2342 .
917 2312 1054 2353 γράφειν
1079 2312 1103 2344 S
1118 2313 1223 2344 L³A¹1
1258 2315 1274 2346 δ
1299 2312 1337 2351 ἧν
1356 2339 1361 2344 .
1381 2337 1386 2343 .
1407 2337 1414 2344 .
1435 2314 1558 2354 ἔγραψα

231 2353 320 2392 vulg.
463 2365 502 2393 25
529 2355 652 2395 ἔγραψα
670 2355 693 2386 S
709 2355 816 2385 LAY
833 2366 838 2384 :
865 2356 1005 2396 ἔγραφον
1023 2356 1109 2395 vulg.
1203 2356 1384 2397 ἐξήλεγχον
1401 2357 1424 2389 S
1442 2357 1529 2398 vulg.
1550 2369 1556 2388 ε

232 2397 389 2438 ἐξήλεγξα
407 2396 436 2427 Α
450 2397 478 2427 Υ
493 2398 522 2428 O
657 2409 698 2437 30
724 2398 915 2439 ἐψηφίζεσθε
934 2401 1022 2439 vulg.
1040 2410 1045 2429 :
1073 2400 1273 2441 ἐψηφίσασθε
1293 2400 1316 2432 S
1330 2400 1396 2432 LA

1589 509 1607 540 5

1591 840 1630 864 10

1585 1510 1624 1533 20

1580 2177 1620 2208 30
