1747 2844
192 120 279 175 κως]
418 127 560 164 ΠΕΡΙ
609 125 730 163 ΤΗΣ
778 125 1302 163 ΠΑΡΑΠΡΕΣΒΕΙΑΣ

191 246 323 281 μενον,
364 231 425 272 καὶ
465 229 656 270 θεάσασθ’
693 230 745 272 ὡς
781 227 1063 281 παραπλήσιον
1100 229 1222 282 τούτῳ
1265 230 1325 270 καὶ
1364 229 1515 280 ὅμοιον.

195 296 406 347 κληθέντες
439 299 514 350 γὰρ
545 296 651 337 οὗτοι
684 295 782 348 πρὸς
818 295 1055 347 Ξενόφρονα
1089 294 1159 335 τὸν
1194 295 1278 335 υἱὸν
1315 294 1382 336 τὸν
1417 298 1515 335 Φαι-

194 365 318 415 δίμου,
353 367 421 403 τοῦ
452 367 529 403 τῶν
559 362 779 415 τριάκοντα,
813 360 974 416 ᾤχοντο·
1012 361 1090 413 ἐγὼ
1124 360 1156 401 δ’
1189 360 1256 401 οὐκ
1290 361 1516 413 ἐπορεύθην.

194 430 327 480 ἐπειδὴ
353 429 386 470 δ’
405 429 501 480 ἧκον
526 430 580 471 εἷς
605 428 648 469 τὸ
667 430 807 474 πίνειν,
830 426 984 480 εἰσάγει
1009 427 1082 468 τιν’
1102 426 1320 468 Ὀλυνθίαν
1339 431 1516 481 γυναῖκα,

156 515 173 546 5
195 496 365 549 εὐπρεπῆ
394 495 479 547 μέν,
506 495 717 548 ἐλευθέραν
746 498 788 536 δὲ
819 495 881 535 καὶ
912 494 1116 547 σώφρονα,
1145 494 1196 536 ὡς
1221 494 1264 535 τὸ
1289 494 1405 547 ἔργον
1432 494 1518 545 ἐδή-

193 570 340 604 λωσεν.
410 561 553 613 ταύτην
582 562 627 602 τὸ
659 563 733 613 μὲν
766 565 921 614 πρῶτον
954 561 1101 601 οὑτωσὶ
1136 562 1264 602 πίνειν
1292 561 1425 617 ἡσυχῇ
1459 563 1521 602 καὶ

193 629 357 682 τρώγειν
386 629 605 681 ἠνάγκαζον
634 628 746 669 οὗτοί
773 644 839 680 μοι
871 630 990 673 δοκεῖ,
1023 628 1075 670 ὡς
1108 627 1269 680 διηγεῖτ’
1295 628 1522 680 Ἰατροκλῆς

195 696 279 747 ἐμοὶ
296 701 343 753 τῇ
358 696 557 749 ὑστεραίᾳ·
586 695 637 737 ὡς
654 697 695 735 δὲ
713 693 851 750 προῄει
866 694 911 735 τὸ
928 697 1090 747 πρᾶγμα
1108 696 1170 736 καὶ
1188 696 1519 747 διεθερμαίνοντο,

195 763 501 803 κατακλίνεσθαι
531 763 597 803 καί
618 778 654 803 τι
685 762 747 802 καὶ
778 761 885 816 ᾅδειν
911 761 1108 802 ἐκέλευον.
1182 761 1454 813 ἀδημονούσης
1481 763 1521 802 δὲ

137 848 175 871 10
193 831 261 880 τῆς
281 829 486 881 ἀνθρώπου
512 829 573 870 καὶ
593 828 672 869 οὔτ’
694 829 911 879 ἐθελούσης
937 827 1015 868 οὔτ’
1041 828 1320 880 ἐπισταμένης,
1341 830 1458 881 ὕβριν
1477 828 1521 868 τὸ

194 896 340 949 πρᾶγμ’
366 897 523 948 ἔφασαν
549 897 686 937 οὑτοσὶ
713 896 775 936 καὶ
801 896 821 935 ὁ
846 895 1011 947 Φρύνων
1038 895 1099 935 καὶ
1125 895 1195 936 οὐκ
1221 894 1383 936 ἀνεκτὸν
1409 894 1520 941 εῖναι,

195 967 273 1004 τῶν
306 965 409 1004 θεοῖς
442 964 605 1016 ἐχθρῶν,
639 967 716 1003 τῶν
751 963 985 1014 ἀλειτηρίων
1015 962 1238 1003 Ὀλυνθίων
1267 961 1523 1015 αἰχμάλωτον

196 1030 321 1071 οὖσαν
345 1032 509 1082 τρυφᾶν·
549 1030 609 1070 καὶ
637 1032 646 1048 ‘
666 1029 778 1070 κάλει
803 1028 948 1075 παῖδα,’
977 1029 1039 1069 καὶ
1067 1031 1076 1046 ‘
1095 1029 1237 1080 ἱμᾶντά
1261 1045 1318 1071 τις
1343 1028 1524 1082 φερέτω.’

195 1096 288 1147 ἧκεν
307 1096 457 1147 οἰκέτης
482 1096 586 1150 ἔχων
611 1097 770 1149 ῥυτῆρα,
795 1096 856 1136 καὶ
876 1096 1128 1142 πεπωκότων,
1149 1096 1269 1147 οἶμαι,
1292 1096 1354 1136 καὶ
1378 1099 1525 1148 μικρῶν

138 1180 174 1210 15
196 1165 322 1204 ὄντων
337 1166 414 1204 τῶν
430 1162 743 1215 παροξυνόντων,
764 1162 951 1214 εἰπούσης
970 1180 1006 1203 τι
1027 1164 1088 1203 καὶ
1109 1162 1359 1215 δακρυσάσης
1376 1163 1526 1212 ἐκείνης

196 1229 430 1283 περιρρήξας
457 1229 525 1271 τὸν
550 1232 790 1284 χιτωνίσκον
816 1231 835 1269 ὁ
862 1229 1012 1280 οἰκέτης
1037 1228 1161 1280 ξαίνει
1187 1231 1283 1270 κατὰ
1307 1232 1375 1269 τοῦ
1401 1229 1526 1269 νώτου

196 1296 363 1338 πολλάς.
434 1296 508 1347 ἔξω
543 1296 575 1337 δ’
609 1298 727 1347 αὐτῆς
759 1295 845 1337 οὓσ’
874 1295 949 1337 ὑπὸ
981 1299 1049 1337 τοῦ
1083 1299 1199 1336 κακοῦ
1233 1296 1294 1336 καὶ
1327 1299 1393 1336 τοῦ
1426 1294 1524 1348 πρά-

196 1380 345 1417 γματος
367 1363 390 1415 ἡ
410 1362 520 1417 γυνή,
544 1362 837 1414 ἀναπηδήσασα
861 1363 1103 1415 προσπίπτει
1121 1363 1217 1416 πρὸς
1241 1364 1289 1403 τὰ
1308 1363 1456 1415 γόνατα
1474 1366 1526 1417 τῷ

197 1430 425 1483 Ἰατροκλεῖ,
455 1430 516 1470 καὶ
540 1430 612 1481 τὴν
638 1430 832 1483 τράπεζαν
860 1429 1083 1482 ἀνατρέπει.
1155 1430 1217 1470 καὶ
1248 1431 1280 1470 εἰ
1309 1429 1361 1480 μὴ
1387 1428 1528 1471 ’κεῖνος

138 1513 178 1534 20
197 1498 399 1550 ἀφείλετο,
422 1496 592 1538 ἀπώλετ’
613 1496 661 1538 ἂν
683 1496 983 1549 παροινουμένη·
1022 1497 1083 1536 καὶ
1103 1498 1178 1549 γὰρ
1202 1496 1225 1547 ἡ
1250 1497 1433 1548 παροινία
1460 1499 1528 1536 τοῦ

199 1564 444 1616 καθάρματος
468 1565 623 1605 τουτουὶ
655 1563 774 1614 δεινή.
851 1563 912 1603 καὶ
937 1563 1026 1615 περὶ
1051 1564 1193 1614 ταύτης
1221 1565 1290 1613 τῆς
1320 1563 1527 1614 ἀνθρώπου

200 1632 260 1672 καὶ
286 1632 328 1672 ἐν
346 1631 534 1685 Ἀρκαδίᾳ
558 1632 680 1684 λόγος
707 1629 755 1681 ἧν
781 1632 822 1671 ἐν
846 1634 928 1672 τοῖς
951 1632 1114 1682 μυρίοις,
1143 1630 1204 1670 καὶ
1231 1630 1459 1682 Διόφαντος
1484 1630 1527 1670 ἐν

197 1699 288 1750 ὑμῖν
308 1698 564 1751 ἀπήγγελλεν
585 1699 608 1738 ἃ
633 1701 700 1739 νῦν
725 1701 934 1750 μαρτυρεῖν
959 1697 1078 1738 αὐτὸν
1097 1696 1324 1750 ἀναγκάσω,
1348 1697 1409 1736 καὶ
1431 1697 1525 1736 κατὰ

199 1767 428 1806 Θετταλίαν
453 1765 576 1807 πολὺς
600 1765 723 1817 λόγος
750 1765 812 1805 καὶ
836 1768 1054 1818 πανταχοῦ.

138 1847 176 1879 ²5
266 1832 342 1872 Καὶ
380 1835 539 1872 τοιαῦτα
582 1832 768 1874 συνειδὼς
807 1833 909 1886 αὑτῷ
949 1830 1209 1884 πεπραγμένα
1248 1830 1267 1869 ὁ
1306 1828 1524 1882 ἀκάθαρτος

197 1898 308 1940 οὗτος
332 1897 525 1950 τολμήσει
550 1898 720 1950 βλέπειν
746 1899 801 1941 εἷς
824 1899 935 1950 ὑμᾶς,
966 1899 1026 1939 καὶ
1052 1898 1120 1940 τὸν
1145 1895 1397 1950 βεβιωμένον
1423 1897 1523 1950 αὑτῷ

196 1966 289 2017 βίον
322 1965 458 2005 αὐτίκα
491 1966 537 2016 δὴ
569 1964 662 2017 μάλ’
689 1967 771 2017 ἐρεῖ
800 1970 962 2021 λαμπρᾷ
990 1971 1037 2023 τῇ
1065 1971 1191 2022 φωνῇ·
1229 1963 1293 2016 ἐφ’
1319 1964 1375 2005 οῖς
1408 1962 1524 2015 ἔγωγ’

197 2034 478 2085 ἀποπνίγομαι.
550 2032 617 2072 οὐκ
643 2033 783 2073 ’ίσασιν
809 2032 915 2074 οὗτοι
948 2032 993 2073 τὸ
1025 2035 1097 2084 μὲν
1128 2031 1174 2083 ἐξ
1203 2032 1327 2084 ἀρχῆς
1356 2032 1425 2072 τὰς
1457 2029 1523 2081 βί-

1409 2096 1418 2110 Ί
1453 2098 1470 2111 ν
1515 2095 1525 2110 Ί

197 2103 324 2150 βλους
349 2099 699 2152 ἀναγιγνώσκοντά
726 2117 774 2140 σε
798 2105 845 2157 τῇ
869 2101 985 2152 μητρὶ
1012 2100 1198 2155 τελούσῃ,
1229 2099 1289 2138 καὶ
1314 2100 1406 2138 παῖδ
1445 2113 1513 2138 οντ

245 2219 257 2239 1
285 2210 323 2241 ὡς
341 2208 378 2239 S¹
392 2208 426 2239 L¹
442 2220 448 2239 :
475 2208 503 2240 εἴ
518 2212 596 2239 cett.
705 2218 722 2247 7
748 2211 836 2240 δοκεῖ
851 2208 874 2239 S
891 2220 898 2239 :
923 2211 1028 2241 δοκεῖν
1045 2213 1122 2239 cett.
1242 2217 1279 2237 12
1304 2206 1444 2237 alterum
1462 2208 1526 2238 τῶν

199 2251 223 2282 S
235 2252 266 2282 A
281 2264 287 2283 :
312 2266 349 2284 τε
366 2253 417 2284 καὶ
436 2251 462 2281 L
478 2251 566 2290 vulg.
638 2252 825 2293 ἀλειτηρίων
843 2251 960 2283 BlaSS:
988 2252 1170 2293 ἀλητηρίων
1188 2250 1211 2280 S
1226 2250 1250 2280 1.
1263 2250 1302 2280 Ο1
1321 2261 1327 2279 t
1354 2250 1526 2290 ἀλιτηρίων

199 2296 302 2334 vulg.v
322 2295 361 2325 cf.
385 2298 400 2333 §
421 2296 484 2325 226
657 2304 694 2333 15
720 2295 935 2337 δακρυσάσης]
955 2294 1187 2336 διακρουσάσης
1203 2293 1233 2323 Α
1407 2294 1445 2322 16
1468 2294 1525 2324 τοῦ

198 2348 263 2370 om.
291 2339 423 2375 Suidas,
452 2337 550 2368 Blass
735 2348 774 2377 23
809 2340 1022 2380 ἀπήγγελλεν
1052 2339 1074 2366 S
1088 2337 1112 2367 L
1125 2337 1174 2368 Y:
1208 2337 1408 2377 ἀπήγγειλεν
1436 2335 1523 2374 vulg.

201 2382 242 2412 26
266 2381 357 2413 οὗτος
375 2382 398 2411 S
411 2381 441 2412 Y
456 2393 463 2411 t
487 2382 595 2413 οὑτοσὶ
615 2381 640 2411 L
658 2380 748 2420 vulg.

1551 121 1667 177 [402]

1556 573 1619 610 ῐ97

1558 1098 1675 1153 [403]

1561 1305 1625 1349 198

1559 1844 1624 1880 199
