1763 2828
120 130 235 182 [430]

169 242 235 283 278

164 914 232 948 279

120 1232 227 1287 [431]

696 125 1182 163 ΔΗΜΟΣΘΕΝΟΎΣ
1512 123 1596 169 [mx

267 230 417 273 ἑκόντα.
492 232 523 270 εἰ
562 230 694 270 τοίνυν
731 246 767 269 τι
805 229 958 270 τούτοις
995 228 1192 280 ἄπρακτόν
1226 231 1314 270 ἐστι
1349 230 1500 271 τούτων
1531 231 1598 284 ἐφ’

266 297 322 338 οῖς
364 297 524 337 ἐκείνων
568 295 736 338 θάνατος
788 295 1073 348 κατέγνωσται,
1118 296 1178 347 ἔμ’
1221 297 1468 338 ἀποκτείνατ’
1509 297 1595 349 ἤδη.

265 367 450 405 σκοπεῖτε
474 362 562 416 γάρ.
637 363 795 413 ίἐπειδὴ
824 364 928 414 παρὰ
959 364 1007 402 τὰ
1038 361 1273 415 γράμματα’
1300 364 1426 416 φησὶν
1454 366 1463 382 ⁶
1481 365 1593 417 ἐπρέ-

266 435 450 482 σβευσαν
477 430 645 471 ἐκεῖνοιῖ
707 430 768 470 καὶ
794 429 896 470 τοῦτ’
922 430 1009 470 ἔστι
1036 434 1113 470 τῶν
1145 429 1403 482 ἐγκλημάτων
1427 435 1594 483 πρῶτον.

264 497 371 538 οὗτοι
395 498 428 537 δ’
454 498 498 538 οὐ
523 499 628 549 παρὰ
652 498 699 537 τὰ
725 496 955 549 γράμματα,·
996 498 1040 538 οὐ
1066 496 1110 537 τὸ
1135 499 1206 548 μὲν
1226 496 1424 549 ψήφισμα
1451 499 1460 515 ‘
1477 497 1596 549 Ἀθη·
1616 513 1633 545 5

264 565 387 606 ναίοις
430 565 492 604 καὶ
533 567 615 605 τοῖς
654 563 875 614 Ἀθηναίων
916 563 1168 616 συμμάχοις,’
1209 563 1316 604 οὗτοι
1353 566 1395 605 δὲ
1433 564 1597 607 Φωκέας

264 632 504 672 ἐκσπόνδους
530 629 760 682 ἀπέφηναν;
799 630 844 670 οὐ
868 630 911 670 τὸ
937 632 1010 681 μὲν
1029 629 1229 683 ψήφισμα
1256 633 1266 648 ‘
1286 630 1375 672 τοὺς
1399 630 1596 685 ἄρχοντας

263 697 401 749 ὁρκοῦν
426 697 515 738 τοὺς
542 698 584 737 ἐν
608 700 693 738 ταῖς
719 696 917 743 πόλεσιν,’
946 696 1052 737 οῦτοι
1077 696 1121 744 δ’,
1147 697 1212 739 οὓς
1238 698 1440 739 Φίλιππος
1464 698 1596 741 αὐτοῖς

262 763 538 815 προσέπεμψε,
560 763 719 806 τούτους
739 764 913 815 ὥρκισαν
921 780 933 809 ‚·
962 763 1006 802 οὐ
1025 763 1069 803 τὸ
1090 766 1162 814 μὲν
1182 763 1380 816 ψήφισμα
1401 766 1411 781 ‘
1426 764 1596 816 οὐδαμοῦ

260 830 403 881 μόνους
430 829 687 883 ἐντυγχάνειν
708 830 928 884 Φιλίππῳ,’
950 830 1056 870 οῦτοι
1085 830 1117 870 δ’
1139 831 1252 871 οὐδὲν
1278 830 1492 872 ἐπαύσαντ’
1519 833 1596 886 ἰδίᾳ

260 897 584 949 χρηματίζοντες;
626 899 636 914 ‘
654 897 716 937 καὶ
742 895 1007 949 ἠλέγχθησάν
1033 913 1138 938 τινες
1166 896 1294 937 αὐτῶν
1320 898 1363 937 ἐν
1387 903 1434 954 τῇ
1465 902 1595 955 βουλῇ

261 963 306 1002 οὐ
341 964 492 1014 τάληθῆ
531 962 886 1016 ἀπαγγέλλοντεςῖ
961 963 1068 1003 οὗτοι
1106 962 1149 1003 δέ
1186 980 1231 1015 γε
1272 964 1343 1004 κάν
1381 968 1434 1018 τῷ
1472 963 1592 1019 δήμῳ.

263 1030 324 1070 καὶ
356 1030 431 1070 ὑπὸ
462 1034 547 1077 τοῦς
585 1034 699 1070 τοῦτο
732 1029 808 1082 γάρ
840 1031 929 1070 ἐστι
959 1029 1003 1069 τὸ
1033 1030 1230 1082 λαμπρόν·
1267 1029 1332 1070 ὑπ’
1358 1030 1485 1072 αὐτῶν
1517 1035 1595 1072 τῶν

261 1096 511 1149 πραγμάτων·
544 1097 602 1138 οἷς
627 1098 701 1149 γὰρ
723 1095 972 1149 ἀπήγγειλαν
995 1097 1114 1143 οὗτοι,
1137 1096 1267 1137 πάντα
1286 1095 1411 1148 δήπου
1429 1096 1594 1150 γέγονεν

259 1163 459 1204 τάναντία.
533 1163 637 1203 (οὐδ’
671 1162 1006 1204 ἐπιστέλλοντες’
1042 1164 1145 1215 φησὶ
1181 1163 1386 1214 (τάληθῆῖ
1456 1164 1595 1205 οὐκοῦν

260 1229 339 1269 οὐδ’
364 1230 482 1270 οὗτοι.
559 1233 568 1247 ‘
586 1230 648 1270 καὶ
675 1231 1016 1283 καταψευδόμενοι
1043 1234 1121 1271 τῶν
1149 1229 1370 1284 συμμάχων
1402 1230 1463 1271 καὶ
1491 1233 1595 1283 δῶρα

260 1296 562 1347 λαμβάνοντεςῖ
633 1297 720 1338 ἀντὶ
751 1299 823 1348 μὲν
859 1298 990 1338 τοίνυν
1023 1301 1091 1337 τοῦ
1125 1298 1462 1349 καταψευδόμενοι
1494 1314 1591 1338 παν-

261 1368 384 1406 τελῶς
409 1364 721 1406 ἀπολωλεκότες·
760 1368 900 1419 πολλῷ
928 1366 968 1404 δὲ
995 1362 1119 1414 δήπου
1141 1367 1255 1404 τοῦτο
1282 1364 1502 1416 δεινότερον
1526 1367 1594 1405 τοῦ

262 1431 605 1482 καταψεύσασθαι.
679 1432 785 1471 ἀλλὰ
822 1430 899 1481 μὴν
934 1430 1030 1482 ὑπέρ
1066 1448 1111 1483 γε
1145 1434 1213 1470 τοῦ
1246 1430 1335 1482 δῶρ’
1370 1430 1592 1483 εἰληφέναι,

261 1498 294 1537 εἰ
327 1499 398 1548 μὲν
431 1497 630 1548 ἠρνοῦντο,
660 1497 844 1550 ἐλέγχειν
871 1497 1014 1538 λοιπὸν
1047 1497 1096 1538 ἂν
1132 1496 1189 1547 ἦν,
1218 1497 1353 1547 ἐπειδὴ
1379 1497 1412 1537 δ’
1440 1497 1592 1548 ὡμολό-

261 1580 368 1615 γουν,
404 1563 571 1616 ἀπάγειν
604 1563 729 1614 δήπου
764 1567 978 1615 προσῆκεν.
1049 1566 1089 1604 τί
1126 1563 1206 1610 οῦν,
1242 1561 1271 1602 ὦ
1304 1563 1441 1615 ἄνδρες
1474 1563 1590 1614 Ἀθη-

260 1633 379 1677 ναῖοι,·
413 1631 561 1671 τούτων
581 1631 702 1672 οὕτως
723 1631 910 1683 ἐχόντων,
930 1632 1038 1681 ὑμεῖς
1058 1628 1141 1682 <ἐξ>
1164 1631 1324 1671 ἐκείνων
1343 1633 1422 1671 τῶν
1441 1630 1593 1682 ἀνδρῶν

260 1699 383 1743 ὄντες,
417 1699 452 1737 οἱ
490 1699 530 1737 δὲ
569 1697 630 1737 καὶ
668 1699 770 1738 τινὲς
807 1698 934 1738 αὐτῶν
974 1697 1030 1737 ἔτι
1070 1698 1222 1747 ζῶντες,
1261 1698 1490 1748 ὑπομενεῖτε
1526 1696 1593 1737 τὸν

258 1765 330 1814 μὲν
356 1763 563 1816 εὐεργέτην
591 1767 659 1803 τοῦ
688 1763 811 1814 δήμου
838 1764 900 1804 καὶ
928 1764 995 1804 τὸν
1031 1765 1072 1804 ἐκ
1101 1767 1309 1816 Πειραιῶς,
1337 1762 1591 1815 Ἐπικράτην,

260 1831 443 1870 ἐκπεσεῖν
475 1831 537 1870 καὶ
572 1833 837 1881 κολασθῆναι;
879 1831 939 1870 καὶ
977 1830 1098 1871 πάλιν
1134 1831 1268 1883 πρώην
1294 1830 1594 1882 Θρασύβουλον
1636 1845 1650 1876 ,-

260 1898 410 1938 ἐκεῖνον
435 1897 503 1937 τὸν
525 1898 823 1948 Θρασυβούλου
852 1901 921 1937 τοῦ
947 1901 1156 1949 δημοτικοῦ
1183 1898 1245 1938 καὶ
1265 1900 1334 1937 τοῦ
1360 1896 1437 1938 ἀπὸ
1457 1899 1594 1947 Φυλῆς

301 2017 319 2043 4
346 2008 459 2038 ἐκεῖνοι
476 2007 554 2038 secl.
574 2007 672 2038 Blass
691 2018 764 2038 cum
785 2008 849 2038 Rh.
873 2008 931 2039 Gr.
952 2009 982 2038 iv
1000 2019 1061 2047 427
1166 2013 1244 2047 post
1262 2010 1374 2040 ἐκεῖνοι
1391 2007 1468 2039 add.
1487 2008 1539 2040 καὶ
1555 2008 1594 2040 τὸ

257 2048 408 2090 ψήφισμα
425 2050 451 2080 L
468 2050 574 2089 vulg.:
598 2052 635 2082 τὸ
655 2050 806 2091 ψήφισμα
824 2051 848 2082 S
865 2063 872 2082 ε
896 2062 960 2082 om.
983 2051 1014 2081 A
1103 2052 1124 2082 6
1150 2052 1228 2083 εἶναι
1246 2051 1371 2084 κελεύει
1387 2052 1449 2090 τὴν
1466 2051 1594 2093 εἶρήνην

258 2096 333 2130 post
350 2092 530 2133 συμμάχοις
547 2094 623 2124 add.
646 2094 672 2124 L
690 2094 777 2133 vulg.
794 2105 800 2124 :
825 2105 888 2125 om.
909 2095 987 2132 SA,
1006 2095 1045 2125 cf.
1066 2098 1081 2131 ξ
1104 2105 1165 2134 159
1322 2105 1361 2126 10
1383 2099 1462 2134 post
1477 2094 1594 2135 μόνους

257 2135 332 2166 add.
349 2135 434 2177 μόνῳ
453 2137 562 2168 Cobet
714 2148 749 2176 17
775 2138 1044 2178 καταψευδόμενοι
1062 2138 1087 2168 S
1100 2137 1181 2168 L1A
1198 2150 1204 2169 :
1229 2137 1485 2179 καταψεύδεσθαι
1500 2138 1589 2177 vulg.

261 2179 299 2208 18
324 2179 504 2221 δεινότερον
516 2184 574 2212 τοῦ
592 2181 854 2221 καταψεύσασθαι
874 2180 897 2211 S
911 2181 936 2210 L
949 2181 979 2219 Q
991 2181 1021 2211 Y
1037 2191 1044 2211 2
1069 2181 1249 2223 δεινότερον
1264 2184 1321 2213 τοῦ
1338 2181 1591 2221 καταψεύδεσθαι

258 2222 289 2251 Α
304 2233 310 2251 :
336 2225 393 2254 τοῦ
410 2223 664 2264 καταψεύδεσθαι
684 2224 862 2265 δεινότερον
880 2224 910 2254 Ο
925 2235 931 2254 :
958 2224 1137 2266 δεινότερον
1155 2224 1373 2255 Herwerden
1463 2234 1505 2254 20
1522 2223 1592 2256 ἐλέ-

257 2279 355 2306 γχειν
373 2266 396 2297 S
416 2266 484 2304 (me
501 2269 605 2303 teste)
621 2278 628 2298 :
657 2267 847 2307 ἐξελέγχειν
865 2267 960 2297 codd.
981 2272 1058 2298 cett.
1078 2273 1111 2298 et
1128 2267 1203 2299 edd.
1222 2277 1341 2298 omnes
1456 2268 1494 2299 τὸ
1511 2272 1591 2298 ante

259 2310 372 2341 λοιπὸν
389 2310 465 2341 add.
486 2310 574 2348 vulg.
592 2322 599 2342 ε
626 2320 690 2340 om.
712 2310 735 2340 S
747 2310 777 2339 Y
790 2310 820 2340 O
1008 2310 1197 2351 ὡμολόγουν
1216 2310 1240 2341 S
1252 2309 1282 2349 Q
1298 2321 1305 2341 ε
1330 2312 1546 2351 ὁμολογοῦσιν
1564 2310 1590 2340 L

259 2352 348 2391 vulg.
540 2363 580 2382 22
607 2356 639 2393 ἐξ
656 2354 733 2384 add.
754 2353 900 2392 Dobree,
922 2353 960 2384 cs.
980 2356 994 2391 ξ
1014 2363 1090 2393 313,
1108 2353 1189 2384 xviii
1211 2354 1271 2384 126
1458 2364 1499 2392 24
1517 2352 1589 2393 τὸν]

258 2399 322 2427 τῶν
341 2395 372 2425 Α
508 2397 550 2426 26
573 2398 624 2428 καὶ
643 2406 706 2426 om.
730 2396 862 2426 Dobree

1618 847 1657 869 10

1617 1180 1654 1211 Ι5

1616 1513 1656 1535 20
