1747 2844
123 530 142 563 5

166 139 280 192 xvm]
472 143 616 181 ΠΕΡΙ
666 143 788 180 ΤΟΥ
839 142 1177 180 ΣΤΕΦΑΝΟΎ

162 244 326 300 [φωνῆς]
359 246 427 286 τὸν
460 246 610 298 ἐροῦνθ’
634 247 731 297 ὑπὲρ
765 246 973 297 σωτηρίας·
1011 243 1058 294 ἣν
1092 246 1166 296 γὰρ
1193 245 1212 282 ὁ
1239 242 1360 295 κῆρυξ
1392 246 1486 283 κατὰ

162 314 252 355 τοὺς
287 314 429 364 νόμους
466 312 604 365 φωνὴν
639 313 798 364 ἀφίησι,
839 312 983 361 ταύτην
1024 310 1158 360 κοινὴν
1195 313 1264 359 τῆς
1302 311 1487 362 πατρίδος

163 382 313 421 δίκαιον
338 380 536 431 ἡγεῖσθαι.
609 379 734 418 καίτοι
762 379 796 418 εἰ
826 380 899 428 μὲν
931 377 1021 418 τοὺς
1055 379 1232 427 σωθῆναι
1266 376 1337 426 τὴν
1368 377 1487 417 πόλιν

163 446 435 499 βουλομένους
461 448 672 498 παρελθεῖν
701 444 792 490 ἔδει,
820 443 964 485 πάντες
993 443 1041 484 ἂν
1070 445 1179 494 ὑμεῖς
1209 443 1271 484 καὶ
1302 445 1338 483 οἱ
1368 443 1488 483 ἄλλοι

163 514 368 564 Ἀθηναῖοι
400 511 643 553 ἀναστάντες
677 512 741 551 ἐπὶ
775 510 819 550 τὸ
852 510 951 561 βῆμ’
978 511 1193 561 ἐβαδίζετε·
1237 509 1382 552 πάντες
1412 512 1488 563 γὰρ

163 580 235 620 οἶδ’
272 581 331 620 ὅτι
368 581 544 630 σωθῆναι
579 577 699 628 αὐτὴν
736 578 973 628 ἐβούλεσθε·
1015 578 1049 617 εἰ
1085 579 1127 617 δὲ
1162 576 1254 618 τοὺς
1286 582 1486 617 πλουσιω-

163 646 314 693 τάτους,
356 647 391 686 οἱ
432 645 665 697 τριακόσιοι·
718 645 751 684 εἰ
794 646 836 685 δὲ
877 643 966 685 τοὺς
1005 643 1211 696 ἀμφότερα
1249 647 1383 689 ταῦτα,
1426 644 1488 683 καὶ

165 714 299 754 εὔνους
323 714 370 768 τῇ
396 712 512 752 πόλει
539 711 601 751 καὶ
626 712 855 757 πλουσίους,
883 712 919 751 οῖ
951 711 1051 761 μετὰ
1075 713 1195 749 ταῦτα
1219 711 1288 752 τὰς
1311 710 1489 762 μεγάλας

163 780 363 820 ἐπιδόσεις
405 778 618 819 ἐπιδόντες·
675 778 736 818 καὶ
785 779 860 829 γὰρ
904 776 1034 831 εὐνοίᾳ
1077 776 1139 816 καὶ
1181 777 1338 830 πλούτῳ
1386 776 1488 816 τοῦτ’

1315 843 1324 856 (

106 863 147 886 10
165 846 372 896 ἐποίησαν.
431 844 534 891 ἀλλ’,
563 844 614 886 ὡς
647 844 786 890 ἔοικεν,
815 845 964 886 ἐκεῖνος
995 844 1015 882 ὁ
1046 843 1178 895 καιρὸς
1213 843 1273 883 καὶ
1307 861 1329 893 η
1364 843 1490 895 ἡμέρα

107 1191 144 1225 15

107 1524 145 1547 20

107 1855 143 1887 25

165 912 286 962 ’κείνη
313 911 358 952 οὐ
381 912 503 963 μόνον
529 912 665 951 εὔνουν
693 912 755 951 καὶ
780 910 978 951 πλούσιον
1004 909 1110 962 ἄνδρ’
1133 908 1278 956 ἐκάλει,
1300 910 1407 949 ἀλλὰ
1429 910 1489 950 καὶ

166 979 547 1031 παρηκολουθηκότα
571 981 653 1019 τοῖς
677 976 908 1029 πράγμασιν
934 976 979 1028 ἐξ
1002 977 1137 1030 ἀρχῆς,
1160 977 1222 1017 καὶ
1248 981 1485 1029 συλλελογι-

167 1044 316 1096 σμένον
345 1046 469 1096 ὀρθῶς
498 1045 604 1086 τίνος
635 1045 765 1085 εἵνεκα
797 1043 903 1083 ταῦτ’
930 1043 1120 1095 ἔπραττεν
1146 1044 1166 1082 ὁ
1192 1044 1393 1085 Φίλιππος
1426 1044 1489 1083 καὶ

165 1112 206 1152 τί
227 1112 488 1163 βουλόμενος·
527 1112 547 1150 ὁ
580 1112 655 1163 γὰρ
689 1111 740 1162 μὴ
774 1109 879 1150 ταῦτ’
906 1111 1016 1152 εἰδὼς
1048 1109 1136 1161 μηδ’
1165 1108 1362 1160 ἐξητακὼς
1394 1110 1486 1161 πόρ-

164 1180 303 1231 ρωθεν,
340 1177 419 1218 οὔτ’
452 1180 485 1218 εἰ
519 1178 653 1219 εὔνους
686 1176 733 1227 ἧν
766 1177 845 1217 οὔτ’
880 1178 913 1217 εἷ
947 1177 1152 1223 πλούσιος,
1189 1176 1302 1217 οὐδὲν
1332 1179 1490 1227 μᾶλλον

167 1244 303 1296 ἔμελλ’
335 1246 357 1284 ὅ
389 1261 427 1285 τι
459 1244 534 1298 χρὴ
569 1248 697 1284 ποιεῖν
731 1246 913 1284 εἴσεσθαι
945 1243 1026 1284 οὐδ’
1050 1245 1139 1295 ὑμῖν
1174 1242 1277 1294 ἕξειν
1311 1247 1486 1294 συμβου-

165 1312 309 1352 λεύειν.
377 1311 528 1363 ἐφάνην
553 1313 684 1351 τοίνυν
709 1310 820 1352 οὗτος
851 1311 892 1350 ἐν
924 1312 1050 1366 ἐκείνῃ
1081 1311 1127 1366 τῇ
1157 1310 1281 1364 ἡμέρᾳ
1315 1311 1392 1362 ἐγὼ
1427 1310 1489 1350 καὶ

167 1379 374 1430 παρελθὼν
415 1378 526 1418 εἶπον
569 1379 622 1418 εἰς
665 1378 774 1427 ὑμᾶς,
816 1376 839 1416 ἅ
882 1393 955 1428 μου
993 1380 1100 1417 δυοῖν
1140 1376 1254 1416 εἵνεκ’
1293 1376 1490 1416 ἀκούσατε

166 1445 444 1497 προσσχόντες
478 1444 546 1484 τὸν
581 1447 685 1489 νοῦν,
718 1438 804 1485 ἑνὸς
836 1443 921 1494 μέν,
950 1442 998 1483 ἵν’
1025 1442 1143 1493 εἰδῆθ’
1170 1444 1229 1482 ὅτι
1262 1443 1381 1493 μόνος
1413 1446 1490 1483 τῶν

165 1512 367 1563 λεγόντων
406 1512 468 1552 καὶ
505 1510 822 1561 πολιτευομένων
860 1510 936 1562 ἐγὼ
973 1509 1044 1559 τὴν
1083 1511 1151 1559 τῆς
1190 1508 1341 1551 εὐνοίας
1380 1508 1490 1559 τάξιν

165 1579 207 1618 ἐν
243 1582 325 1620 τοῖς
361 1581 502 1620 δεινοῖς
539 1578 607 1618 οὐκ
640 1577 793 1623 ἔλιπον,
828 1577 934 1616 ἀλλὰ
969 1577 1031 1616 καὶ
1064 1575 1194 1628 λέγων
1228 1576 1288 1616 καὶ
1325 1575 1492 1628 γράφων

165 1643 407 1696 ἐξηταζόμην
432 1647 480 1685 τὰ
514 1643 640 1685 δέονθ’
665 1645 762 1695 ὑπὲρ
794 1644 901 1694 ὑμῶν
936 1644 977 1683 ἐν
1013 1642 1143 1684 αὐτοῖς
1175 1646 1258 1684 τοῖς
1283 1639 1489 1694 φοβεροῖς,

166 1711 300 1763 ἑτέρου
325 1711 379 1757 δέ,
408 1713 467 1752 ὅτι
501 1710 639 1763 μικρὸν
665 1711 946 1751 ἀναλώσαντες
979 1710 1125 1762 χρόνον
1150 1712 1288 1763 πολλῷ
1322 1708 1419 1761 πρὸς
1443 1710 1491 1748 τὸ.

164 1780 287 1817 λοιπὰ
328 1780 397 1828 τῆς
439 1776 569 1828 πάσης
608 1778 811 1818 πολιτείας
849 1776 985 1817 ἔσεσθ’
1026 1776 1305 1827 ἐμπειρότεροι.
1378 1774 1490 1816 εἶπον

165 1845 296 1884 τοίνυν
331 1845 392 1884 ὅτι
431 1844 545 1885 (τοὺς
580 1846 650 1894 μὲν
688 1844 739 1886 ὡς
775 1844 1036 1895 ὑπαρχόντων
1070 1843 1267 1893 Θηβαίων
1301 1843 1489 1896 Φιλίππῳ

164 1910 257 1950 λίαν
283 1910 597 1962 θορυβουμένους
622 1911 782 1962 ἀγνοεῖν
812 1912 861 1949 τὰ
886 1910 1061 1961 παρόντα
1086 1908 1283 1960 πράγμαθ’
1308 1908 1488 1960 ἡγοῦμαι·

167 1976 207 2016 εὗ
244 1978 318 2028 γὰρ
356 1976 427 2016 οἶδ’
464 1978 536 2023 ὅτι,
573 1978 606 2017 εἰ
642 1976 747 2016 τοῦθ’
781 1977 902 2017 οὕτως
940 1976 1158 2028 ἐτύγχανεν
1196 1975 1302 2027 ἕχον,
1337 1975 1405 2014 οὐκ
1442 1973 1490 2014 ἂν

164 2042 281 2082 αὐτὸν
315 2043 505 2093 ἠκούομεν
540 2044 582 2083 ἐν
608 2042 796 2096 Ἐλατείᾳ
826 2044 932 2088 ὄντα,
960 2041 1051 2082 ἀλλ’
1078 2042 1141 2081 ἐπὶ
1175 2045 1257 2082 τοῖς
1289 2040 1490 2092 ἡμετέροις

164 2109 297 2159 ὁρίοις.
369 2111 428 2149 ὅτι
461 2108 594 2159 μέντοι
629 2108 678 2149 ἵν’
705 2109 842 2159 ἕτοιμα
867 2108 1080 2158 ποιήσηται
1106 2108 1177 2148 τάν
1205 2106 1366 2157 Θήβαις
1390 2107 1486 2156 ἥκει,

206 2230 224 2257 4
256 2220 305 2250 καὶ
334 2220 363 2250 οἱ
391 2220 486 2251 ἄλλοι
514 2219 673 2256 Ἀθηναῖοι
701 2218 778 2250 secl.
807 2218 972 2249 Benseler
1151 2227 1188 2254 14
1226 2219 1383 2256 ἐπιμελῶς
1413 2221 1489 2255 post

161 2261 319 2302 πόρρωθεν
336 2263 411 2293 add.
432 2262 522 2301 vulg.
540 2274 546 2292 z
571 2272 635 2292 om.
657 2261 680 2292 S
698 2262 790 2291 solus
904 2271 942 2299 19
966 2260 1191 2302 προσσχόντες
1209 2259 1238 2298 Q
1257 2272 1263 2290 ε
1287 2260 1489 2299 προσχόντες

163 2304 187 2333 S
204 2305 228 2334 L
246 2318 251 2335 ς
275 2306 492 2347 προσέχοντες
510 2305 598 2343 vulg.
711 2313 750 2342 25
776 2305 924 2342 Θηβαίων
940 2305 1087 2343 Φιλίππῳ
1107 2304 1129 2331 S
1149 2303 1313 2340 (confirm.
1331 2303 1490 2334 Tiberius

165 2348 228 2378 Rh.
248 2348 305 2380 Gr.
323 2349 379 2378 viii
398 2349 476 2389 570)
492 2360 497 2379 :
531 2349 606 2379 add.
627 2348 730 2389 φίλων
747 2352 825 2378 cett.
844 2348 896 2378 vel
914 2354 994 2378 ante
1012 2347 1159 2384 Θηβαίων
1176 2347 1228 2376 vel
1247 2352 1321 2385 post
1341 2349 1490 2384 Θηβαίων

162 2391 214 2420 ve}
233 2396 307 2430 post
323 2393 470 2431 Φιλίππῳ
641 2391 682 2420 28
708 2393 761 2422 νῦν
778 2395 857 2421 ante
875 2391 951 2422 ὄντα
967 2391 1040 2421 add.
1059 2389 1089 2419 A
1107 2389 1206 2419 vind.
1230 2399 1239 2418 1
1371 2391 1437 2421 ὅντ’
1458 2393 1490 2421 ἐν

160 2432 311 2476 Ἐλατείᾳ
329 2434 418 2464 Weil

1520 142 1631 196 [²85]

1524 859 1587 894 172

1524 1323 1588 1358 173

1522 1374 1640 1430 [286]

1525 1789 1590 1824 174
