1747 2844
148 511 166 543 5

130 848 168 869 10

128 1180 164 1211 15

125 1513 166 1535 20

124 1848 162 1880 25

190 122 309 173 xvm]
491 126 633 162 ΠΕΡΙ
683 126 805 162 ΤΟΥ
854 127 1187 164 ΣΤΕΦΑΝΟΤ

187 228 399 281 γορηκότος
436 228 553 269 αὐτοῦ
590 229 650 269 καὶ
689 228 1028 281 κατεψευσμένου;
1067 229 1109 271 ὃς
1142 231 1216 281 γὰρ
1251 232 1344 281 ἐμοῦ
1375 237 1515 282 φιλιπ-

188 296 349 346 πισμόν,
381 294 410 336 ὦ
444 298 493 347 γῆ
526 296 588 336 καὶ
617 297 711 342 θεοί,
748 299 965 348 κατηγορεῖ,
997 297 1037 336 τί
1067 297 1178 339 οὗτος
1212 297 1280 338 οὐκ
1312 297 1359 338 ἂν
1395 300 1516 346 εἵποι,·

189 364 313 403 καίτοι
338 362 383 413 νὴ
409 362 478 403 τὸν
502 362 707 414 Ἡρακλέα
734 364 796 404 καὶ
820 362 969 404 πάντας
994 363 1118 409 θεούς,
1141 365 1178 404 ε’ί
1194 363 1230 415 γ’
1251 363 1310 405 ἐπ’
1331 365 1518 414 ἀληθείας

187 429 267 470 δέοι
293 432 542 476 σκοπεῖσθαι,
571 429 615 469 τὸ
642 430 962 481 καταψεύδεσθαι
991 430 1053 471 καὶ
1080 429 1127 470 δι’
1153 430 1300 483 ἔχθραν
1323 447 1360 471 τι
1384 430 1518 483 λέγειν

186 497 403 538 ἀνελόντας
427 498 470 537 ἐκ
499 495 637 547 μέσου,
664 497 767 538 τίνες
798 495 849 538 ὡς
879 497 1036 546 ἀληθῶς
1068 497 1171 538 εἰσὶν
1198 498 1255 539 οἷς
1285 497 1332 538 ἂν
1359 499 1517 541 εἰκότως

189 564 250 604 καὶ
280 564 438 605 δικαίως
467 562 539 613 τὴν
571 566 648 604 τῶν
679 562 954 614 γεγενημένων
984 564 1113 604 αἰτίαν
1144 564 1209 604 ἐπὶ
1237 564 1307 614 τὴν
1339 565 1518 617 κεφαλὴν

187 630 368 670 ἀναθεῖεν
408 628 592 676 ἅπαντες,
633 629 723 671 τοὺς
765 630 922 681 ὁμοίους
962 631 1086 686 τούτῳ
1124 630 1214 682 παρ’
1254 631 1402 687 ἑκάστῃ
1440 635 1517 672 τῶν

187 697 345 737 πόλεων
384 695 523 747 εὕροιτ’
560 695 620 743 ἄν,
659 695 704 736 οὐ
741 696 828 738 τοὺς
869 697 968 747 ἐμοί·
1019 698 1069 744 οἵ,
1109 697 1166 737 ὅτ’
1202 696 1250 749 ἦν
1286 698 1434 748 ἀσθενῆ
1471 700 1518 738 τὰ

187 763 392 803 Φιλίππου
411 762 622 815 πράγματα
643 764 705 803 καὶ
727 764 862 819 κομιδῇ
882 763 1011 815 μικρά,
1030 763 1225 806 πολλάκις
1242 766 1519 817 προλεγόντων

186 829 295 881 ἡμῶν
324 829 385 869 καὶ
406 830 742 881 παρακαλούντων
770 830 831 870 καὶ
858 831 1127 871 διδασκόντων
1147 833 1194 871 τὰ
1219 831 1428 882 βέλτιστα,
1450 834 1519 882 τῆς

189 896 288 938 ἰδίας
325 895 424 937 ἕνεκ’
458 897 760 949 αἰσχροκερδίας
796 899 843 936 τὰ
881 903 991 954 κοινῇ
1028 897 1288 950 συμφέροντα
1322 898 1517 949 προΐεντο,

188 963 279 1005 τοὺς
305 963 556 1016 ὑπάρχοντας
581 964 742 1004 ἕκαστοι
762 964 927 1006 πολίτας
953 963 1224 1014 ἐξαπατῶντες
1253 965 1313 1005 καὶ
1339 966 1515 1017 διαφθεί-

189 1047 335 1081 ροντες,
364 1030 436 1071 ἕως
465 1030 630 1072 δούλους
660 1031 868 1081 ἐποίησαν,
898 1031 1127 1073 Θετταλοὺς
1160 1031 1330 1085 Δάοχος,
1362 1031 1516 1078 Κινέας,

189 1097 441 1148 Θρασύδαος·
492 1096 685 1149 Ἀρκάδας
727 1100 927 1149 Κερκιδᾶς,
969 1097 1211 1150 Ἱερώνυμος,
1253 1098 1516 1149 Εὐκαμπίδας·

188 1162 392 1216 Ἀργείους
418 1165 580 1216 Μύρτις,
600 1163 842 1215 Τελέδαμος,
865 1164 1071 1207 Μνασέας·
1109 1164 1295 1207 Ἠλείους
1317 1165 1516 1216 Εὐξίθεος,

190 1231 423 1282 Κλεότιμος,
445 1230 744 1284 Ἀρίσταιχμος·
783 1233 1041 1282 Μεσσηνίους
1061 1234 1096 1272 οἱ
1116 1231 1307 1273 Φιλιάδου
1326 1236 1394 1272 τοῦ
1414 1235 1517 1274 θεοῖς

188 1298 331 1350 ἐχθροῦ
370 1301 504 1340 παῖδες
544 1297 661 1339 Νέων
701 1298 763 1338 καὶ
802 1299 1082 1351 Θρασύλοχος·
1138 1300 1372 1341 Σικυωνίους
1411 1298 1515 1350 Ἀρί-

189 1381 369 1416 στρατος,
415 1364 648 1418 Ἐπιχάρης·
710 1366 939 1417 Κορινθίους
989 1367 1222 1418 Δείναρχος,
1274 1365 1516 1418 Δημάρετος·

189 1431 400 1483 Μεγαρέας
425 1431 687 1483 Πτοιόδωρος,
701 1430 881 1482 ”Ελιξος,
909 1430 1124 1483 Πέριλλος·
1164 1433 1370 1483 Θηβαίους
1394 1433 1515 1482 Τιμό-

187 1503 295 1544 λαος,
336 1499 577 1550 Θεογείτων,
616 1497 860 1550 Ἀνεμοίτας·
910 1498 1091 1549 Εὐβοέας
1120 1498 1356 1552 Ἵππαρχος,
1399 1501 1515 1540 Κλεί-

186 1582 343 1619 ταρχος,
366 1566 661 1617 Σωσίστρατος.
722 1566 925 1617 ἐπιλείψει
943 1583 992 1617 με
1011 1565 1170 1618 λέγονθ’
1189 1566 1212 1616 ἡ
1233 1566 1357 1618 ἡμέρα
1375 1567 1422 1605 τὰ
1441 1570 1517 1606 τῶν

186 1635 388 1685 προδοτῶν
404 1633 590 1683 ὀνόματα.
642 1633 749 1673 οὗτοι
764 1632 909 1674 πάντες
926 1634 1041 1680 εἰσίν,
1059 1632 1196 1684 ἄνδρες
1209 1632 1425 1683 Ἀθηναῖοι,
1440 1636 1517 1673 τῶν

186 1700 312 1741 αὐτῶν
331 1699 617 1751 βουλευμάτων
636 1701 680 1741 ἐν
698 1703 782 1742 ταῖς
801 1701 927 1741 αὐτῶν
945 1700 1133 1753 πατρίσιν
1152 1701 1281 1753 ὧνπερ
1301 1700 1408 1741 οὗτοι
1427 1699 1516 1751 παρ’

184 1767 287 1817 ὑμῖν,
305 1766 507 1819 ἄνθρωποι
523 1767 655 1819 μιαροὶ
677 1767 738 1807 καὶ
756 1767 922 1810 κόλακες
942 1767 1003 1808 καὶ
1024 1767 1257 1819 ἀλάστορες,
1276 1767 1513 1819 ἠκρωτηρια-

184 1832 325 1884 σμένοι
349 1835 418 1876 τὰς
448 1835 574 1875 αὐτῶν
600 1835 762 1875 ἕκαστοι
790 1835 992 1887 πατρίδας,
1018 1834 1089 1884 τὴν
1115 1835 1342 1886 ἐλευθερίαν
1368 1851 1512 1886 προπε-

183 1900 357 1943 πωκότες
372 1901 562 1953 πρότερον
582 1903 653 1952 μὲν
670 1903 872 1957 Φιλίππῳ,
891 1905 960 1943 νῦν
976 1901 1008 1942 δ’
1025 1900 1289 1955 Ἀλεξάνδρῳ,
1307 1902 1353 1957 τῇ
1369 1900 1515 1953 γαστρὶ

181 1970 413 2019 μετροῦντες
431 1967 493 2008 καὶ
510 1972 592 2010 τοῖς
609 1969 836 2022 αἰσχίστοις
851 1968 923 2019 τὴν
939 1968 1201 2020 εὐδαιμονίαν,
1220 1967 1290 2018 τὴν
1306 1967 1339 2007 δ’
1355 1969 1510 2008 ἐλευθε-

181 2035 270 2084 ρίαν
305 2034 366 2074 καὶ
396 2033 440 2074 τὸ
467 2033 602 2085 μηδέν’
630 2035 739 2088 ἔχειν
764 2035 963 2086 δεσπότην
989 2037 1128 2082 αὐτῶν,
1156 2036 1181 2076 ἃ
1204 2038 1284 2077 τοῖς
1311 2033 1513 2086 προτέροις

173 2098 380 2151 “Ἐλλησιν
399 2102 485 2153 ὅροι
504 2105 582 2142 τῶν
601 2102 758 2154 ἀγαθῶν
778 2102 882 2153 ἦσαν
904 2103 965 2143 καὶ
993 2104 1165 2149 κανόνες,
1188 2101 1511 2153 ἀνατετροφότες.

223 2219 244 2248 3
268 2210 341 2242 τοὺς
359 2215 436 2250 post
453 2210 575 2243 πάντας
592 2211 667 2242 add.
686 2211 774 2250 vulg.
796 2222 802 2241 :
826 2222 892 2242 om.
912 2212 936 2242 S
951 2211 1059 2242 LAY
1200 2213 1220 2242 8
1246 2211 1359 2252 εὕροιτ’
1378 2209 1444 2241 SA
1456 2210 1486 2240 Y
1503 2222 1510 2241 ι

180 2253 262 2293 εὕροι
279 2267 328 2286 τις
345 2253 372 2284 L
389 2254 479 2293 vulg.
616 2264 654 2293 19
678 2253 835 2295 Πέριλλος
852 2254 883 2285 Y
898 2255 921 2285 F
937 2268 987 2296 γρ.
1011 2255 1123 2286 Phot.:
1151 2256 1307 2296 Περίλλος
1326 2254 1508 2294 Ηειτροεΐ.,

179 2295 222 2327 cs.
249 2299 265 2334 ξ
292 2297 352 2335 48:
390 2298 545 2339 Περίαλος
571 2298 594 2329 S
610 2297 654 2329 L:
693 2298 870 2339 Περίλλαος
895 2298 946 2329 Α;
983 2299 1137 2339 Περίλαος
1162 2299 1248 2338 vulg.
1351 2298 1508 2337 Τιμόλαος

179 2338 294 2380 vulg.:
328 2340 467 2380 Τιμόλαε
493 2340 556 2371 SL
581 2340 712 2380 Polyb„
738 2341 779 2371 cf.
804 2344 820 2379 ξ
847 2343 889 2380 48
1037 2352 1079 2380 29
1113 2341 1369 2383 ἀνατετροφότες
1394 2342 1508 2381 vulg.:

179 2383 436 2424 ἀνατετραφότες
455 2384 478 2415 S
494 2395 501 2414 ε
526 2390 705 2424 utrumque
723 2383 748 2414 L

222 2448 410 2477 Demos-ru„
430 2447 505 2470 v01..
527 2446 547 2470 ι.
1347 2441 1387 2472 20

1548 129 1659 184 [323]

1549 630 1662 685 [324]

1550 713 1615 749 295

1548 1568 1616 1612 296
