1731 2844
165 107 238 160 vn]
531 110 673 147 ΠΕΡΙ
722 110 1112 147 ΑΛΟΝΝΗΣΟΎ

163 215 199 253 οἱ
232 211 423 265 πρέσβεις
456 214 491 253 οἱ
525 212 614 264 παρ’
644 213 791 252 ἐκείνου
828 211 1073 263 πεμφθέντες
1112 213 1478 265 ἐπανορθώσασθαι,

162 279 221 319 ὅτι
244 278 624 330 ἐπηνωρθωσάμεθα,
651 277 671 318 δ
701 280 805 330 παρὰ
835 281 958 318 πᾶσιν
983 278 1201 330 ἀνθρώποις
1230 280 1482 332 ὁμολογεῖται

162 346 309 386 δίκαιον
342 345 453 392 εἶναι,
488 345 690 397 ἑκατέρους
726 344 834 398 ἔχειν
869 346 916 384 τὰ
952 347 1111 391 ἑαυτῶν,
1147 346 1399 398 ἀμφισβητεῖ
1429 346 1480 397 μὴ

162 411 369 453 δεδωκέναι
400 414 497 463 μηδὲ
528 411 617 454 τοὺς
648 410 841 464 πρέσβεις
878 410 983 451 ταῦτ’
1015 411 1209 462 εἰρηκέναι
1241 412 1337 464 πρὸς
1368 413 1479 463 ὑμᾶς,

124 497 142 529 5
162 478 272 519 οὐδὲν
301 478 391 519 ἀλλ’
423 475 446 529 ἢ
480 477 742 529 πεπεισμένος
771 477 847 518 ὑπὸ
881 477 1041 524 τούτων,
1072 478 1128 519 οῖς
1160 480 1304 530 χρῆται
1332 480 1479 531 φίλοις,

161 544 213 587 ὡς
240 545 347 595 ὑμεῖς
377 544 421 585 οὐ
450 544 710 596 μνημονεύετε
738 545 786 584 τὰ
811 545 855 584 ἐν
878 547 930 598 τῷ
962 542 1068 598 δήμῳ
1095 544 1291 596 εἰρημένα.
1361 546 1482 596 μόνον

161 612 203 651 δὲ
235 614 347 651 τοῦτο
379 610 452 664 οὐχ
484 611 566 651 οἶόν
595 627 638 652 τε
664 611 753 661 ὑμῖν
783 611 893 651 ἐστιν
923 610 1211 661 ἀμνημονῆσαι·
1256 612 1298 652 ἐν
1327 613 1402 664 γὰρ
1434 618 1482 668 τῇ

1512 115 1590 169 [81]

1515 560 1557 594 19

161 676 257 733 αὐτῇ
282 678 471 731 ἐκκλησίᾳ
496 677 557 718 καὶ
584 679 619 717 οἱ
639 675 832 729 πρέσβεις
857 677 946 727 ὑμῖν
971 678 1007 718 οἱ
1032 676 1122 729 παρ’
1149 678 1296 719 ἐκείνου
1322 678 1483 728 ἥκοντες
1534 701 1538 703 -

160 741 386 794 διελέγοντο
412 743 472 783 καὶ
496 743 540 783 τὸ
563 742 760 796 ψήφισμα
779 743 947 796 ἐγράφη,
968 742 1064 783 ὥστ’
1085 743 1157 797 οὐχ
1183 744 1267 785 οἶόν
1284 761 1339 790 τε,
1361 761 1482 796 παρα-

105 825 143 848 10
159 811 291 862 χρῆμα
325 813 400 849 τῶν
435 810 567 861 λόγων
603 809 817 862 εἰρημένων
857 810 918 850 καὶ
961 810 1072 852 εὐθὺς
1113 813 1180 850 τοῦ
1219 811 1482 863 ψηφίσματος

159 875 618 928 ἐπαναγιγνωσκομένου,
639 875 710 926 τὴν
731 875 1078 928 καταψευδομένην
1103 877 1262 928 γνώμην
1286 881 1363 917 τῶν
1388 876 1479 929 πρέ-

160 946 309 992 σβεων,
335 943 478 992 ταύτην
502 943 598 993 ὑμᾶς
622 944 912 996 χειροτονῆσαι·
956 943 1060 983 ὥστε
1089 946 1203 983 τοῦτο
1232 946 1303 994 μὲν
1327 944 1370 984 οὐ
1401 943 1482 984 κατ’

160 1009 265 1058 ἐμοῦ,
297 1009 403 1048 ἀλλὰ
433 1008 516 1049 καθ’
545 1010 648 1060 ὑμῶν
686 1008 944 1055 ἐπέσταλκεν,
980 1009 1030 1051 ὡς
1065 1010 1174 1060 ὑμεῖς
1209 1009 1296 1061 περὶ
1329 1011 1382 1050 ὧν
1415 1010 1483 1051 οὐκ

159 1073 367 1123 ἠκούσατε,
394 1075 481 1127 περὶ
510 1075 656 1116 τούτων
681 1075 984 1127 ἀποκρινάμενοι
1013 1075 1083 1125 τὴν
1113 1076 1270 1128 γνώμην
1297 1077 1480 1118 ἀπεστεί-

102 1156 140 1188 15
159 1145 266 1181 λατε.
338 1141 399 1181 καὶ
428 1143 464 1182 οἱ
492 1143 565 1192 μὲν
589 1141 782 1193 πρέσβεις
807 1141 927 1188 αὐτοί,
955 1143 1009 1182 ὧν
1040 1142 1302 1194 κατεψεύδετο
1332 1142 1376 1183 τὸ
1404 1141 1482 1195 ψή-

159 1211 304 1258 φισμα,
343 1207 399 1246 ὅτ’
438 1208 694 1260 ἀπεκρίνεσθε
736 1208 866 1250 αὐτοῖς
907 1208 1272 1260 ἀναγιγνώσκοντες
1315 1209 1375 1249 καὶ
1418 1210 1482 1250 ἐπὶ

159 1271 268 1322 ξένια
292 1272 431 1314 αὐτοὺς
455 1274 644 1328 ἐκαλεῖτε,
667 1274 734 1314 οὐκ
761 1274 988 1325 ἐτόλμησαν
1006 1277 1230 1327 παρελθεῖν,
1253 1275 1332 1315 οὐδ’
1359 1276 1481 1316 εἰπεῖν

159 1339 218 1379 ὅτι
239 1339 249 1356 ‘
266 1340 563 1392 καταψεύδεσθε
587 1340 708 1391 ἡμῶν,
730 1338 759 1379 ὦ
780 1339 916 1392 ἄνδρες
936 1340 1150 1391 Ἀθηναῖοι,
1173 1342 1233 1382 καὶ
1255 1344 1355 1394 φατὲ
1381 1342 1482 1393 ἡμᾶς

158 1405 350 1457 εἰρηκέναι
383 1407 407 1447 ἃ
438 1406 504 1446 οὐκ
539 1406 772 1458 εἰρήκαμεν,’
805 1407 911 1446 ἀλλὰ
945 1407 1072 1463 σιωπῇ
1107 1408 1288 1450 ἀπιόντες
1321 1406 1480 1462 ᾤχοντο.

100 1487 138 1510 20
158 1472 355 1524 βούλομαι
379 1472 411 1513 δ’
435 1474 544 1525 ὑμᾶς,
572 1471 600 1513 ὦ
631 1473 768 1526 ἄνδρες
793 1472 995 1524 Ἀθηναῖοι
1018 1473 1096 1524 (καὶ
1120 1475 1194 1526 γὰρ
1219 1473 1482 1525 ηὐδοκίμησεν

158 1540 178 1578 ὁ
211 1540 356 1581 Πύθων
388 1540 476 1593 παρ’
508 1542 598 1591 ὑμῖν
628 1542 670 1582 ἐν
704 1542 750 1597 τῇ
786 1542 1014 1594 δημηγορίᾳ,
1043 1541 1063 1579 ὁ
1092 1541 1180 1580 τότε
1213 1536 1479 1592 πρεσβεύων),

157 1606 293 1649 αὐτοὺς
329 1607 418 1649 τοὺς
450 1608 594 1660 λόγους
631 1607 696 1649 οὓς
732 1608 870 1660 ἔλεγεν
904 1608 1142 1658 ὑπομνῆσαι·
1191 1607 1278 1647 οῖδα
1312 1608 1386 1659 γὰρ
1423 1608 1482 1646 ὅτι

156 1673 369 1725 μέμνησθε.
441 1673 713 1727 παραπλήσιοι
751 1674 784 1715 δ’
821 1673 924 1725 ἦσαν
962 1674 1019 1716 οἷς
1057 1673 1119 1714 καὶ
1155 1677 1222 1714 νῦν
1258 1672 1481 1714 ἐπέσταλκε

157 1741 369 1783 Φίλιππος·
409 1743 588 1794 ἐγκαλῶν
616 1743 691 1793 γὰρ
719 1741 810 1792 ἡμῖν
839 1745 920 1783 τοῖς
950 1739 1218 1792 διαβάλλουσι
1243 1739 1310 1780 τὸν
1336 1741 1480 1780 Φίλιπ-

98 1819 134 1851 25
156 1823 243 1853 πον,
272 1809 334 1848 καὶ
358 1809 446 1859 ὑμῖν
473 1807 669 1860 ἐμέμφετο
694 1809 754 1848 ὅτι
779 1808 1000 1860 ὡρμηκότος
1025 1808 1142 1848 αὐτοῦ
1168 1806 1208 1848 εὖ
1233 1810 1359 1847 ποιεῖν
1385 1807 1481 1856 ὑμᾶς

157 1875 219 1914 καὶ
247 1874 519 1931 προῃρημένου
546 1874 724 1926 μάλιστα
751 1879 827 1915 τῶν
856 1873 1065 1925 Ἑλλήνων
1097 1874 1239 1926 φίλους
1269 1874 1482 1922 κεκτῆσθαι

156 1940 263 1981 αὐτοὶ
289 1941 469 1990 κωλύετε,
490 1942 776 1994 ἀποδεχόμενοι
799 1941 888 1983 τοὺς
911 1942 1055 1993 λόγους
1080 1944 1157 1981 τῶν
1184 1939 1478 1992 συκοφαντούν-

155 2023 233 2048 των
259 2008 320 2048 καὶ
343 2007 524 2061 χρήματα
549 2009 698 2049 ἐκεῖνον
717 2009 931 2050 αἰτούντων
952 2007 1012 2048 καὶ
1038 2008 1355 2059 διαβαλλόντων·
1392 2004 1481 2047 τοὺς

154 2075 229 2126 γὰρ
248 2075 445 2116 τοιούτους
469 2075 624 2127 λόγους,
647 2075 741 2115 ὅταν
761 2075 1099 2128 ἀπαγγελλόντων
1120 2074 1253 2130 ἀκούῃ,
1277 2074 1336 2113 ὅτι
1357 2075 1480 2112 κακῶς

96 2151 136 2182 30
155 2139 305 2190 ἤκουεν,
322 2142 431 2192 ὑμεῖς
450 2141 482 2181 δ’
503 2141 760 2195 ἀπεδέχεσθε,
781 2141 1054 2193 μεταβάλλειν
1074 2140 1189 2181 αὐτοῦ
1213 2139 1284 2190 τὴν
1304 2139 1476 2191 γνώμην,

197 2250 217 2279 8
242 2251 312 2289 ὑμῖν
330 2254 405 2289 post
421 2248 572 2291 πρέσβεις
590 2249 681 2289 vulg.
697 2261 703 2280 t
729 2255 806 2290 post
823 2251 956 2288 ἥκοντες
976 2251 999 2281 S
1014 2249 1080 2280 LA
1093 2249 1122 2279 Y
1290 2249 1329 2278 16
1354 2246 1477 2286 ἀπεκρί-

156 2296 245 2324 νεσθε
264 2293 287 2323 S
302 2292 335 2323 L¹
351 2306 356 2324 :
382 2294 592 2334 ἂπεκρίνασθε
610 2294 698 2332 vulg.
883 2304 920 2333 17
946 2293 1031 2334 ξένια
1046 2293 1215 2323 Vrbinas:
1241 2292 1338 2332 ξενίαι
1357 2291 1380 2321 S
1395 2291 1418 2320 F
1431 2290 1476 2319 B:

155 2336 240 2374 ξενία
257 2336 283 2366 L
298 2336 397 2367 Vind.
423 2346 434 2365 1
455 2347 461 2366 :
487 2337 592 2377 ξενίαν
607 2337 695 2376 vulg.
788 2348 828 2376 23
853 2336 1015 2377 μέμνησθε
1034 2337 1057 2367 S
1072 2336 1097 2366 L
1113 2346 1119 2365 :
1143 2334 1369 2375 μνησθήσεσθε
1388 2333 1474 2371 νυῙρςΔ

155 2387 195 2416 27
219 2379 291 2411 τοὺς
307 2379 424 2421 λόγους
443 2389 506 2411 om.
527 2379 615 2411 S1L¹

1514 1155 1558 1180 20

1513 1687 1550 1711 21

1512 1804 1597 1859 [82]
