<?xml version="1.0" encoding="UTF-8"?>
<!DOCTYPE html PUBLIC "-//W3C//DTD XHTML 1.0 Transitional//EN"
    "http://www.w3.org/TR/xhtml1/DTD/xhtml1-transitional.dtd">
<html xmlns="http://www.w3.org/1999/xhtml" xml:lang="en" lang="en">
 <head>
  <title>
</title>
<meta http-equiv="Content-Type" content="text/html;charset=utf-8" />
  <meta name='ocr-system' content='tesseract 3.04.00' />
  <meta name='ocr-capabilities' content='ocr_page ocr_carea ocr_par ocr_line ocrx_word'/>
</head>
<body>
  <div class='ocr_page' id='page_1' title='image "./orationesrecogno01demouoft_0282.png"; bbox 0 0 1763 2828; ppageno 0'>
   <div class='ocr_carea' id='block_1_1' title="bbox 111 135 215 189">
    <p class='ocr_par' dir='ltr' id='par_1_1' title="bbox 111 135 215 189">
     <span class='ocr_line' id='line_1_1' title="bbox 111 135 215 189; baseline 0 -15"><span class='ocrx_word' id='word_1_1' title='bbox 111 135 215 189; x_wconf 70' lang='lat'>[2811</span> 
     </span>
    </p>
   </div>
   <div class='ocr_carea' id='block_1_2' title="bbox 152 581 214 626">
    <p class='ocr_par' dir='ltr' id='par_1_2' title="bbox 152 581 214 626">
     <span class='ocr_line' id='line_1_2' title="bbox 152 581 214 626; baseline 0 -11"><span class='ocrx_word' id='word_1_2' title='bbox 152 581 214 626; x_wconf 84' lang='lat'>163</span> 
     </span>
    </p>
   </div>
   <div class='ocr_carea' id='block_1_3' title="bbox 103 777 214 832">
    <p class='ocr_par' dir='ltr' id='par_1_3' title="bbox 103 777 214 832">
     <span class='ocr_line' id='line_1_3' title="bbox 103 777 214 832; baseline 0.009 -16"><span class='ocrx_word' id='word_1_3' title='bbox 103 777 214 832; x_wconf 70' lang='lat'>[282]</span> 
     </span>
    </p>
   </div>
   <div class='ocr_carea' id='block_1_4' title="bbox 151 1201 216 1244">
    <p class='ocr_par' dir='ltr' id='par_1_4' title="bbox 151 1201 216 1244">
     <span class='ocr_line' id='line_1_4' title="bbox 151 1201 216 1244; baseline 0 -9"><span class='ocrx_word' id='word_1_4' title='bbox 151 1201 216 1244; x_wconf 78' lang='lat'>164</span> 
     </span>
    </p>
   </div>
   <div class='ocr_carea' id='block_1_5' title="bbox 153 1999 214 2044">
    <p class='ocr_par' dir='ltr' id='par_1_5' title="bbox 153 1999 214 2044">
     <span class='ocr_line' id='line_1_5' title="bbox 153 1999 214 2044; baseline 0 -10"><span class='ocrx_word' id='word_1_5' title='bbox 153 1999 214 2044; x_wconf 83' lang='lat'>165</span> 
     </span>
    </p>
   </div>
   <div class='ocr_carea' id='block_1_6' title="bbox 674 130 1572 184">
    <p class='ocr_par' dir='ltr' id='par_1_6' title="bbox 674 130 1572 184">
     <span class='ocr_line' id='line_1_6' title="bbox 674 130 1572 184; baseline -0.001 -11"><span class='ocrx_word' id='word_1_6' title='bbox 674 136 1157 173; x_wconf 69' lang='grc' dir='ltr'>ΔΙΙΜΟΣΘΕΝΟΎΣ</span> <span class='ocrx_word' id='word_1_7' title='bbox 1455 130 1572 184; x_wconf 69' lang='lat' dir='ltr'>[xvm</span> 
     </span>
    </p>
   </div>
   <div class='ocr_carea' id='block_1_7' title="bbox 247 238 1575 386">
    <p class='ocr_par' dir='ltr' id='par_1_7' title="bbox 247 238 1575 386">
     <span class='ocr_line' id='line_1_7' title="bbox 247 238 1575 291; baseline 0.002 -13"><span class='ocrx_word' id='word_1_8' title='bbox 247 240 318 289; x_wconf 76' lang='grc' dir='ltr'>την</span> <span class='ocrx_word' id='word_1_9' title='bbox 356 240 509 290; x_wconf 83' lang='grc' dir='ltr'>φιλίαν,</span> <span class='ocrx_word' id='word_1_10' title='bbox 550 239 611 279; x_wconf 85' lang='grc' dir='ltr'>καὶ</span> <span class='ocrx_word' id='word_1_11' title='bbox 648 240 735 291; x_wconf 85' lang='grc' dir='ltr'>περὶ</span> <span class='ocrx_word' id='word_1_12' title='bbox 772 244 848 279; x_wconf 86' lang='grc' dir='ltr'>τῶν</span> <span class='ocrx_word' id='word_1_13' title='bbox 888 239 1023 279; x_wconf 73' lang='grc' dir='ltr'>ἄλλων</span> <span class='ocrx_word' id='word_1_14' title='bbox 1062 238 1256 280; x_wconf 75' lang='grc' dir='ltr'>πολλάκις</span> <span class='ocrx_word' id='word_1_15' title='bbox 1295 238 1575 291; x_wconf 73' lang='grc' dir='ltr'>ἀντιλέγοντας</span> 
     </span>
     <span class='ocr_line' id='line_1_8' title="bbox 248 305 1571 358; baseline 0 -12"><span class='ocrx_word' id='word_1_16' title='bbox 248 309 398 348; x_wconf 78' lang='grc' dir='ltr'>ἑαυτοῖς</span> <span class='ocrx_word' id='word_1_17' title='bbox 432 306 536 346; x_wconf 72' lang='grc' dir='ltr'>τοῦθ’</span> <span class='ocrx_word' id='word_1_18' title='bbox 571 308 946 358; x_wconf 75' lang='grc' dir='ltr'>ὁμογνωμονοῦντας</span> <span class='ocrx_word' id='word_1_19' title='bbox 981 307 1053 346; x_wconf 80' lang='grc' dir='ltr'>ἀεί.</span> <span class='ocrx_word' id='word_1_20' title='bbox 1125 306 1190 348; x_wconf 79' lang='grc' dir='ltr'>οὓς</span> <span class='ocrx_word' id='word_1_21' title='bbox 1223 305 1273 346; x_wconf 80' lang='grc' dir='ltr'>σὺ</span> <span class='ocrx_word' id='word_1_22' title='bbox 1309 306 1452 355; x_wconf 77' lang='grc' dir='ltr'>ζῶντας</span> <span class='ocrx_word' id='word_1_23' title='bbox 1486 305 1571 357; x_wconf 86' lang='grc' dir='ltr'>μέν,</span> 
     </span>
     <span class='ocr_line' id='line_1_9' title="bbox 1436 371 1466 386; baseline 0.033 -1"><span class='ocrx_word' id='word_1_24' title='bbox 1436 371 1466 386; x_wconf 59' lang='lat' dir='ltr'>‘x&#39;</span> 
     </span>
    </p>
   </div>
   <div class='ocr_carea' id='block_1_8' title="bbox 247 372 1574 494">
    <p class='ocr_par' dir='ltr' id='par_1_8' title="bbox 247 372 1574 494">
     <span class='ocr_line' id='line_1_10' title="bbox 247 372 1574 425; baseline -0.001 -12"><span class='ocrx_word' id='word_1_25' title='bbox 247 372 276 413; x_wconf 65' lang='lat' dir='ltr'>[h</span> <span class='ocrx_word' id='word_1_26' title='bbox 321 374 487 420; x_wconf 78' lang='grc' dir='ltr'>κίναδος,</span> <span class='ocrx_word' id='word_1_27' title='bbox 534 373 758 414; x_wconf 81' lang='grc' dir='ltr'>κολακεύων</span> <span class='ocrx_word' id='word_1_28' title='bbox 802 373 1124 425; x_wconf 76' lang='grc' dir='ltr'>παρηκολούθεις,</span> <span class='ocrx_word' id='word_1_29' title='bbox 1165 372 1391 413; x_wconf 79' lang='grc' dir='ltr'>τεθνεώτων</span> <span class='ocrx_word' id='word_1_30' title='bbox 1433 384 1453 412; x_wconf 87' lang='grc' dir='ltr'>ο</span> <span class='ocrx_word' id='word_1_31' title='bbox 1507 373 1574 413; x_wconf 84' lang='grc' dir='ltr'>οὐκ</span> 
     </span>
     <span class='ocr_line' id='line_1_11' title="bbox 248 439 1573 494; baseline -0.001 -14"><span class='ocrx_word' id='word_1_32' title='bbox 248 440 429 481; x_wconf 81' lang='grc' dir='ltr'>αἰσθάνει</span> <span class='ocrx_word' id='word_1_33' title='bbox 465 444 704 492; x_wconf 85' lang='grc' dir='ltr'>κατηγορῶν·</span> <span class='ocrx_word' id='word_1_34' title='bbox 743 440 766 480; x_wconf 70' lang='grc' dir='ltr'><em>ἃ</em></span> <span class='ocrx_word' id='word_1_35' title='bbox 800 442 875 492; x_wconf 75' lang='grc' dir='ltr'>γὰρ</span> <span class='ocrx_word' id='word_1_36' title='bbox 909 440 996 492; x_wconf 84' lang='grc' dir='ltr'>περὶ</span> <span class='ocrx_word' id='word_1_37' title='bbox 1031 441 1229 489; x_wconf 82' lang='grc' dir='ltr'>Θηβαίων</span> <span class='ocrx_word' id='word_1_38' title='bbox 1263 440 1443 494; x_wconf 81' lang='grc' dir='ltr'>ἐπιτιμᾷς</span> <span class='ocrx_word' id='word_1_39' title='bbox 1473 439 1573 490; x_wconf 87' lang='grc' dir='ltr'>ἐμοί,</span> 
     </span>
    </p>
   </div>
   <div class='ocr_carea' id='block_1_9' title="bbox 249 502 1614 559">
    <p class='ocr_par' dir='ltr' id='par_1_9' title="bbox 249 502 1614 559">
     <span class='ocr_line' id='line_1_12' title="bbox 249 502 1614 559; baseline -0.001 -12"><span class='ocrx_word' id='word_1_40' title='bbox 249 509 408 548; x_wconf 87' lang='grc' dir='ltr'>ἐκείνων</span> <span class='ocrx_word' id='word_1_41' title='bbox 442 508 545 548; x_wconf 83' lang='grc' dir='ltr'>πολὺ</span> <span class='ocrx_word' id='word_1_42' title='bbox 577 510 733 559; x_wconf 73' lang='grc' dir='ltr'>μᾶλλον</span> <span class='ocrx_word' id='word_1_43' title='bbox 765 504 787 557; x_wconf 81' lang='grc' dir='ltr'>ἢ</span> <span class='ocrx_word' id='word_1_44' title='bbox 820 509 913 558; x_wconf 72' lang='grc' dir='ltr'>ἐμοῦ</span> <span class='ocrx_word' id='word_1_45' title='bbox 949 510 1191 559; x_wconf 87' lang='grc' dir='ltr'>κατηγορεῖς,</span> <span class='ocrx_word' id='word_1_46' title='bbox 1219 511 1296 547; x_wconf 86' lang='grc' dir='ltr'>τῶν</span> <span class='ocrx_word' id='word_1_47' title='bbox 1330 506 1520 558; x_wconf 83' lang='grc' dir='ltr'>πρότερον</span> <span class='ocrx_word' id='word_1_48' title='bbox 1551 502 1614 556; x_wconf 80' lang='grc' dir='ltr'>ἢ5</span> 
     </span>
    </p>
   </div>
   <div class='ocr_carea' id='block_1_10' title="bbox 246 572 1577 959">
    <p class='ocr_par' dir='ltr' id='par_1_10' title="bbox 246 572 1577 959">
     <span class='ocr_line' id='line_1_13' title="bbox 248 572 1575 627; baseline -0.002 -13"><span class='ocrx_word' id='word_1_49' title='bbox 248 575 325 626; x_wconf 84' lang='grc' dir='ltr'>ἐγὼ</span> <span class='ocrx_word' id='word_1_50' title='bbox 367 574 511 624; x_wconf 85' lang='grc' dir='ltr'>ταύτην</span> <span class='ocrx_word' id='word_1_51' title='bbox 554 574 624 623; x_wconf 75' lang='grc' dir='ltr'>τὴν</span> <span class='ocrx_word' id='word_1_52' title='bbox 667 575 898 627; x_wconf 77' lang='grc' dir='ltr'>συμμαχίαν</span> <span class='ocrx_word' id='word_1_53' title='bbox 936 573 1248 624; x_wconf 77' lang='grc' dir='ltr'>δοκιμασάντων.</span> <span class='ocrx_word' id='word_1_54' title='bbox 1322 573 1414 613; x_wconf 74' lang='grc' dir='ltr'>ἀλλ’</span> <span class='ocrx_word' id='word_1_55' title='bbox 1454 572 1575 613; x_wconf 85' lang='grc' dir='ltr'>ἐκεῖσ’</span> 
     </span>
     <span class='ocr_line' id='line_1_14' title="bbox 247 638 1573 696; baseline -0.002 -15"><span class='ocrx_word' id='word_1_56' title='bbox 247 640 438 691; x_wconf 83' lang='grc' dir='ltr'>ἐπάνειμι,</span> <span class='ocrx_word' id='word_1_57' title='bbox 468 642 527 680; x_wconf 88' lang='grc' dir='ltr'>ὅτι</span> <span class='ocrx_word' id='word_1_58' title='bbox 560 640 628 681; x_wconf 83' lang='grc' dir='ltr'>τὸν</span> <span class='ocrx_word' id='word_1_59' title='bbox 662 643 704 681; x_wconf 87' lang='grc' dir='ltr'>ἐν</span> <span class='ocrx_word' id='word_1_60' title='bbox 729 640 943 696; x_wconf 80' lang='grc' dir='ltr'>Ἀμφίσσῃ</span> <span class='ocrx_word' id='word_1_61' title='bbox 977 642 1154 691; x_wconf 86' lang='grc' dir='ltr'>πόλεμον</span> <span class='ocrx_word' id='word_1_62' title='bbox 1186 640 1325 681; x_wconf 88' lang='grc' dir='ltr'>τούτου</span> <span class='ocrx_word' id='word_1_63' title='bbox 1357 641 1430 690; x_wconf 79' lang='grc' dir='ltr'>μὲν</span> <span class='ocrx_word' id='word_1_64' title='bbox 1463 638 1573 690; x_wconf 88' lang='grc' dir='ltr'>ποιή-</span> 
     </span>
     <span class='ocr_line' id='line_1_15' title="bbox 248 706 1576 761; baseline 0.001 -16"><span class='ocrx_word' id='word_1_65' title='bbox 248 725 402 753; x_wconf 89' lang='grc' dir='ltr'>σαντος,</span> <span class='ocrx_word' id='word_1_66' title='bbox 432 707 795 758; x_wconf 82' lang='grc' dir='ltr'>συμπεραναμένων</span> <span class='ocrx_word' id='word_1_67' title='bbox 820 709 861 748; x_wconf 80' lang='grc' dir='ltr'>δὲ</span> <span class='ocrx_word' id='word_1_68' title='bbox 888 711 963 748; x_wconf 87' lang='grc' dir='ltr'>τῶν</span> <span class='ocrx_word' id='word_1_69' title='bbox 988 707 1125 748; x_wconf 80' lang='grc' dir='ltr'>ἄλλων</span> <span class='ocrx_word' id='word_1_70' title='bbox 1149 712 1225 748; x_wconf 88' lang='grc' dir='ltr'>τῶν</span> <span class='ocrx_word' id='word_1_71' title='bbox 1253 710 1454 759; x_wconf 80' lang='grc' dir='ltr'>συνεργῶν</span> <span class='ocrx_word' id='word_1_72' title='bbox 1474 706 1576 761; x_wconf 80' lang='grc' dir='ltr'>αὐτῷ</span> 
     </span>
     <span class='ocr_line' id='line_1_16' title="bbox 247 773 1577 828; baseline 0.001 -15"><span class='ocrx_word' id='word_1_73' title='bbox 247 774 317 824; x_wconf 74' lang='grc' dir='ltr'>τὴν</span> <span class='ocrx_word' id='word_1_74' title='bbox 350 774 444 826; x_wconf 87' lang='grc' dir='ltr'>πρὸς</span> <span class='ocrx_word' id='word_1_75' title='bbox 479 774 688 824; x_wconf 78' lang='grc' dir='ltr'>Θηβαίους</span> <span class='ocrx_word' id='word_1_76' title='bbox 723 774 883 828; x_wconf 79' lang='grc' dir='ltr'>ἔχθραν,</span> <span class='ocrx_word' id='word_1_77' title='bbox 918 773 1071 825; x_wconf 78' lang='grc' dir='ltr'>συνέβη</span> <span class='ocrx_word' id='word_1_78' title='bbox 1105 774 1174 815; x_wconf 87' lang='grc' dir='ltr'>τὸν</span> <span class='ocrx_word' id='word_1_79' title='bbox 1208 775 1411 815; x_wconf 82' lang='grc' dir='ltr'>Φίλιππον</span> <span class='ocrx_word' id='word_1_80' title='bbox 1444 775 1577 814; x_wconf 86' lang='grc' dir='ltr'>ἐλθεῖν</span> 
     </span>
     <span class='ocr_line' id='line_1_17' title="bbox 248 840 1577 893; baseline 0 -12"><span class='ocrx_word' id='word_1_81' title='bbox 248 840 312 892; x_wconf 85' lang='grc' dir='ltr'>ἐφ’</span> <span class='ocrx_word' id='word_1_82' title='bbox 338 841 450 891; x_wconf 79' lang='grc' dir='ltr'>ἡμᾶς,</span> <span class='ocrx_word' id='word_1_83' title='bbox 480 841 599 893; x_wconf 84' lang='grc' dir='ltr'>οὗπερ</span> <span class='ocrx_word' id='word_1_84' title='bbox 626 841 756 881; x_wconf 85' lang='grc' dir='ltr'>εἵνεκα</span> <span class='ocrx_word' id='word_1_85' title='bbox 781 842 851 883; x_wconf 77' lang='grc' dir='ltr'>τὰς</span> <span class='ocrx_word' id='word_1_86' title='bbox 877 842 1014 882; x_wconf 88' lang='grc' dir='ltr'>πόλεις</span> <span class='ocrx_word' id='word_1_87' title='bbox 1039 841 1145 881; x_wconf 78' lang='grc' dir='ltr'>οὗτοι</span> <span class='ocrx_word' id='word_1_88' title='bbox 1177 840 1427 893; x_wconf 86' lang='grc' dir='ltr'>συνέκρουον,</span> <span class='ocrx_word' id='word_1_89' title='bbox 1455 840 1518 880; x_wconf 91' lang='grc' dir='ltr'>καὶ</span> <span class='ocrx_word' id='word_1_90' title='bbox 1545 841 1577 881; x_wconf 81' lang='grc' dir='ltr'>εἰ</span> 
     </span>
     <span class='ocr_line' id='line_1_18' title="bbox 246 905 1576 959; baseline 0.002 -13"><span class='ocrx_word' id='word_1_91' title='bbox 246 907 298 958; x_wconf 80' lang='grc' dir='ltr'>μὴ</span> <span class='ocrx_word' id='word_1_92' title='bbox 325 905 671 959; x_wconf 78' lang='grc' dir='ltr'>προεξανέστημεν</span> <span class='ocrx_word' id='word_1_93' title='bbox 703 908 854 959; x_wconf 85' lang='grc' dir='ltr'>μικρόν,</span> <span class='ocrx_word' id='word_1_94' title='bbox 884 907 964 947; x_wconf 79' lang='grc' dir='ltr'>οὐδ’</span> <span class='ocrx_word' id='word_1_95' title='bbox 991 908 1213 959; x_wconf 80' lang='grc' dir='ltr'>ἀναλαβεῖν</span> <span class='ocrx_word' id='word_1_96' title='bbox 1238 907 1286 948; x_wconf 79' lang='grc' dir='ltr'>ἂν</span> <span class='ocrx_word' id='word_1_97' title='bbox 1316 906 1576 958; x_wconf 84' lang='grc' dir='ltr'>ἠδυνήθημεν·</span> 
     </span>
    </p>
   </div>
   <div class='ocr_carea' id='block_1_11' title="bbox 1316 973 1477 989">
    <p class='ocr_par' dir='ltr' id='par_1_11' title="bbox 1316 973 1477 989">
     <span class='ocr_line' id='line_1_19' title="bbox 1316 973 1477 989; baseline -0.012 0"><span class='ocrx_word' id='word_1_98' title='bbox 1316 973 1477 989; x_wconf 53' lang='lat'>³521«</span> 
     </span>
    </p>
   </div>
   <div class='ocr_carea' id='block_1_12' title="bbox 247 973 1579 1160">
    <p class='ocr_par' dir='ltr' id='par_1_12' title="bbox 247 973 1579 1160">
     <span class='ocr_line' id='line_1_20' title="bbox 248 973 1579 1027; baseline 0 -14"><span class='ocrx_word' id='word_1_99' title='bbox 248 975 346 1014; x_wconf 79' lang='grc' dir='ltr'>οὕτω</span> <span class='ocrx_word' id='word_1_100' title='bbox 372 973 489 1027; x_wconf 88' lang='grc' dir='ltr'>μέχρι</span> <span class='ocrx_word' id='word_1_101' title='bbox 516 975 647 1026; x_wconf 85' lang='grc' dir='ltr'>πόρρω</span> <span class='ocrx_word' id='word_1_102' title='bbox 675 973 906 1027; x_wconf 81' lang='grc' dir='ltr'>προήγαγον</span> <span class='ocrx_word' id='word_1_103' title='bbox 935 974 1055 1015; x_wconf 75' lang='grc' dir='ltr'>οὗτοι.</span> <span class='ocrx_word' id='word_1_104' title='bbox 1127 976 1169 1014; x_wconf 85' lang='grc' dir='ltr'>ἐν</span> <span class='ocrx_word' id='word_1_105' title='bbox 1202 975 1259 1016; x_wconf 83' lang='grc' dir='ltr'>οῖς</span> <span class='ocrx_word' id='word_1_106' title='bbox 1292 977 1311 1014; x_wconf 85' lang='grc' dir='ltr'><strong><em>ὃ</em></strong></span> <span class='ocrx_word' id='word_1_107' title='bbox 1351 990 1398 1024; x_wconf 93' lang='grc' dir='ltr'>ητ</span> <span class='ocrx_word' id='word_1_108' title='bbox 1433 983 1505 1024; x_wconf 84' lang='grc' dir='ltr'>ηοη</span> <span class='ocrx_word' id='word_1_109' title='bbox 1531 975 1579 1013; x_wconf 86' lang='grc' dir='ltr'>τὰ</span> 
     </span>
     <span class='ocr_line' id='line_1_21' title="bbox 248 1039 1579 1094; baseline -0.001 -13"><span class='ocrx_word' id='word_1_110' title='bbox 248 1041 343 1093; x_wconf 86' lang='grc' dir='ltr'>πρὸς</span> <span class='ocrx_word' id='word_1_111' title='bbox 375 1040 589 1091; x_wconf 83' lang='grc' dir='ltr'>ἀλλήλους,</span> <span class='ocrx_word' id='word_1_112' title='bbox 621 1042 788 1082; x_wconf 88' lang='grc' dir='ltr'>τουτωνὶ</span> <span class='ocrx_word' id='word_1_113' title='bbox 822 1045 900 1082; x_wconf 87' lang='grc' dir='ltr'>τῶν</span> <span class='ocrx_word' id='word_1_114' title='bbox 929 1040 1206 1094; x_wconf 77' lang='grc' dir='ltr'>ψηφισμάτων</span> <span class='ocrx_word' id='word_1_115' title='bbox 1240 1041 1482 1082; x_wconf 84' lang='grc' dir='ltr'>ἀκούσαντες</span> <span class='ocrx_word' id='word_1_116' title='bbox 1517 1039 1579 1080; x_wconf 87' lang='grc' dir='ltr'>καὶ</span> 
     </span>
     <span class='ocr_line' id='line_1_22' title="bbox 247 1107 1487 1160; baseline 0 -13"><span class='ocrx_word' id='word_1_117' title='bbox 247 1111 322 1148; x_wconf 83' lang='grc' dir='ltr'>τῶν</span> <span class='ocrx_word' id='word_1_118' title='bbox 349 1109 598 1160; x_wconf 87' lang='grc' dir='ltr'>ἀποκρίσεων</span> <span class='ocrx_word' id='word_1_119' title='bbox 625 1109 800 1149; x_wconf 87' lang='grc' dir='ltr'>εἴσεσθε.</span> <span class='ocrx_word' id='word_1_120' title='bbox 877 1108 954 1148; x_wconf 84' lang='grc' dir='ltr'>Καί</span> <span class='ocrx_word' id='word_1_121' title='bbox 975 1125 1041 1158; x_wconf 89' lang='grc' dir='ltr'>μοι</span> <span class='ocrx_word' id='word_1_122' title='bbox 1065 1107 1161 1159; x_wconf 88' lang='grc' dir='ltr'>λέγε</span> <span class='ocrx_word' id='word_1_123' title='bbox 1186 1111 1308 1147; x_wconf 81' lang='grc' dir='ltr'>ταῦτα</span> <span class='ocrx_word' id='word_1_124' title='bbox 1334 1107 1487 1157; x_wconf 84' lang='grc' dir='ltr'>λαβών.</span> 
     </span>
    </p>
   </div>
   <div class='ocr_carea' id='block_1_13' title="bbox 247 1212 1581 1966">
    <p class='ocr_par' dir='ltr' id='par_1_13' title="bbox 281 1212 1014 1246">
     <span class='ocr_line' id='line_1_23' title="bbox 281 1212 1014 1246; baseline 0 -7"><span class='ocrx_word' id='word_1_125' title='bbox 281 1242 285 1246; x_wconf 66' lang='grc'>,</span> <span class='ocrx_word' id='word_1_126' title='bbox 815 1212 1014 1241; x_wconf 75' lang='grc' dir='ltr'>ψΗΦιΣΜΑ.</span> 
     </span>
    </p>

    <p class='ocr_par' dir='ltr' id='par_1_14' title="bbox 247 1260 1581 1966">
     <span class='ocr_line' id='line_1_24' title="bbox 301 1260 1580 1313; baseline 0 -14"><span class='ocrx_word' id='word_1_127' title='bbox 301 1260 395 1311; x_wconf 53' lang='lat' dir='ltr'>sEw&#39;</span> <span class='ocrx_word' id='word_1_128' title='bbox 427 1263 602 1313; x_wconf 78' lang='grc' dir='ltr'>ἄρχοντος</span> <span class='ocrx_word' id='word_1_129' title='bbox 631 1261 856 1312; x_wconf 63' lang='grc' dir='ltr'>εΗροπύθου,</span> <span class='ocrx_word' id='word_1_130' title='bbox 887 1263 1001 1311; x_wconf 86' lang='grc' dir='ltr'>μηνὸς</span> <span class='ocrx_word' id='word_1_131' title='bbox 1031 1264 1342 1311; x_wconf 79' lang='grc' dir='ltr'>ἐλαφηβολιῶνος</span> <span class='ocrx_word' id='word_1_132' title='bbox 1374 1262 1459 1311; x_wconf 82' lang='grc' dir='ltr'>ἕκτῃ</span> <span class='ocrx_word' id='word_1_133' title='bbox 1495 1261 1580 1309; x_wconf 83' lang='grc' dir='ltr'>φθί-</span> 
     </span>
     <span class='ocr_line' id='line_1_25' title="bbox 249 1315 1581 1367; baseline -0.001 -13"><span class='ocrx_word' id='word_1_134' title='bbox 249 1333 380 1361; x_wconf 87' lang='grc' dir='ltr'>νοντος,</span> <span class='ocrx_word' id='word_1_135' title='bbox 402 1319 525 1366; x_wconf 87' lang='grc' dir='ltr'>φυλῆς</span> <span class='ocrx_word' id='word_1_136' title='bbox 544 1318 842 1366; x_wconf 82' lang='grc' dir='ltr'>πρυτανευούσης</span> <span class='ocrx_word' id='word_1_137' title='bbox 861 1315 1094 1367; x_wconf 83' lang='grc' dir='ltr'>Ἐρεχθῇδος,</span> <span class='ocrx_word' id='word_1_138' title='bbox 1115 1317 1260 1365; x_wconf 80' lang='grc' dir='ltr'>βουλῆς</span> <span class='ocrx_word' id='word_1_139' title='bbox 1282 1316 1341 1354; x_wconf 80' lang='grc' dir='ltr'>καὶ</span> <span class='ocrx_word' id='word_1_140' title='bbox 1361 1318 1581 1367; x_wconf 78' lang='grc' dir='ltr'>στρατηγῶν</span> 
     </span>
     <span class='ocr_line' id='line_1_26' title="bbox 247 1370 1579 1422; baseline -0.001 -13"><span class='ocrx_word' id='word_1_141' title='bbox 247 1371 385 1422; x_wconf 81' lang='grc' dir='ltr'>γνώμη·</span> <span class='ocrx_word' id='word_1_142' title='bbox 418 1371 541 1419; x_wconf 80' lang='grc' dir='ltr'>ἐπειδὴ</span> <span class='ocrx_word' id='word_1_143' title='bbox 561 1372 749 1411; x_wconf 85' lang='grc' dir='ltr'>Φίλιππος</span> <span class='ocrx_word' id='word_1_144' title='bbox 770 1371 811 1411; x_wconf 75' lang='grc' dir='ltr'>ἃς</span> <span class='ocrx_word' id='word_1_145' title='bbox 830 1372 898 1421; x_wconf 84' lang='grc' dir='ltr'>μὲν</span> <span class='ocrx_word' id='word_1_146' title='bbox 915 1371 1117 1419; x_wconf 85' lang='grc' dir='ltr'>κατείληφε</span> <span class='ocrx_word' id='word_1_147' title='bbox 1138 1371 1265 1411; x_wconf 82' lang='grc' dir='ltr'>πόλεις</span> <span class='ocrx_word' id='word_1_148' title='bbox 1284 1373 1355 1409; x_wconf 91' lang='grc' dir='ltr'>τῶν</span> <span class='ocrx_word' id='word_1_149' title='bbox 1371 1370 1579 1422; x_wconf 85' lang='grc' dir='ltr'>ἀστυγειτό-</span> 
     </span>
     <span class='ocr_line' id='line_1_27' title="bbox 248 1424 1579 1477; baseline -0.001 -14"><span class='ocrx_word' id='word_1_150' title='bbox 248 1442 326 1469; x_wconf 86' lang='grc' dir='ltr'>νωι,</span> <span class='ocrx_word' id='word_1_151' title='bbox 348 1427 448 1465; x_wconf 81' lang='grc' dir='ltr'>τινὰς</span> <span class='ocrx_word' id='word_1_152' title='bbox 474 1425 511 1463; x_wconf 85' lang='grc' dir='ltr'>δὲ</span> <span class='ocrx_word' id='word_1_153' title='bbox 537 1426 677 1475; x_wconf 87' lang='grc' dir='ltr'>πορθεῖ,</span> <span class='ocrx_word' id='word_1_154' title='bbox 702 1426 892 1477; x_wconf 82' lang='grc' dir='ltr'>κεφαλαιῳ</span> <span class='ocrx_word' id='word_1_155' title='bbox 920 1424 950 1463; x_wconf 84' lang='grc' dir='ltr'>δ</span> <span class='ocrx_word' id='word_1_156' title='bbox 977 1425 1035 1463; x_wconf 84' lang='grc' dir='ltr'>ἐπὶ</span> <span class='ocrx_word' id='word_1_157' title='bbox 1062 1426 1128 1474; x_wconf 83' lang='grc' dir='ltr'>τὴν</span> <span class='ocrx_word' id='word_1_158' title='bbox 1151 1424 1325 1474; x_wconf 89' lang='grc' dir='ltr'>Αττικην</span> <span class='ocrx_word' id='word_1_159' title='bbox 1348 1425 1579 1475; x_wconf 80' lang='grc' dir='ltr'>παρασκευά-</span> 
     </span>
     <span class='ocr_line' id='line_1_28' title="bbox 247 1478 1577 1531; baseline 0 -15"><span class='ocrx_word' id='word_1_160' title='bbox 247 1481 346 1525; x_wconf 86' lang='grc' dir='ltr'>ζεται</span> <span class='ocrx_word' id='word_1_161' title='bbox 361 1479 666 1531; x_wconf 83' lang='grc' dir='ltr'>παραγίγνεσθαι,</span> <span class='ocrx_word' id='word_1_162' title='bbox 681 1498 756 1529; x_wconf 89' lang='grc' dir='ltr'>παρ</span> <span class='ocrx_word' id='word_1_163' title='bbox 757 1478 913 1518; x_wconf 52' lang='lat' dir='ltr'>&#39;oib‘kv‘</span> <span class='ocrx_word' id='word_1_164' title='bbox 896 1497 988 1531; x_wconf 77' lang='grc' dir='ltr'>ηγο1</span> <span class='ocrx_word' id='word_1_165' title='bbox 990 1497 1099 1529; x_wconf 87' lang='grc' dir='ltr'>μενος</span> <span class='ocrx_word' id='word_1_166' title='bbox 1114 1482 1178 1520; x_wconf 80' lang='grc' dir='ltr'>τὰς</span> <span class='ocrx_word' id='word_1_167' title='bbox 1192 1480 1368 1529; x_wconf 82' lang='grc' dir='ltr'>ἡμετέρας</span> <span class='ocrx_word' id='word_1_168' title='bbox 1382 1479 1577 1529; x_wconf 77' lang='grc' dir='ltr'>συνθήκας,</span> 
     </span>
     <span class='ocr_line' id='line_1_29' title="bbox 249 1533 1578 1584; baseline 0.001 -14"><span class='ocrx_word' id='word_1_169' title='bbox 249 1533 308 1571; x_wconf 78' lang='grc' dir='ltr'>καὶ</span> <span class='ocrx_word' id='word_1_170' title='bbox 329 1551 413 1574; x_wconf 86' lang='grc' dir='ltr'>τους</span> <span class='ocrx_word' id='word_1_171' title='bbox 437 1534 563 1583; x_wconf 77' lang='grc' dir='ltr'>ὅρκοις</span> <span class='ocrx_word' id='word_1_172' title='bbox 590 1536 691 1572; x_wconf 86' lang='grc' dir='ltr'>λυειν</span> <span class='ocrx_word' id='word_1_173' title='bbox 712 1535 960 1582; x_wconf 76' lang='grc' dir='ltr'>επιβάλλεται</span> <span class='ocrx_word' id='word_1_174' title='bbox 989 1535 1047 1572; x_wconf 83' lang='grc' dir='ltr'>καὶ</span> <span class='ocrx_word' id='word_1_175' title='bbox 1073 1535 1140 1583; x_wconf 79' lang='grc' dir='ltr'>τὴι</span> <span class='ocrx_word' id='word_1_176' title='bbox 1161 1535 1316 1584; x_wconf 86' lang='grc' dir='ltr'>εἷρηιηι,</span> <span class='ocrx_word' id='word_1_177' title='bbox 1337 1535 1578 1584; x_wconf 85' lang='grc' dir='ltr'>παραβαίνων</span> 
     </span>
     <span class='ocr_line' id='line_1_30' title="bbox 247 1588 1578 1640; baseline 0.002 -15"><span class='ocrx_word' id='word_1_178' title='bbox 247 1604 312 1628; x_wconf 89' lang='grc' dir='ltr'>τας</span> <span class='ocrx_word' id='word_1_179' title='bbox 333 1589 452 1628; x_wconf 82' lang='grc' dir='ltr'>κοινὰς</span> <span class='ocrx_word' id='word_1_180' title='bbox 471 1605 625 1631; x_wconf 88' lang='grc' dir='ltr'>πιστεις,</span> <span class='ocrx_word' id='word_1_181' title='bbox 643 1588 812 1639; x_wconf 79' lang='grc' dir='ltr'>δεδόχθαι</span> <span class='ocrx_word' id='word_1_182' title='bbox 833 1591 880 1639; x_wconf 86' lang='grc' dir='ltr'>τῇ</span> <span class='ocrx_word' id='word_1_183' title='bbox 898 1590 972 1637; x_wconf 77' lang='grc' dir='ltr'>βοι</span> <span class='ocrx_word' id='word_1_184' title='bbox 975 1592 1025 1639; x_wconf 92' lang='grc' dir='ltr'>λη</span> <span class='ocrx_word' id='word_1_185' title='bbox 1047 1589 1104 1626; x_wconf 80' lang='grc' dir='ltr'>καὶ</span> <span class='ocrx_word' id='word_1_186' title='bbox 1124 1607 1174 1640; x_wconf 82' lang='grc' dir='ltr'>τῳ</span> <span class='ocrx_word' id='word_1_187' title='bbox 1191 1589 1294 1639; x_wconf 84' lang='grc' dir='ltr'>δήμῳ</span> <span class='ocrx_word' id='word_1_188' title='bbox 1312 1590 1470 1638; x_wconf 87' lang='grc' dir='ltr'>πέμπειν</span> <span class='ocrx_word' id='word_1_189' title='bbox 1489 1589 1578 1638; x_wconf 83' lang='grc' dir='ltr'>πρὸς</span> 
     </span>
     <span class='ocr_line' id='line_1_31' title="bbox 248 1643 1578 1694; baseline 0.001 -14"><span class='ocrx_word' id='word_1_190' title='bbox 248 1643 358 1680; x_wconf 74' lang='grc' dir='ltr'>αὐτὸν</span> <span class='ocrx_word' id='word_1_191' title='bbox 386 1643 577 1692; x_wconf 85' lang='grc' dir='ltr'>πρέσβεις,</span> <span class='ocrx_word' id='word_1_192' title='bbox 609 1643 736 1683; x_wconf 81' lang='grc' dir='ltr'>οἵτινες</span> <span class='ocrx_word' id='word_1_193' title='bbox 766 1645 863 1694; x_wconf 71' lang='grc' dir='ltr'>αὐτῷ</span> <span class='ocrx_word' id='word_1_194' title='bbox 891 1643 1121 1689; x_wconf 78' lang='grc' dir='ltr'>διαλέξονται</span> <span class='ocrx_word' id='word_1_195' title='bbox 1157 1643 1216 1681; x_wconf 81' lang='grc' dir='ltr'>καὶ</span> <span class='ocrx_word' id='word_1_196' title='bbox 1249 1644 1578 1692; x_wconf 87' lang='grc' dir='ltr'>παρακαλέσουσιν</span> 
     </span>
     <span class='ocr_line' id='line_1_32' title="bbox 248 1697 1579 1747; baseline 0.003 -13"><span class='ocrx_word' id='word_1_197' title='bbox 248 1697 358 1735; x_wconf 75' lang='grc' dir='ltr'>αὐτὸν</span> <span class='ocrx_word' id='word_1_198' title='bbox 385 1698 553 1745; x_wconf 83' lang='grc' dir='ltr'>μάλιστα</span> <span class='ocrx_word' id='word_1_199' title='bbox 582 1699 649 1746; x_wconf 85' lang='grc' dir='ltr'>μὲν</span> <span class='ocrx_word' id='word_1_200' title='bbox 678 1697 744 1745; x_wconf 78' lang='grc' dir='ltr'>τὴν</span> <span class='ocrx_word' id='word_1_201' title='bbox 774 1698 864 1747; x_wconf 88' lang='grc' dir='ltr'>πρὸς</span> <span class='ocrx_word' id='word_1_202' title='bbox 893 1699 987 1746; x_wconf 80' lang='grc' dir='ltr'>ἡμᾶς</span> <span class='ocrx_word' id='word_1_203' title='bbox 1018 1698 1190 1747; x_wconf 82' lang='grc' dir='ltr'>ὁμόνοιαν</span> <span class='ocrx_word' id='word_1_204' title='bbox 1220 1698 1402 1747; x_wconf 84' lang='grc' dir='ltr'>διατηρεῖν</span> <span class='ocrx_word' id='word_1_205' title='bbox 1429 1698 1488 1735; x_wconf 78' lang='grc' dir='ltr'>καὶ</span> <span class='ocrx_word' id='word_1_206' title='bbox 1516 1699 1579 1738; x_wconf 78' lang='grc' dir='ltr'>τὰς</span> 
     </span>
     <span class='ocr_line' id='line_1_33' title="bbox 247 1751 1581 1803; baseline 0.001 -15"><span class='ocrx_word' id='word_1_207' title='bbox 247 1751 443 1800; x_wconf 86' lang='grc' dir='ltr'>συνθήκας,</span> <span class='ocrx_word' id='word_1_208' title='bbox 475 1753 504 1788; x_wconf 85' lang='grc' dir='ltr'>εἶ</span> <span class='ocrx_word' id='word_1_209' title='bbox 535 1751 572 1789; x_wconf 86' lang='grc' dir='ltr'>δὲ</span> <span class='ocrx_word' id='word_1_210' title='bbox 601 1752 664 1801; x_wconf 86' lang='grc' dir='ltr'>μή,</span> <span class='ocrx_word' id='word_1_211' title='bbox 695 1752 785 1801; x_wconf 85' lang='grc' dir='ltr'>πρὸς</span> <span class='ocrx_word' id='word_1_212' title='bbox 817 1752 859 1790; x_wconf 80' lang='grc' dir='ltr'>τὸ</span> <span class='ocrx_word' id='word_1_213' title='bbox 892 1753 1180 1800; x_wconf 75' lang='grc' dir='ltr'>βουλεύσασθαι</span> <span class='ocrx_word' id='word_1_214' title='bbox 1213 1752 1335 1790; x_wconf 62' lang='grc' dir='ltr'>δοῦναι</span> <span class='ocrx_word' id='word_1_215' title='bbox 1368 1752 1502 1803; x_wconf 87' lang='grc' dir='ltr'>χρόνον</span> <span class='ocrx_word' id='word_1_216' title='bbox 1534 1754 1581 1802; x_wconf 84' lang='grc' dir='ltr'>τῇ</span> 
     </span>
     <span class='ocr_line' id='line_1_34' title="bbox 247 1805 1577 1858; baseline 0.003 -15"><span class='ocrx_word' id='word_1_217' title='bbox 247 1805 355 1843; x_wconf 87' lang='grc' dir='ltr'>πόλει</span> <span class='ocrx_word' id='word_1_218' title='bbox 376 1805 435 1843; x_wconf 87' lang='grc' dir='ltr'>καὶ</span> <span class='ocrx_word' id='word_1_219' title='bbox 458 1807 522 1845; x_wconf 83' lang='grc' dir='ltr'>τὰς</span> <span class='ocrx_word' id='word_1_220' title='bbox 543 1807 677 1857; x_wconf 84' lang='grc' dir='ltr'>ἀνοχας</span> <span class='ocrx_word' id='word_1_221' title='bbox 701 1806 933 1855; x_wconf 87' lang='grc' dir='ltr'>ποιησασθαι</span> <span class='ocrx_word' id='word_1_222' title='bbox 953 1824 1062 1857; x_wconf 85' lang='grc' dir='ltr'>μεχρι</span> <span class='ocrx_word' id='word_1_223' title='bbox 1088 1809 1153 1845; x_wconf 76' lang='grc' dir='ltr'>τοῦ</span> <span class='ocrx_word' id='word_1_224' title='bbox 1181 1807 1432 1858; x_wconf 83' lang='grc' dir='ltr'>θαργηλιῶνος</span> <span class='ocrx_word' id='word_1_225' title='bbox 1451 1807 1577 1856; x_wconf 80' lang='grc' dir='ltr'>μηνός.</span> 
     </span>
     <span class='ocr_line' id='line_1_35' title="bbox 247 1858 1578 1912; baseline 0.002 -14"><span class='ocrx_word' id='word_1_226' title='bbox 247 1858 436 1909; x_wconf 81' lang='grc' dir='ltr'>ᾗρεθησαν</span> <span class='ocrx_word' id='word_1_227' title='bbox 461 1863 499 1898; x_wconf 89' lang='grc' dir='ltr'>ἐκ</span> <span class='ocrx_word' id='word_1_228' title='bbox 523 1861 667 1909; x_wconf 84' lang='grc' dir='ltr'>βουλῆς</span> <span class='ocrx_word' id='word_1_229' title='bbox 692 1861 805 1910; x_wconf 83' lang='grc' dir='ltr'>Σῖμος</span> <span class='ocrx_word' id='word_1_230' title='bbox 830 1859 1110 1912; x_wconf 85' lang='grc' dir='ltr'>Ἀναγυράσιος,</span> <span class='ocrx_word' id='word_1_231' title='bbox 1132 1861 1234 1899; x_wconf 63' lang='lat' dir='ltr'>Euo(</span> <span class='ocrx_word' id='word_1_232' title='bbox 1229 1860 1351 1911; x_wconf 87' lang='grc' dir='ltr'>δημος</span> <span class='ocrx_word' id='word_1_233' title='bbox 1378 1862 1578 1905; x_wconf 81' lang='grc' dir='ltr'>Φυλάσιος,</span> 
     </span>
     <span class='ocr_line' id='line_1_36' title="bbox 249 1913 794 1966; baseline 0.002 -15"><span class='ocrx_word' id='word_1_234' title='bbox 249 1914 489 1966; x_wconf 88' lang='grc' dir='ltr'>Βουλαγόρας</span> <span class='ocrx_word' id='word_1_235' title='bbox 509 1913 793 1963; x_wconf 88' lang='grc' dir='ltr'>Ἀλωπεκῆθεν.</span> <span class='ocrx_word' id='word_1_236' title='bbox 792 1932 794 1946; x_wconf 60' lang='lat'><strong>¹</strong></span> 
     </span>
    </p>
   </div>
   <div class='ocr_carea' id='block_1_14' title="bbox 248 2012 1580 2169">
    <p class='ocr_par' dir='ltr' id='par_1_15' title="bbox 248 2012 1580 2169">
     <span class='ocr_line' id='line_1_37' title="bbox 722 2012 1107 2041; baseline -0.003 -2"><span class='ocrx_word' id='word_1_237' title='bbox 722 2012 877 2039; x_wconf 83' lang='lat' dir='ltr'><strong>ETEPON</strong></span> <span class='ocrx_word' id='word_1_238' title='bbox 909 2012 1107 2041; x_wconf 79' lang='grc' dir='ltr'>ΨΗΦῙΣΜΑ.</span> 
     </span>
     <span class='ocr_line' id='line_1_38' title="bbox 303 2060 1578 2115; baseline 0.002 -16"><span class='ocrx_word' id='word_1_239' title='bbox 303 2060 396 2112; x_wconf 55' lang='lat' dir='ltr'>[En-⁵</span> <span class='ocrx_word' id='word_1_240' title='bbox 430 2063 607 2114; x_wconf 72' lang='grc' dir='ltr'>ἄρχοντος</span> <span class='ocrx_word' id='word_1_241' title='bbox 640 2062 864 2112; x_wconf 78' lang='grc' dir='ltr'>Ἡροπύθου,</span> <span class='ocrx_word' id='word_1_242' title='bbox 894 2065 1008 2112; x_wconf 83' lang='grc' dir='ltr'>μηνὸς</span> <span class='ocrx_word' id='word_1_243' title='bbox 1037 2067 1283 2115; x_wconf 84' lang='grc' dir='ltr'>μουνυχιῶνος</span> <span class='ocrx_word' id='word_1_244' title='bbox 1318 2064 1379 2114; x_wconf 80' lang='grc' dir='ltr'>ἕνῃ</span> <span class='ocrx_word' id='word_1_245' title='bbox 1413 2064 1472 2102; x_wconf 78' lang='grc' dir='ltr'>καὶ</span> <span class='ocrx_word' id='word_1_246' title='bbox 1507 2065 1578 2115; x_wconf 75' lang='grc' dir='ltr'>νέᾳ,</span> 
     </span>
     <span class='ocr_line' id='line_1_39' title="bbox 248 2117 1580 2169; baseline 0.003 -15"><span class='ocrx_word' id='word_1_247' title='bbox 248 2118 489 2168; x_wconf 81' lang='grc' dir='ltr'>πολεμάρχου</span> <span class='ocrx_word' id='word_1_248' title='bbox 509 2118 648 2169; x_wconf 86' lang='grc' dir='ltr'>γνώμη·</span> <span class='ocrx_word' id='word_1_249' title='bbox 681 2117 803 2165; x_wconf 83' lang='grc' dir='ltr'>ἐπειδὴ</span> <span class='ocrx_word' id='word_1_250' title='bbox 824 2118 1009 2158; x_wconf 88' lang='grc' dir='ltr'>Φίλιππος</span> <span class='ocrx_word' id='word_1_251' title='bbox 1031 2120 1078 2158; x_wconf 83' lang='grc' dir='ltr'>εἷς</span> <span class='ocrx_word' id='word_1_252' title='bbox 1099 2119 1371 2168; x_wconf 85' lang='grc' dir='ltr'>ἀλλοτριότητα</span> <span class='ocrx_word' id='word_1_253' title='bbox 1391 2119 1580 2168; x_wconf 85' lang='grc' dir='ltr'>Θηβαίους</span> 
     </span>
    </p>
   </div>
   <div class='ocr_carea' id='block_1_15' title="bbox 248 2221 1579 2478">
    <p class='ocr_par' dir='ltr' id='par_1_16' title="bbox 248 2221 1579 2478">
     <span class='ocr_line' id='line_1_40' title="bbox 292 2221 1578 2265; baseline 0.003 -15"><span class='ocrx_word' id='word_1_254' title='bbox 292 2231 311 2250; x_wconf 90' lang='lat'><strong>2</strong></span> <span class='ocrx_word' id='word_1_255' title='bbox 344 2222 468 2253; x_wconf 81' lang='grc' dir='ltr'>ἑαυτοῖς</span> <span class='ocrx_word' id='word_1_256' title='bbox 493 2231 558 2251; x_wconf 88' lang='lat' dir='ltr'>om.</span> <span class='ocrx_word' id='word_1_257' title='bbox 585 2221 608 2252; x_wconf 88' lang='lat' dir='ltr'>S</span> <span class='ocrx_word' id='word_1_258' title='bbox 633 2221 726 2251; x_wconf 80' lang='lat' dir='ltr'>solus</span> <span class='ocrx_word' id='word_1_259' title='bbox 899 2232 914 2260; x_wconf 79' lang='grc'>4</span> <span class='ocrx_word' id='word_1_260' title='bbox 952 2221 1093 2254; x_wconf 76' lang='grc' dir='ltr'>αἰσθάνει</span> <span class='ocrx_word' id='word_1_261' title='bbox 1121 2224 1166 2252; x_wconf 74' lang='lat' dir='ltr'>S:</span> <span class='ocrx_word' id='word_1_262' title='bbox 1200 2222 1332 2263; x_wconf 81' lang='grc' dir='ltr'>αἰσθάνῃ</span> <span class='ocrx_word' id='word_1_263' title='bbox 1360 2222 1405 2251; x_wconf 92' lang='lat' dir='ltr'>L.</span> <span class='ocrx_word' id='word_1_264' title='bbox 1438 2222 1578 2265; x_wconf 76' lang='grc' dir='ltr'>αἰσχύνῃ</span> 
     </span>
     <span class='ocr_line' id='line_1_41' title="bbox 249 2255 1574 2303; baseline 0.002 -10"><span class='ocrx_word' id='word_1_265' title='bbox 249 2264 337 2303; x_wconf 82' lang='lat' dir='ltr'>vulg.</span> <span class='ocrx_word' id='word_1_266' title='bbox 498 2275 533 2294; x_wconf 85' lang='lat'>11</span> <span class='ocrx_word' id='word_1_267' title='bbox 561 2265 739 2302; x_wconf 86' lang='grc' dir='ltr'>ἀναλαβειν</span> <span class='ocrx_word' id='word_1_268' title='bbox 756 2265 792 2296; x_wconf 74' lang='grc' dir='ltr'>ἃν</span> <span class='ocrx_word' id='word_1_269' title='bbox 811 2264 834 2295; x_wconf 87' lang='lat' dir='ltr'>S</span> <span class='ocrx_word' id='word_1_270' title='bbox 852 2264 887 2294; x_wconf 88' lang='lat' dir='ltr'>L</span> <span class='ocrx_word' id='word_1_271' title='bbox 903 2265 954 2294; x_wconf 75' lang='lat' dir='ltr'>A:</span> <span class='ocrx_word' id='word_1_272' title='bbox 982 2267 1019 2296; x_wconf 77' lang='grc' dir='ltr'>ἂν</span> <span class='ocrx_word' id='word_1_273' title='bbox 1038 2267 1214 2303; x_wconf 82' lang='grc' dir='ltr'>ἀναλαβεῖν</span> <span class='ocrx_word' id='word_1_274' title='bbox 1234 2265 1277 2295; x_wconf 70' lang='grc' dir='ltr'>Ρῑ</span> <span class='ocrx_word' id='word_1_275' title='bbox 1304 2255 1341 2297; x_wconf 75' lang='grc' dir='ltr'>ὂῖν</span> <span class='ocrx_word' id='word_1_276' title='bbox 1358 2275 1421 2295; x_wconf 87' lang='lat' dir='ltr'>om.</span> <span class='ocrx_word' id='word_1_277' title='bbox 1440 2265 1541 2297; x_wconf 84' lang='lat' dir='ltr'>Vind.</span> <span class='ocrx_word' id='word_1_278' title='bbox 1563 2276 1574 2296; x_wconf 95' lang='lat'>1</span> 
     </span>
     <span class='ocr_line' id='line_1_42' title="bbox 249 2307 1579 2350; baseline 0.002 -13"><span class='ocrx_word' id='word_1_279' title='bbox 249 2312 324 2346; x_wconf 75' lang='lat' dir='ltr'>post</span> <span class='ocrx_word' id='word_1_280' title='bbox 348 2309 523 2344; x_wconf 81' lang='grc' dir='ltr'>ἀναλαβεῖν</span> <span class='ocrx_word' id='word_1_281' title='bbox 546 2308 622 2338; x_wconf 85' lang='lat' dir='ltr'>add.</span> <span class='ocrx_word' id='word_1_282' title='bbox 647 2309 758 2340; x_wconf 84' lang='grc' dir='ltr'>αὐτοὺς</span> <span class='ocrx_word' id='word_1_283' title='bbox 782 2308 835 2338; x_wconf 87' lang='lat' dir='ltr'>vel</span> <span class='ocrx_word' id='word_1_284' title='bbox 861 2309 973 2340; x_wconf 79' lang='grc' dir='ltr'>αὑτοὺς</span> <span class='ocrx_word' id='word_1_285' title='bbox 998 2309 1087 2347; x_wconf 80' lang='lat' dir='ltr'>vulg.</span> <span class='ocrx_word' id='word_1_286' title='bbox 1227 2319 1264 2338; x_wconf 79' lang='lat'>12</span> <span class='ocrx_word' id='word_1_287' title='bbox 1297 2307 1382 2339; x_wconf 82' lang='grc' dir='ltr'>οὑτοι</span> <span class='ocrx_word' id='word_1_288' title='bbox 1408 2308 1478 2339; x_wconf 84' lang='lat' dir='ltr'>AS</span> <span class='ocrx_word' id='word_1_289' title='bbox 1502 2322 1578 2350; x_wconf 78' lang='grc' dir='ltr'>γρ..</span> <span class='ocrx_word' id='word_1_290' title='bbox 1572 2320 1579 2326; x_wconf 91' lang='grc'><em>·</em></span> 
     </span>
     <span class='ocr_line' id='line_1_43' title="bbox 249 2350 1578 2392; baseline 0.002 -10"><span class='ocrx_word' id='word_1_291' title='bbox 249 2350 334 2382; x_wconf 66' lang='grc' dir='ltr'>οὗτοι</span> <span class='ocrx_word' id='word_1_292' title='bbox 352 2351 411 2389; x_wconf 74' lang='grc' dir='ltr'>τὴν</span> <span class='ocrx_word' id='word_1_293' title='bbox 429 2352 547 2392; x_wconf 81' lang='grc' dir='ltr'>ἔχθραν</span> <span class='ocrx_word' id='word_1_294' title='bbox 566 2351 589 2382; x_wconf 83' lang='lat' dir='ltr'>S</span> <span class='ocrx_word' id='word_1_295' title='bbox 607 2351 648 2382; x_wconf 82' lang='lat' dir='ltr'>al.</span> <span class='ocrx_word' id='word_1_296' title='bbox 668 2362 674 2382; x_wconf 73' lang='grc' dir='ltr'><strong><em>ε</em></strong></span> <span class='ocrx_word' id='word_1_297' title='bbox 698 2351 784 2383; x_wconf 69' lang='grc' dir='ltr'>οὗτοι</span> <span class='ocrx_word' id='word_1_298' title='bbox 801 2353 838 2383; x_wconf 85' lang='grc' dir='ltr'>τὸ</span> <span class='ocrx_word' id='word_1_299' title='bbox 861 2354 992 2392; x_wconf 66' lang='grc' dir='ltr'>πρᾶγμα</span> <span class='ocrx_word' id='word_1_300' title='bbox 1010 2352 1049 2381; x_wconf 77' lang='lat' dir='ltr'>L²</span> <span class='ocrx_word' id='word_1_301' title='bbox 1067 2352 1182 2391; x_wconf 69' lang='lat' dir='ltr'>xulg.:</span> <span class='ocrx_word' id='word_1_302' title='bbox 1213 2353 1272 2383; x_wconf 83' lang='grc' dir='ltr'>τὸν</span> <span class='ocrx_word' id='word_1_303' title='bbox 1296 2352 1454 2383; x_wconf 79' lang='grc' dir='ltr'>Φίλιππον</span> <span class='ocrx_word' id='word_1_304' title='bbox 1478 2353 1516 2390; x_wconf 82' lang='grc' dir='ltr'>δὴ</span> <span class='ocrx_word' id='word_1_305' title='bbox 1544 2354 1578 2384; x_wconf 73' lang='grc' dir='ltr'>(λ</span> 
     </span>
     <span class='ocr_line' id='line_1_44' title="bbox 248 2394 1575 2437; baseline 0.002 -13"><span class='ocrx_word' id='word_1_306' title='bbox 248 2404 338 2433; x_wconf 70' lang='lat' dir='ltr'>supr.</span> <span class='ocrx_word' id='word_1_307' title='bbox 358 2395 410 2432; x_wconf 74' lang='grc' dir='ltr'>δη)</span> <span class='ocrx_word' id='word_1_308' title='bbox 432 2394 468 2424; x_wconf 92' lang='lat' dir='ltr'>L¹</span> <span class='ocrx_word' id='word_1_309' title='bbox 650 2396 687 2424; x_wconf 88' lang='lat'>18</span> <span class='ocrx_word' id='word_1_310' title='bbox 705 2399 737 2425; x_wconf 85' lang='lat' dir='ltr'>et</span> <span class='ocrx_word' id='word_1_311' title='bbox 755 2405 792 2432; x_wconf 77' lang='lat'>31</span> <span class='ocrx_word' id='word_1_312' title='bbox 819 2395 930 2434; x_wconf 64' lang='grc' dir='ltr'>’γνώμη</span> <span class='ocrx_word' id='word_1_313' title='bbox 950 2395 1068 2431; x_wconf 78' lang='lat' dir='ltr'>Blass;</span> <span class='ocrx_word' id='word_1_314' title='bbox 1095 2396 1206 2437; x_wconf 59' lang='grc' dir='ltr'>γνώμῃ</span> <span class='ocrx_word' id='word_1_315' title='bbox 1233 2395 1342 2433; x_wconf 88' lang='lat' dir='ltr'>codd.</span> <span class='ocrx_word' id='word_1_316' title='bbox 1362 2395 1401 2425; x_wconf 85' lang='lat' dir='ltr'>cs.</span> <span class='ocrx_word' id='word_1_317' title='bbox 1423 2398 1437 2433; x_wconf 68' lang='grc' dir='ltr'>ξ</span> <span class='ocrx_word' id='word_1_318' title='bbox 1457 2405 1496 2434; x_wconf 85' lang='lat'>37</span> <span class='ocrx_word' id='word_1_319' title='bbox 1516 2398 1575 2427; x_wconf 62' lang='grc'>8,·(3.</span> 
     </span>
     <span class='ocr_line' id='line_1_45' title="bbox 249 2436 1268 2478; baseline 0.001 -9"><span class='ocrx_word' id='word_1_320' title='bbox 249 2447 287 2475; x_wconf 77' lang='lat'>27</span> <span class='ocrx_word' id='word_1_321' title='bbox 313 2437 471 2470; x_wconf 76' lang='grc' dir='ltr'>Φυλάσιος</span> <span class='ocrx_word' id='word_1_322' title='bbox 490 2436 720 2468; x_wconf 82' lang='lat' dir='ltr'><strong>Boehnecke:</strong></span> <span class='ocrx_word' id='word_1_323' title='bbox 744 2443 817 2469; x_wconf 78' lang='grc' dir='ltr'>Φλε</span> <span class='ocrx_word' id='word_1_324' title='bbox 823 2443 911 2470; x_wconf 67' lang='lat' dir='ltr'>nimos</span> <span class='ocrx_word' id='word_1_325' title='bbox 930 2438 985 2469; x_wconf 68' lang='grc' dir='ltr'>δ’.</span> <span class='ocrx_word' id='word_1_326' title='bbox 980 2448 985 2455; x_wconf 90' lang='grc'><em>·</em></span> <span class='ocrx_word' id='word_1_327' title='bbox 1011 2438 1125 2470; x_wconf 79' lang='grc' dir='ltr'>Φλιάσ</span> <span class='ocrx_word' id='word_1_328' title='bbox 1129 2451 1160 2470; x_wconf 88' lang='grc' dir='ltr'>ος</span> <span class='ocrx_word' id='word_1_329' title='bbox 1178 2439 1268 2478; x_wconf 78' lang='lat' dir='ltr'><strong>vulg.</strong></span> 
     </span>
    </p>
   </div>
   <div class='ocr_carea' id='block_1_16' title="bbox 1601 855 1639 878">
    <p class='ocr_par' dir='ltr' id='par_1_17' title="bbox 1601 855 1639 878">
     <span class='ocr_line' id='line_1_46' title="bbox 1601 855 1639 878; baseline 0.053 -2"><span class='ocrx_word' id='word_1_330' title='bbox 1601 855 1639 878; x_wconf 88' lang='lat'>10</span> 
     </span>
    </p>
   </div>
   <div class='ocr_carea' id='block_1_17' title="bbox 1601 1492 1641 1514">
    <p class='ocr_par' dir='ltr' id='par_1_18' title="bbox 1601 1492 1641 1514">
     <span class='ocr_line' id='line_1_47' title="bbox 1601 1492 1641 1514; baseline 0 0"><span class='ocrx_word' id='word_1_331' title='bbox 1601 1492 1641 1514; x_wconf 89' lang='lat'>20</span> 
     </span>
    </p>
   </div>
   <div class='ocr_carea' id='block_1_18' title="bbox 1600 2075 1641 2106">
    <p class='ocr_par' dir='ltr' id='par_1_19' title="bbox 1600 2075 1641 2106">
     <span class='ocr_line' id='line_1_48' title="bbox 1600 2075 1641 2106; baseline 0 -9"><span class='ocrx_word' id='word_1_332' title='bbox 1600 2075 1641 2106; x_wconf 76' lang='grc'>30</span> 
     </span>
    </p>
   </div>
  </div>
 </body>
</html>
