1763 2828
104 117 206 172 oeffl]

162 770 203 806 35

90 888 202 943 mv]

151 1967 195 2003 37

670 119 1152 157 ΔΗΜοΣΘΕΝοΎΣ
1479 119 1564 171 μα

245 220 351 272 δόξει
385 226 588 274 ,κοινωνεῖν
626 226 677 277 τῷ
718 225 933 273 σιωπῆσαι.
1006 223 1082 274 εἰμὶ
1117 225 1249 264 τοίνυν
1283 225 1304 264 ὁ
1342 230 1567 278 κατηγορῶν

245 287 290 338 ἐξ
313 289 438 342 ἀρχῆς
463 290 539 340 ἐγὼ
565 289 724 336 τούτων,
753 290 900 330 τούτων
925 289 958 329 δ’
986 289 1111 332 οὐδεὶς
1137 291 1240 340 ἐμοῦ.

308 353 361 394 Ἡ
400 357 473 406 μὲν
511 356 642 396 τοίνυν
680 356 809 407 βουλὴ
850 360 970 396 ταῦτα
1009 357 1385 408 προύβεβουλεύκει,
1426 361 1494 409 τῆς
1532 359 1565 400 δ’

242 422 456 472 ἐκκλησίας
482 422 717 475 γιγνομένης
743 424 805 464 καὶ
824 427 891 463 τοῦ
911 424 1115 464 Φιλίππου
1135 424 1330 475 παρόντος
1349 425 1391 465 ἐν
1413 425 1566 468 Πύλαις

241 487 421 538 ἤδη-ἧν
455 491 529 542 γὰρ
562 493 676 530 τοῦτο
710 493 866 541 πρῶτον
899 489 1084 531 ἁπάντων
1118 493 1195 531 τῶν
1229 490 1490 542 ἀδικημάτων,
1520 491 1565 533 τὸ
1585 507 1603 540 5

241 554 310 595 τὸν
343 556 548 596 Φίλιππον
582 557 798 607 ἐπιστῆσαι
830 561 912 599 τοῖς
945 556 1151 609 πράγμασι
1188 557 1339 600 τούτοις
1376 558 1440 598 καὶ
1475 557 1565 599 δέον

240 621 337 671 ὑμᾶς
375 622 541 662 ἀκοῦσαι
578 623 667 674 περὶ
705 627 782 664 τῶν
825 622 1077 676 πραγμάτων,
1121 623 1205 664 εἶτα
1245 624 1562 674 βουλεύσασθαι,

237 689 336 739 μετὰ
368 692 489 728 ταῦτα
521 690 562 729 δὲ
594 688 781 740 πράττειν
813 690 836 729 ὅ
868 707 904 730 τι
937 689 1059 740 δόξαι,
1097 690 1161 741 ἅμ’
1193 691 1348 731 ἀκούειν
1385 692 1564 733 κάκεῖνον

239 757 418 806 παρεῖναι
440 755 501 795 καὶ
525 755 614 805 μηδ’
633 756 655 795 ὅ
679 772 716 796 τι
740 755 815 808 χρὴ
836 760 964 797 ποιεῖν
987 755 1121 811 ῥᾴδιον
1147 759 1272 798 εἰπεῖν
1292 757 1404 798 εἶναι.
1466 757 1563 811 πρὸς

237 822 279 860 δὲ
318 821 470 863 τούτοις
508 825 625 861 τοῦτο
665 824 737 873 μὲν
775 822 899 864 οὐδεὶς
941 822 1094 875 ἀνέγνω
1136 827 1189 877 τῷ
1233 822 1340 878 δήμῳ
1383 824 1426 864 τὸ
1467 841 1559 876 προ-
1586 842 1624 864 ιο

236 887 453 938 βούλευμα,
493 887 574 929 οὐδ’
611 887 782 939 ἤκουσεν
817 889 838 928 ὁ
874 891 1007 940 δῆμος,
1043 890 1219 931 ἀναστὰς
1255 889 1287 930 δ’
1325 890 1436 933 οὗτος
1474 893 1559 941 ἐδη-

235 955 400 1006 μηγόρει
431 954 540 995 ταῦθ’
565 955 590 995 ἃ
618 954 826 1006 διεξῆλθον
858 954 946 1007 ἄρτι
978 954 1074 1007 πρὸς
1106 957 1204 1007 ὑμᾶς
1238 956 1328 1008 ἐγώ,
1356 957 1403 996 τὰ
1428 959 1562 997 πολλὰ

238 1021 299 1060 καὶ
322 1020 465 1073 μεγάλ’
491 1021 632 1073 ἀγαθά,
660 1022 684 1062 δι
709 1022 903 1064 πεπεικὼς
928 1022 1006 1074 ἔφη
1032 1022 1100 1063 τὸν
1126 1023 1329 1063 Φίλιππον
1359 1023 1469 1073 ἥκειν
1499 1024 1561 1064 καὶ

236 1089 299 1127 διὰ
334 1091 448 1128 τοῦτο
485 1086 655 1141 χρήμαθ’
692 1091 815 1144 ἑαυτῷ
851 1089 941 1130 τοὺς
978 1089 1185 1139 Θηβαίους
1222 1089 1558 1143 ἐπικεκηρυχέναι.

234 1153 331 1194 ὥσθ’
357 1156 467 1205 ὑμᾶς,
494 1154 841 1207 ἐκπεπληγμένους
866 1156 912 1211 τῇ
938 1157 1134 1210 παρουσίᾳ
1164 1155 1209 1196 τὸ
1240 1159 1394 1208 πρῶτον
1420 1156 1465 1213 τῇ
1491 1159 1560 1197 τοῦ
1584 1172 1620 1204 15

233 1221 437 1261 Φιλίππου
470 1221 532 1261 καὶ
569 1221 721 1264 τούτοις
757 1222 1031 1274 ὀργιζομένους
1065 1223 1129 1263 ἐπὶ
1162 1226 1214 1277 τῷ
1248 1222 1299 1274 μὴ
1333 1228 1556 1275 προηγγελ-

233 1286 352 1333 κέναι,
381 1287 619 1340 πραοτέρους
645 1288 834 1340 γενέσθαι
857 1290 975 1335 τινός,
1002 1288 1118 1330 πάνθ’
1144 1289 1206 1329 ὅσ’
1234 1289 1450 1340 ἐβούλεσθ’
1469 1290 1558 1340 ὑμῖν

231 1354 398 1394 ἔσεσθαι
431 1354 797 1405 προσδοκήσαντας,
827 1356 887 1396 καὶ
919 1358 1016 1407 μηδὲ
1044 1355 1183 1408 φωνὴν
1217 1355 1370 1397 ἐθέλειν
1404 1356 1557 1397 ἀκούειν

231 1420 325 1471 ἐμοῦ
355 1421 443 1472 μηδ’
478 1421 605 1462 ἄλλου
635 1422 814 1473 μηδενός.
887 1423 950 1463 καὶ
980 1424 1078 1473 μετὰ
1111 1422 1217 1463 ταῦτ’
1250 1423 1556 1475 ἀνεγιγνώσκεθ’

228 1486 251 1536 ἡ
287 1487 482 1538 ἐπιστολὴ
513 1488 536 1538 ἡ
571 1490 676 1539 παρὰ
708 1492 777 1528 τοῦ
808 1491 1023 1536 Φιλίππου,
1054 1488 1102 1540 ἢν
1136 1489 1248 1531 οὗτος
1282 1488 1426 1542 ἔγραψ’
1458 1490 1553 1529 ἀπο-
1580 1505 1618 1527 20

228 1555 410 1605 λειφθεὶς
451 1554 572 1604 ἡμῶν,
614 1554 795 1607 ἄντικρυς
837 1556 958 1597 οὕτως
1002 1555 1065 1596 καὶ
1106 1554 1315 1607 διαρρήδην
1358 1556 1556 1607 ἀπολογία

228 1620 478 1672 γεγραμμένη
505 1625 583 1661 τῶν
607 1622 760 1663 τούτοις
785 1621 1083 1674 ἡμαρτημένων.
1157 1622 1219 1662 καὶ
1252 1624 1326 1674 γὰρ
1359 1622 1409 1664 ὡς
1439 1622 1555 1664 αὐτὸς

230 1686 503 1728 κατεκώλυσεν
536 1686 675 1730 αὐτοὺς
707 1687 978 1739 βουλομένους
1010 1689 1074 1729 ἐπὶ
1104 1690 1173 1730 τὰς
1202 1689 1341 1731 πόλεις
1366 1688 1466 1729 ἰέναι
1492 1690 1554 1730 καὶ

227 1752 317 1796 τοὺς
342 1754 479 1805 ὅρκους
504 1753 822 1805 ἀπολαμβάνειν,
851 1755 995 1801 ἔνεστι,
1026 1756 1088 1795 καὶ
1114 1755 1177 1801 ὡς,
1200 1756 1263 1796 ἵνα
1289 1755 1552 1796 συνδιαλλάτ-

227 1837 350 1861 τωσιν
383 1821 486 1875 αὐτῷ
519 1820 609 1862 τοὺς
633 1820 779 1863 “Αλέας
814 1821 908 1873 πρὸς
941 1822 1030 1864 τοὺς
1056 1823 1324 1874 Φαρσαλίους,
1358 1822 1555 1876 κατέσχεν
1578 1838 1615 1870 ²5

227 1886 378 1929 αὐτούς·
418 1887 480 1927 καὶ
512 1886 626 1928 πάντ’
660 1888 951 1941 ἀναδεχόμενος
984 1890 1047 1930 καὶ
1081 1890 1136 1931 εἰς
1170 1888 1288 1930 αὑτὸν
1319 1890 1555 1940 ποιούμενος

227 1955 275 1993 τὰ
310 1953 459 1994 τούτων
495 1954 738 2006 ἁμαρτήματ’
772 1955 895 1995 ἐστίν.
966 1956 1062 2008 ὑπὲρ
1096 1958 1138 1996 δὲ
1169 1955 1342 1997 Φωκέων
1377 1957 1438 1996 καὶ
1473 1958 1552 1997 Θε-

227 2024 356 2062 σπιῶν
381 2017 403 2071 ἢ
429 2021 483 2061 ὧν
509 2021 621 2063 οὗτος
648 2021 881 2074 ἀπήγγελλε
907 2022 1004 2074 πρὸς
1027 2023 1139 2074 ὑμᾶς,
1167 2022 1259 2063 ἀλλ’
1284 2023 1373 2064 οὐδὲ
1402 2022 1552 2075 μικρόν.

271 2141 287 2170 7
313 2137 332 2163 ἁ
350 2130 383 2169 (i.
396 2141 424 2161 e.
445 2131 585 2172 πρῶτον)
606 2131 737 2163 ἀκοῦσαι
757 2131 890 2162 Dobree
1038 2142 1059 2171 9
1084 2132 1147 2174 χρὴ
1167 2131 1272 2162 SLA
1286 2131 1338 2161 Y:
1362 2133 1446 2173 χρῆν
1462 2131 1551 2170 vulg.

230 2184 267 2212 14
291 2176 389 2206 τοῦτο
409 2174 474 2205 SY
490 2186 496 2205 ε
521 2177 626 2206 ταῦτα
643 2175 669 2205 L
686 2175 775 2214 vulg.
884 2185 920 2213 17
946 2176 1032 2208 τινὸς
1051 2176 1074 2206 S
1090 2175 1114 2205 L
1132 2175 1233 2214 νὼς..
1252 2175 1323 2205 iure
1340 2179 1552 2214 suspectum:

226 2218 312 2250 τίνος
329 2217 360 2247 Α
377 2228 384 2248 1
409 2219 498 2250 τινὰς
516 2217 547 2248 Ο
564 2228 647 2249 corr·
835 2229 874 2258 19
897 2219 970 2257 μηδ’
990 2219 1109 2259 ἄλλου]
1127 2221 1284 2257 μηδαμοῦ,
1303 2223 1338 2248 ut
1354 2219 1498 2256 videtur,
1517 2218 1554 2249 Sl

227 2271 263 2291 ’.ῃ
292 2262 390 2294 οὕτως
410 2261 443 2291 S¹
460 2273 466 2291 :
491 2263 608 2293 οὑτωσὶ
628 2262 653 2291 L
667 2262 756 2300 vulg.
892 2272 932 2301 25
957 2262 1071 2294 Ἀλέας
1090 2262 1274 2301 Harpocr.:
1299 2261 1386 2293 ἁλεῒς
1405 2262 1430 2292 L
1447 2261 1552 2301 vulg.:

227 2307 315 2337 αλεΐς
350 2305 456 2337 ἁλεεῖς
473 2309 541 2336 ant.
561 2306 620 2346 m.)
642 2304 689 2343 5¹,
708 2305 748 2336 cf.
767 2308 782 2343 ξ
804 2316 861 2344 174
1026 2307 1068 2335 26
1091 2306 1231 2336 alterurn
1250 2306 1301 2336 καὶ
1319 2310 1352 2335 et
1368 2305 1553 2344 ποιούμενος

226 2348 305 2378 secl.
328 2348 546 2379 Herwerden
637 2359 676 2388 27
695 2352 842 2381 Θεσπιῶν
860 2349 1008 2379 Dobree:
1026 2348 1190 2381 Θεσπιέων
1204 2349 1299 2379 codd.
1392 2350 1434 2379 28
1451 2349 1553 2389 ἀπήγ-

225 2398 328 2431 γελλε
348 2392 371 2422 S
386 2391 471 2423 LY:
499 2393 679 2433 ἀπήγγειλε
697 2393 800 2432 vulg„
818 2391 857 2423 cf.
880 2395 916 2430 ἐξ
934 2394 987 2432 38,
1006 2402 1057 2431 39,
1078 2392 1137 2422 xxi
1154 2393 1197 2431 36
