1763 2828
157 147 234 202 [71]

192 864 235 899 23

191 1199 236 1234 24

191 1661 233 1698 25

152 1720 236 1776 [72]

691 148 1173 187 ΔΗΜΟΣΘΕΝΟΎΣ
1531 146 1587 200 [vt

266 250 495 302 πωσάμενοι
520 251 646 292 πολὺν
670 253 738 301 τῆς
764 252 890 292 αὐτῶν
915 251 978 292 ὑπ’
1002 252 1150 292 ἐκείνου
1171 252 1389 305 στέρονται,
1411 255 1588 308 αἰσχρῶς

267 319 514 364 ἐκπεσόντες,
551 319 594 358 οὐ
633 317 886 371 κρατηθέντες
922 318 1056 369 μόνον,
1093 319 1199 359 ἀλλὰ
1235 320 1298 360 καὶ
1330 321 1589 372 προδοθέντες

265 384 327 426 ὑπ’
353 384 544 435 ἀλλήλων
579 385 640 425 καὶ
673 384 899 437 πραθέντες·
939 385 982 424 οὐ
1015 387 1089 437 γὰρ
1123 386 1324 438 ἀσφαλεῖς
1356 390 1440 430 ταῖς
1472 394 1586 430 πολι-

265 453 386 493 τείαις
411 453 449 492 αἱ
475 451 571 504 πρὸς
596 452 686 493 τοὺς
712 451 922 503 τυράννους
949 451 1061 492 αὗται
1086 453 1178 493 λίαν
1202 453 1365 503 ὁμιλίαι.
1425 456 1466 494 τί
1491 455 1524 494 δ’
1552 457 1588 496 οἱ

266 519 486 564 Θετταλοί,·
530 518 589 569 ἆρ’
625 518 777 564 orme?
811 518 926 570 ἔφην,
967 517 1050 558 ’ὅτ’
1087 518 1219 560 αὐτοῖς
1254 520 1344 562 τοὺς
1378 520 1590 573 τυράννους
1610 539 1628 572 5

266 584 465 635 ἐξέβαλλε
492 586 553 625 καὶ
578 583 700 625 πάλιν
726 585 896 625 Νίκαιαν
929 585 992 625 καὶ
1020 587 1262 637 Μαγνησίαν
1296 587 1434 633 ἐδίδου,
1461 604 1587 639 προσ-

266 654 384 691 δοκᾶν
402 651 473 702 τὴν
493 653 754 692 καθεστῶσαν
774 655 841 692 νῦν
860 653 1122 705 δεκαδαρχίαν
1142 652 1308 693 ἔσεσθαι
1328 652 1417 705 παρ’
1437 654 1587 701 αὐτοῖς;

265 715 374 767 ἢτὸν
399 718 471 768 τὴν
495 719 668 759 πυλαίαν
694 718 903 764 ἀποδόντα,
925 721 1063 759 τοῦτον
1088 720 1158 760 τὰς
1185 719 1282 760 ἰδίας
1307 720 1435 760 αὐτῶν
1461 736 1585 773 προσ-

267 784 379 825 όδους
405 783 738 837 παραιρήσεσθαι;
778 785 846 825 οὐκ
872 785 959 825 ἔστι
983 789 1116 826 ταῦτα.
1177 786 1284 825 ἀλλὰ
1316 785 1393 836 μὴν
1423 785 1590 838 γέγονεν

266 854 385 891 ταῦτα
403 851 464 891 καὶ
480 854 603 891 πᾶσιν
620 851 730 892 ἔστιν
751 850 907 892 εἰδέναι·
966 851 1075 902 ὑμεῖς
1094 851 1153 897 δ’,’
1171 851 1274 904 ἔφην
1295 853 1384 904 ἐγώ,
1406 855 1416 870 ‘
1433 853 1591 893 διδόντα
1613 870 1652 892 10

264 919 336 967 μὲν
367 917 429 957 καὶ
453 918 771 971 ὑπισχνούμενον
797 920 977 969 θεωρεῖτε
1006 919 1224 964 Φίλιππον,
1254 917 1527 969 ἐξηπατηκότα
1555 919 1589 959 δ’

264 983 336 1034 ἤδη
358 983 419 1024 καὶ
439 983 806 1036 παρακεκρουμένον
825 984 1062 1038 ἀπεύχεσθε,
1081 985 1114 1025 εἰ
1136 988 1381 1037 σωφρονεῖτε
1400 984 1459 1035 δή,
1479 986 1587 1026 ἰδεῖν.

264 1050 352 1091 ἔστι
379 1051 510 1091 τοίνυν
542 1050 588 1101 νὴ
617 1050 714 1097 Δί’,’
736 1050 838 1103 ἔφην
869 1051 958 1103 ἐγώ,
989 1052 1247 1092 ’παντοδαπὰ
1281 1050 1473 1103 εὑρημένα
1507 1055 1590 1093 ταῖς

264 1117 434 1157 πόλεσιν
458 1116 555 1168 πρὸς
580 1117 763 1170 φυλακὴν
789 1117 850 1157 καὶ
876 1118 1087 1170 σωτηρίαν,
1113 1118 1197 1158 οῖον
1229 1118 1496 1171 χαρακώματα
1526 1119 1589 1159 καὶ

263 1185 376 1236 τείχη
407 1184 471 1224 καὶ
503 1183 646 1236 τάφροι
680 1185 741 1224 καὶ
774 1183 889 1224 τᾶλλ’
916 1184 995 1224 ὅσα
1026 1187 1199 1225 τοιαῦτα.
1271 1184 1333 1225 καὶ
1366 1189 1486 1226 ταῦτα
1517 1185 1589 1237 μέν
1614 1201 1650 1234 15

266 1251 375 1291 ἐστιν
409 1250 562 1292 ἅπαντα
594 1251 852 1304 χειροποίητα
886 1252 948 1292 καὶ
981 1250 1157 1302 δαπάνης
1189 1255 1433 1304 προσδεῖται·
1472 1252 1514 1293 ἓν
1547 1252 1591 1292 δέ

264 1334 301 1357 τι
339 1317 469 1357 κοινὸν
501 1317 524 1367 ἡ
559 1318 680 1369 φύσις
715 1321 794 1358 τῶν
831 1317 871 1357 εὖ
904 1317 1160 1370 φρονούντων
1197 1319 1240 1358 ἐν
1276 1319 1372 1375 αὐτῇ
1411 1318 1590 1369 κέκτηται

265 1382 546 1436 φυλακτήριον,
569 1383 589 1423 ὃ
610 1387 708 1425 πᾶσι
732 1383 805 1434 μέν
825 1383 908 1424 ἐστ’
928 1383 1078 1436 ἀγαθὸν
1099 1385 1161 1424 καὶ
1181 1384 1389 1437 σωτήριον,
1411 1386 1590 1436 μάλιστα

265 1452 306 1490 δὲ
331 1454 413 1492 τοῖς
438 1449 610 1500 πλήθεσι
637 1450 733 1502 πρὸς
757 1450 846 1491 τοὺς
874 1449 1096 1502 τυράννους.
1168 1452 1208 1492 τί
1239 1451 1306 1492 οὖν
1335 1454 1424 1493 ἐστι
1454 1455 1588 1498 τοῦτο,·

265 1517 443 1557 ἀπιστία.
503 1517 648 1567 ταύτην
673 1516 906 1569 φυλάττετε,
934 1517 1076 1567 ταύτης
1103 1517 1335 1571 ἀντέχεσθε·
1373 1519 1420 1559 ἂν
1445 1519 1591 1569 ταύτην
1614 1535 1653 1557 20

266 1581 428 1638 σῴζητε,
478 1583 590 1624 οὐδὲν
637 1583 689 1634 μὴ
738 1583 868 1624 δεινὸν
921 1583 1082 1634 πάθητε.
1155 1585 1194 1625 τί
1246 1585 1419 1635 ζητεῖτ’;’
1474 1586 1589 1637 ἔφην.

267 1652 277 1667 ‘
295 1651 538 1703 ἐλευθερίαν;
579 1650 647 1690 εἶτ’
666 1650 738 1704 οὐχ
765 1652 879 1702 ὁρᾶτε
899 1652 1102 1691 Φίλιππον
1127 1651 1446 1703 ἀλλοτριωτάτας
1470 1652 1591 1708 ταύτῃ

268 1717 329 1757 καὶ
362 1719 430 1758 τὰς
464 1718 732 1769 προσηγορίας
766 1717 929 1770 ἕχοντα;
968 1717 1165 1768 βασιλεὺς
1198 1720 1273 1770 γὰρ
1308 1718 1369 1758 καὶ
1404 1718 1591 1770 τύραννος

267 1782 368 1825 ἅπας
394 1783 535 1836 ἐχθρὸς
560 1785 763 1838 ἐλευθερίᾳ
788 1784 850 1824 καὶ
875 1785 1009 1835 νόμοις
1039 1785 1228 1827 ἐναντίος.
1299 1785 1343 1825 οὐ
1369 1784 1591 1837 φυλάξεσθ’

266 1850 396 1896 ὅπως,’
417 1851 532 1902 ἔφην,
563 1853 571 1867 ‘
587 1850 639 1901 μὴ
661 1850 837 1901 πολέμου
858 1852 1060 1900 ζητοῦντες
1086 1851 1368 1903 ἀπαλλαγῆναι
1393 1853 1592 1902 δεσπότην
1615 1866 1652 1898 25

268 1916 435 1969 εὕρητε;’

334 1983 452 2023 Ταῦτ’
491 1983 731 2026 ἀκούσαντες
769 1986 923 2030 ἐκεῖνοι,
966 1985 1028 2025 καὶ
1071 1987 1333 2037 θορυβοῦντες
1376 1985 1427 2027 ὡς
1468 1986 1593 2037 ὀρθῶς

267 2049 440 2102 λέγεται,
469 2050 530 2090 καὶ
564 2050 739 2092 πολλοὺς
772 2050 927 2103 ἑτέρους
956 2052 1099 2103 λόγους
1132 2053 1237 2103 παρὰ
1269 2055 1346 2092 τῶν
1378 2051 1592 2104 πρέσβεων

269 2117 331 2157 καὶ
356 2118 549 2169 παρόντος
569 2118 662 2167 ε’μοῦ
688 2117 749 2157 καὶ
774 2117 894 2157 πάλιν
918 2118 1098 2169 ὕστερον,
1121 2118 1171 2159 ὡς
1196 2118 1332 2168 ἔοικεν,
1353 2119 1466 2159 οὐδὲν
1489 2120 1589 2169 μᾶλ-

311 2241 327 2269 7
365 2230 595 2272 δεκαδαρχίαν]
636 2231 712 2263 sort.
751 2231 948 2273 τετραρχίαν
985 2232 1198 2271 (ΔΑΡΧΙΑΝ)
1238 2231 1379 2270 Reiske‚
1406 2231 1448 2262 cs.
1483 2232 1515 2261 ix
1549 2233 1592 2262 26

271 2285 309 2305 12
349 2277 376 2307 εἷ
415 2278 610 2316 σωφρονεῖτε
650 2274 687 2312 δή
728 2274 810 2305 SL:
852 2275 890 2312 δή
929 2285 993 2305 om.
1038 2274 1158 2305 Blass:
1205 2276 1243 2306 ἂν
1282 2276 1463 2316 σωφρονῆτ’
1502 2275 1591 2314 vulg.

272 2319 310 2347 16
341 2321 467 2356 πολλῆς
493 2324 567 2356 post
593 2317 734 2356 δαπάνης
759 2318 832 2348 add.
856 2317 966 2355 vulg:
999 2328 1063 2348 om.
1094 2318 1118 2347 S
1263 2328 1299 2347 21
1332 2319 1376 2357 μὴ
1401 2320 1504 2350 δεινὸν
1528 2318 1592 2348 SL

269 2361 455 2392 Stobaeus:
481 2362 584 2393 δεινὸν
599 2362 643 2401 μὴ
660 2361 749 2399 vulg.
877 2371 917 2390 22
950 2361 1141 2401 ἐλευθερίαις·
1175 2361 1364 2392 Richards:
1397 2362 1588 2403 ἐλευθερίαν.

269 2406 344 2436 edd.
473 2414 514 2443 25
539 2405 766 2445 ἀπαλλαγῆναι
784 2427 791 2435 .
813 2428 818 2434 .
842 2429 846 2434 .
868 2403 996 2446 εὕρητε]
1016 2405 1213 2444 ἀπαλλαγὴν
1231 2428 1236 2434 .
1259 2428 1263 2435 .
1283 2428 1290 2436 .
1313 2404 1465 2446 εὑρήσετε
1482 2405 1589 2435 Cobet
