1731 2844
117 144 146 199 1]
523 149 936 187 ΟΛὙΝΘΙΑΚΟΣ
987 150 1018 186 Α

116 254 303 301 πολεμεῖν
328 248 350 301 ἢ
377 251 464 303 παρ’
489 253 576 302 ὑμῖν
605 254 764 291 ἐκεῖνον.
828 253 895 291 ἐὰν
920 254 991 302 μὲν
1017 252 1091 303 γὰρ
1115 251 1262 307 ἀντέχῃ
1288 254 1335 292 τὰ
1360 257 1437 292 τῶν

116 317 489 368 Ὀλυνθίωι’,,ὑμεῖς
525 319 606 357 ἐκεῖ
638 317 901 369 πολεμήσετε,
926 318 986 357 καὶ
1022 317 1093 367 τὴν
1130 318 1279 358 ἐκείνου
1316 322 1438 360 κακῶς

103 382 316 437 ποιήσετε,
352 384 423 434 τὴν
459 383 715 437 ὑπάρχουσαν
753 385 814 423 καὶ
850 383 920 433 τὴν
956 384 1103 424 οἰκείαν
1138 384 1281 444 ταύτην
1318 385 1438 426 ἀδεῶς

116 451 388 501 καρπούμενοι·
447 450 495 491 ἂν
544 450 576 490 δ’
619 451 748 490 ἐκεῖνα
794 451 996 491 Φίλιππος
1042 449 1164 505 λάβῃ,
1216 450 1274 491 τίς
1320 450 1438 490 αὐτὸν

76 534 93 565 5
117 516 288 556 κωλύσει
304 519 415 568 δεῦρο
430 517 626 567 βαδίζειν;
654 519 852 567 Θηβαῖοι;
884 515 935 567 μὴ
952 517 1043 556 λίαν
1060 515 1339 577 πικρὸνείπεῖν
1358 515 1438 573 3}—

116 583 178 623 καὶ
204 587 547 634 συνεισβαλοῦσιν
567 584 743 633 ἑτοίμως.
803 583 1100 628 ἀλλὰ’Φωκεῖς,·
1138 584 1175 622 οἱ
1199 582 1271 632 τὴν
1290 576 1438 623 οἰκείαν

115 648 188 702 οὐχ
217 649 296 689 οἶοί
321 665 363 689 τε
391 650 503 690 ὄντες
533 648 762 702 φυλάττειν,
796 650 864 689 ἐὰν
891 648 942 699 μὴ
973 652 1026 700 βο
1056 647 1196 699 θήσηθ’
1222 649 1345 699 ὑμεῖς.
1414 646 1437 699 ἦ

113 714 237 757 ἄλλος
256 731 314 757 τις
321 732 333 762 ;
369 715 473 762 ἀλλ’,
492 713 521 755 ὦ
541 719 625 761 τᾶν,
646 716 735 768 οὐχὶ
759 714 1018 766 βουλήσεται.
1030 666 1154 782 ἲἲζτῶν
1174 716 1438 757 ἀτοπωτάτων

112 781 259 832 μέντᾶν
279 783 350 832 εἴη,
373 783 406 822 εἰ
430 782 454 822 δι
478 785 546 823 νῦν
564 781 978 834 ἄνοιαν-ὀφλισκάνων
998 783 1299 833 ὅμωςρἐλαλεῖ,
1318 786 1439 823 ταῦτα

58 864 95 886 ιο
114 849 290 898 δυνηθεὶς
318 848 370 899 μὴ
400 847 551 900 πράξει.
624 849 730 888 ἀλλὰ
758 847 835 899 μὴν
858 848 977 898 ἡλίκα
1005 848 1042 900 γ’
1067 848 1178 888 ἐστὶν
1202 850 1250 888 τὰ
1280 849 1437 906 διάφορ’

114 913 243 955 ἐνθάδ’
259 911 282 964 ἢ
304 916 387 955 ἐκεῖ
403 919 603 966 πολεμεῖν,
620 915 709 955 οὐδὲ
727 915 850 967 λόγου
870 918 1059 967 προσδεῖν
1075 912 1257 967 ἡγοῦμαι.
1310 917 1343 956 εἰ
1362 908 1436 968 γὰρ

113 981 211 1031 ὑμᾶς
236 980 413 1031 δεήσειεν
438 981 577 1022 αὐτοὺς
601 980 798 1032 τριάκονθ’
816 980 963 1033 ἡμέρας
987 982 1110 1031 μόνας
1134 980 1208 1032 ἔξω
1234 981 1435 1033 γενέσθαι,

115 1047 177 1087 καὶ
210 1046 272 1087 ὅσ’
300 1047 449 1100 ἀνάγκη
481 1046 733 1101 στρατοπέδῳ
766 1047 992 1102 χρωμένους
1023 1051 1101 1087 τῶν
1131 1049 1174 1087 ἐκ
1204 1050 1274 1098 τῆς
1305 1049 1437 1101 χώρας

113 1113 348 1165 λαμβάνειν,
368 1113 533 1165 μηδενὸς
551 1115 663 1155 ὄντος
688 1115 730 1154 ἐν
748 1113 842 1169 αὐτῇ
863 1114 1053 1164 πολεμίου
1077 1113 1195 1166 λέγω,
1217 1107 1368 1155 πλείον’
1387 1115 1436 1155 ἂν

55 1196 91 1228 15
112 1180 219 1232 οἶμαι
251 1181 486 1231 ζημιωθῆναι
513 1180 602 1222 τοὺς
630 1183 901 1233 γεωργοῦντας
929 1181 1036 1231 ὑμῶν
1059 1177 1082 1230 ἦ
1109 1179 1172 1219 ὄσ’
1198 1181 1252 1222 εἰς
1281 1180 1436 1221 ἅπαντα

111 1247 180 1287 τὸν
205 1247 281 1299 πρὸ
309 1250 378 1287 τοῦ
407 1248 584 1298 πόλεμον
612 1245 896 1296 δεδαπάνησθε.
968 1248 1001 1287 εἰ
1030 1249 1071 1287 δὲ
1102 1246 1148 1296 δὴ
1176 1247 1350 1297 πόλεμός
1378 1265 1436 1289 τις

111 1312 208 1363 ἥξει,
229 1314 338 1354 πόσα
361 1313 437 1366 χρὴ
462 1313 623 1364 νομίσαι
649 1313 933 1364 ζημιώσεσθαι,·
973 1313 1034 1353 καὶ
1059 1313 1252 1365 πρόσεσθ’
1272 1313 1295 1364 ἡ
1320 1315 1436 1366 ὕβρις

113 1381 174 1420 καὶ
200 1379 254 1420 ἔθ’
272 1380 295 1430 ἡ
321 1384 400 1420 τῶν
423 1379 661 1432 πραγμάτων
686 1379 869 1432 αἰσχύνη,
892 1379 1073 1430 οὐδεμιᾶς
1098 1378 1274 1419 ἐλάττων
1300 1380 1435 1431 ζημίας

110 1449 193 1488 τοῖς
216 1463 262 1498 γε
286 1443 528 1501 σώφροσιν]

52 1530 92 1553 20
178 1511 319 1553 Πάντα
353 1512 398 1563 δὴ
435 1516 554 1553 ταῦτα
591 1515 652 1553 δεῖ
688 1513 918 1555 συνιδόντας
956 1511 1131 1554 ἅπαντας
1168 1515 1335 1563 βοηθεῖν
1373 1514 1433 1554 καὶ

110 1578 283 1619 ἀπωθεῖν
315 1580 446 1619 ἐκεῖσε
477 1579 546 1619 τὸν
578 1579 766 1630 πόλεμον,
800 1578 890 1621 τοὺς
921 1581 994 1630 μὲν
1028 1578 1228 1630 εὐπόρους,
1260 1578 1308 1620 ἵν’
1337 1581 1433 1632 ὑπὲρ

110 1648 188 1685 τῶν
203 1648 366 1685 πολλῶν
379 1646 434 1685 ῶν
451 1648 579 1687 καλῶς
594 1648 798 1696 ποιοῦντες
815 1646 953 1700 ἔχουσι
968 1644 1070 1697 μίκρ’
1086 1646 1371 1695 ἀναλίσκοντες
1387 1649 1434 1686 τὰ

109 1712 233 1752 λοιπὰ
246 1715 469 1763 καρπῶνται
482 1712 622 1757 ἀδεῶς,
630 1711 720 1753 τοὺς
736 1711 769 1751 δ’
782 1713 824 1752 ἐν
839 1711 985 1765 ἡλικία,
1000 1712 1063 1752 ἵνα
1078 1711 1149 1761 τὴν
1161 1715 1229 1751 τοῦ
1245 1717 1434 1763 πολεμεῖν

109 1779 313 1830 ἐμπειρίαν
333 1779 375 1818 ἐν
393 1784 442 1834 τῇ
458 1779 660 1819 Φιλίππου
679 1778 789 1832 χώρᾳ
808 1777 1047 1829 κτησάμενοι
1068 1779 1237 1830 φοβεροὶ
1258 1779 1433 1830 φύλακες

50 1858 88 1890 25
109 1846 177 1894 τῆς
203 1845 346 1886 οἰκείας
371 1845 552 1896 ἀκεραίου
576 1844 780 1896 γένωνται,
807 1844 896 1886 τοὺς
920 1846 962 1884 δὲ
987 1843 1192 1896 λέγοντας,
1219 1844 1268 1885 ἵν’
1293 1847 1331 1885 αἱ
1357 1849 1434 1885 τῶν

109 1910 452 1961 πεπολιτευμένων
489 1910 619 1952 αὐτοῖς
655 1911 811 1951 εὔθυναι
844 1909 973 1965 ῥᾴδιαι
1005 1909 1209 1962 γένωνται,
1245 1911 1296 1952 ὡς
1332 1911 1433 1951 ὁποῖ’

108 1975 189 2016 ἄττ’
215 1976 262 2017 ἂν
286 1978 384 2027 ὑμᾶς
408 1982 574 2033 περιστῇ
598 1978 647 2016 τὰ
670 1975 892 2029 πράγματα,
919 1980 1087 2025 τοιοῦτοι
1119 1978 1243 2028 κριταὶ
1269 1977 1331 2017 καὶ
1356 1981 1432 2017 τῶν

113 2042 392 2095 πεπραγμένων
417 2042 547 2084 αὐτοῖς
572 2043 729 2083 ἔσεσθε.
797 2042 951 2096 χρηστὰ
976 2042 1009 2082 δ’
1034 2045 1091 2093 ε’ίη
1118 2034 1264 2085 παντὸς
1290 2044 1430 2083 εἵνεκα.

150 2161 169 2190 5
187 2154 333 2190 Θηβαῖος
351 2175 358 2181 .
381 2175 387 2182 .
407 2174 414 2181 .
433 2150 513 2193 ᾗ-]
528 2153 662 2188 Θηβαῖοι
675 2151 712 2189 νὴ
724 2151 793 2182 Δία·
813 2151 873 2182 κᾶν
883 2151 994 2192 πικρὸν
1005 2152 1106 2182 εἰπεῖν
1117 2150 1147 2193 ᾗ,
1164 2150 1334 2181 Richards
1402 2152 1432 2182 οἳ

108 2199 184 2225 ante
196 2195 240 2234 μὴ
254 2195 328 2225 add.
347 2193 471 2232 Baiter,
485 2194 634 2224 Dindors
711 2195 826 2225 elante
836 2194 880 2232 μὴ
892 2194 966 2224 add.
983 2194 1180 2224 Dindorsex
1192 2194 1286 2224 codd.
1302 2194 1431 2224 duobus

106 2237 128 2279 ᾗ
138 2237 202 2268 del.
216 2237 365 2267 Dindorf
446 2247 462 2275 7
481 2239 566 2276 ὑμεῖς
577 2238 596 2275 ἢ
608 2238 709 2269 ἄλλος
720 2250 779 2269 τις.
795 2237 1006 2275 interpunxit
1019 2237 1116 2267 Blass
1126 2242 1264 2267 secutus
1276 2237 1429 2267 rhetoras

107 2280 201 2319 (item
219 2281 291 2311 cod.
310 2280 358 2318 A)
453 2290 491 2310 12
507 2284 605 2320 μόνας
623 2280 646 2310 S
663 2280 752 2318 vulg.
769 2291 775 2309 :
800 2290 862 2310 om.
884 2280 914 2309 Y
932 2292 938 2310 :
961 2279 1059 2319 μόνον
1077 2279 1107 2309 O
1201 2290 1239 2318 14
1257 2280 1428 2320 πολεμίου]

105 2325 247 2362 πολέμου
266 2323 437 2354 Palatinus
458 2333 526 2361 113,
550 2333 610 2361 142
698 2322 820 2355 πλείον’
841 2323 962 2353 Blass:
987 2323 1089 2354 πλέον
1107 2323 1201 2352 codd.
1312 2325 1351 2352 16
1373 2323 1427 2354 πό-

106 2373 206 2399 λεμον
219 2367 316 2397 codd.
334 2378 340 2396 :
366 2370 480 2406 χρόνον
493 2365 589 2396 Blass
603 2371 738 2396 secutus
751 2366 817 2397 Rh.
830 2365 889 2396 Gr.
902 2366 935 2396 iv
948 2367 1010 2404 762
1102 2375 1138 2403 17
1159 2365 1369 2404 ζημιώσεσθαι
1385 2366 1426 2396 S:

108 2408 358 2447 ζημιωθήσεσθαι
374 2409 461 2447 vulg.
567 2410 604 2438 18
630 2408 738 2448 ζημίας
757 2409 841 2440 SY:
870 2408 964 2448 ζημία
979 2408 1067 2447 vulg.
1172 2418 1212 2447 23
1237 2410 1334 2440 ἀδεῶς
1349 2414 1427 2438 ante

106 2455 285 2488 καρπῶνται
302 2451 330 2480 Y
345 2452 402 2480 aL:
427 2457 503 2490 post
520 2455 698 2492 καρπῶνται
713 2452 736 2482 S
750 2452 836 2490 vulg.
929 2461 968 2488 27
994 2453 1070 2490 ὑμᾶς
1085 2451 1180 2481 codd.
1195 2463 1200 2481 :
1228 2453 1298 2489 ὑμῖν
1312 2451 1425 2480 Baton

148 2499 186 2530 In
205 2499 229 2531 S
246 2499 475 2539 subscriptum

606 2547 869 2577 ΟΛΎΝΘῙΑΚΟΣ
892 2549 919 2575 Α

654 2590 678 2617 H
699 2591 723 2617 H
743 2583 779 2617 [ΣΙ
799 2593 825 2618 Δ
844 2591 871 2618 n

1467 149 1546 203 [16]

1467 522 1511 555 26

1467 861 1510 896 27

1467 1113 1542 1167 [17]

1464 1518 1508 1552 28
