1747 2844
163 123 250 177 x1x]
386 129 529 166 ΠΕΡΙ
577 129 700 166 ΤΗΣ
750 129 1265 167 ΠΑΡΑΠΡΕΣΒΕῙΑΣ
1518 131 1627 185 [416]

160 229 227 269 τὸν
263 228 314 279 μὴ
348 231 395 269 τὰ
431 231 559 269 δίκαια
592 228 893 281 ψηφισάμενον.
953 228 1042 279 παρ’
1076 229 1131 268 ὧν
1163 231 1338 280 κρεῖττόν
1372 231 1482 270 ἐστιν
1515 245 1584 279 240

161 294 313 349 ἑκάστῳ
338 297 407 336 τὰς
433 296 582 348 ἀγαθὰς
606 296 769 336 ἐλπίδας
793 297 874 335 τοῖς
894 294 1009 333 παισὶ
1035 295 1098 334 καὶ
1124 297 1260 348 ἑαυτῷ,
1282 297 1329 334 τὰ
1355 297 1483 336 δίκαια

160 362 305 413 γνόντα
344 362 404 402 καὶ
434 363 482 401 τὰ
516 359 778 413 προσήκοντα,
811 358 1148 411 περιποιήσασθαι
1185 357 1208 409 ἦ
1242 358 1312 410 τὴν
1347 362 1481 413 ἀφανῆ

160 428 222 467 καὶ
246 427 394 478 ἄδηλον
413 427 563 469 τούτοις
587 426 702 480 χάριν
729 425 980 472 καταθέσθαι,
1006 427 1068 466 καὶ
1094 426 1256 478 ἀφεῖναι
1280 430 1416 467 τοῦτον
1442 427 1484 469 ὃς

122 510 138 543 5
159 493 275 536 αὐτὸς
290 496 428 534 ἑαυτοῦ
445 492 847 545 καταμεμαρτύρηκεν.
898 493 987 533 τίνα
1002 491 1090 545 γάρ,
1107 493 1294 546 Αἰσχίνη,
1311 493 1484 545 μάρτυρα

158 560 274 611 μείζω
299 558 566 612 παράσχωμαι
589 562 657 599 τοῦ
682 561 815 599 πολλὰ
844 558 907 598 καὶ
932 560 1042 599 δεινὰ
1066 561 1396 611 πεπρεσβεῦσθαί
1418 577 1484 600 σοι

157 623 180 675 ἢ
215 628 262 666 σὲ
294 627 390 666 κατὰ
423 629 588 672 σαυτοῦ;
627 624 669 667 ὃς
698 626 774 677 γὰρ
806 623 932 680 ᾠήθης
964 627 1107 678 χρῆναι
1140 624 1208 666 τὸν
1242 626 1415 678 φανερόν
1447 643 1483 667 τι

158 693 320 741 ποιῆσαι
345 691 596 743 βουληθέντα
614 695 692 732 τῶν
713 692 778 732 σοὶ
804 691 1166 743 πεπρεσβευμένων
1183 693 1395 748 τηλικαύτῃ
1421 693 1483 733 καὶ

157 758 313 813 τοιαύτῃ
341 758 527 812 συμφορᾷ
551 762 799 810 περιβαλεῖν,
828 760 949 807 δῆλον
973 758 1032 798 ὅτι
1058 757 1185 798 δεινὸν
1211 757 1258 798 ἄν
1283 775 1319 798 τι
1344 761 1483 799 παθεῖν

100 842 138 865 10
158 823 302 864 σαυτὸν
326 823 499 874 ἤλπιζες,
528 825 561 865 εἰ
585 824 760 865 πύθοινθ’
785 824 892 864 οὗτοι
916 825 963 864 τὰ
989 824 1245 877 πεπραγμένα
1271 841 1347 865 σοι.

223 892 350 929 Τοῦτο
368 891 511 936 τοίνυν,
533 890 655 942 ἄνπερ
673 891 783 941 ὑμεῖς
809 890 849 930 εὖ
869 892 1054 942 φρονῆτε,
1079 890 1162 930 καθ’
1182 892 1299 931 αὑτοῦ
1323 890 1479 942 συμβή-
1513 904 1578 938 241

159 972 270 997 σεται
294 956 416 1010 τούτῳ
438 959 675 1009 πεπρᾶχθαι,
700 956 743 996 οὐ
767 957 889 1008 μόνον
909 958 1007 996 κατὰ
1031 956 1136 997 τοῦθ’
1156 957 1215 997 ὅτι
1235 957 1482 1009 παμμέγεθες

159 1023 322 1073 σημεῖόν
347 1024 434 1063 ε’στι
459 1026 535 1063 τῶν
560 1022 934 1075 πεπρεσβευμένων,
962 1023 1054 1063 ἀλλ’
1079 1023 1139 1063 ὅτι
1170 1023 1231 1063 καὶ
1257 1027 1481 1075 κατηγορῶν

158 1090 328 1130 ἐκείνους
352 1089 442 1131 τοὺς
466 1090 612 1142 λόγους
638 1089 746 1130 εἶπεν
768 1089 804 1129 οἳ
832 1088 913 1129 κατ’
934 1089 1051 1129 αὐτοῦ
1076 1093 1142 1130 νῦν
1160 1089 1420 1143 ὑπάρχουσιν·
1457 1090 1481 1129 δι

100 1173 135 1205 ῐ5
157 1157 233 1208 γὰρ
261 1155 391 1207 ὡρίσω
420 1155 470 1195 σὺ
505 1157 644 1202 δίκαια,
678 1156 744 1196 ὅτε
771 1156 977 1209 Τίμαρχον
1009 1156 1170 1207 ἔκρινες,
1205 1156 1325 1197 ταύτὰ
1358 1155 1481 1206 δήπου

157 1225 277 1262 ταῦτα
302 1222 363 1262 καὶ
390 1224 486 1262 κατὰ
513 1225 585 1262 σοῦ
611 1221 804 1274 προσήκει
828 1225 908 1264 τοῖς
937 1222 1074 1264 ἄλλοις
1104 1223 1272 1276 ἰσχύειν.
1343 1223 1481 1275 ἔλεγεν
1511 1238 1577 1271 242

157 1290 287 1329 τοίνυν
306 1289 395 1329 τότε
420 1289 516 1341 πρὸς
536 1289 627 1330 τοὺς
647 1291 834 1330 δικαστὰς
860 1290 920 1329 ὅτι
941 1288 1257 1341 ίἀπολογήσεται
1283 1291 1323 1329 δὲ
1345 1293 1478 1340 Δημο-

158 1354 301 1405 σθένης
312 1356 409 1407 ὑπὲρ
422 1355 550 1401 αὐτοῦ,
566 1356 627 1395 καὶ
641 1354 902 1408 κατηγορήσει
913 1359 990 1396 τῶν
1006 1357 1092 1406 ἐμοὶ
1107 1355 1479 1408 πεπρεσβευμένων·

158 1421 240 1467 εἶτ’,
251 1422 319 1462 ἐὰν
333 1423 431 1473 ὑμᾶς
447 1421 634 1477 ἀπαγάγῃ
651 1425 702 1476 τῷ
716 1423 836 1476 λόγῳ,
847 1423 1118 1462 νεανιεύσεται
1137 1423 1198 1462 καὶ
1214 1423 1371 1473 περιιὼν
1389 1423 1479 1473 ἐρεῖ·

99 1504 138 1526 20
158 1491 238 1529 πῶς
262 1504 301 1528 τι
324 1487 413 1528 τοὺς
438 1489 626 1529 δικαστὰς
652 1488 869 1540 ἀπαγαγὼν
894 1488 970 1528 ἀπὸ
989 1490 1057 1538 τῆς
1075 1488 1302 1529 ὑποθέσεως
1325 1487 1482 1542 ᾠχόμην

158 1553 201 1593 τὸ
220 1553 365 1606 πρᾶγμ’
386 1553 511 1594 αὐτῶν
530 1554 795 1606 ὑφελόμενος;
812 1553 821 1567 ’
846 1554 897 1604 μὴ
919 1555 970 1594 σύ
995 1572 1052 1606 γε,
1076 1554 1168 1594 ἀλλ’
1188 1555 1285 1606 ὑπὲρ
1304 1554 1358 1594 ὧν
1377 1555 1480 1606 ἀγω-

157 1620 264 1670 νίζει,
292 1621 378 1672 περὶ
404 1620 552 1661 τούτων
579 1621 794 1672 ἀπολογοῦ·
832 1621 923 1661 τότε
948 1620 993 1666 δ’,
1019 1620 1119 1671 ἡνίκ’
1145 1622 1295 1661 ἐκεῖνον
1320 1621 1480 1672 ἔκρινες,

158 1685 250 1736 ἐξῆν
277 1703 344 1726 σοι
369 1689 599 1739 κατηγορεῖν
625 1687 686 1727 καὶ
712 1686 846 1739 λέγειν
871 1688 893 1726 ὅ
917 1704 953 1727 τι
979 1687 1163 1738 ἐβούλου.

222 1751 351 1792 Ἀλλὰ
375 1753 452 1803 μὴν
474 1754 534 1793 καὶ
560 1754 633 1803 ἔπη
654 1757 736 1795 τοῖς
762 1756 965 1795 δικασταῖς
990 1754 1139 1806 ἔλεγες,
1162 1753 1299 1794 οὐδένα
1324 1752 1482 1805 μάρτυρ’
1516 1767 1580 1802 243

98 1835 136 1867 25
157 1818 260 1871 ἔχων
286 1818 350 1870 ἐφ’
377 1819 434 1860 οἷς
458 1819 607 1870 ἔκρινες
631 1819 698 1860 τὸν
725 1819 932 1871 ἄνθρωπον
958 1819 1251 1872 παρασχέσθαι·
1518 1820 1622 1875 [417]

291 1900 402 1954 φήμη
428 1901 460 1942 δ’
487 1902 531 1942 οὔ
556 1919 613 1943 τις
637 1902 801 1953 πάμπαν
826 1904 1062 1949 ἀπόλλυται,
1089 1903 1226 1953 ἥντινα
1251 1902 1340 1942 λαοὶ

292 1968 437 2008 πολλοὶ
463 1968 681 2020 φημίξωσι·
721 1970 808 2012 θεός
833 1970 880 2010 νύ
904 1971 962 2012 τίς
988 1971 1075 2010 ἐστι
1103 1970 1164 2009 καὶ
1189 1968 1299 2019 αὐτή.

157 2051 308 2096 οὐκοῦν,
336 2052 522 2104 Αἰσχίνη,
552 2052 614 2092 καὶ
644 2054 691 2092 σὲ
719 2051 863 2094 πάντες
892 2052 998 2092 οὗτοι
1028 2051 1195 2105 χρήματ’
1220 2053 1262 2091 ἐκ
1295 2053 1363 2100 τῆς
1391 2067 1484 2103 πρε·

159 2119 303 2168 σβείας
321 2118 450 2169 φασὶν
470 2118 691 2170 εἰληφέναι,
713 2119 816 2159 ὥστε
838 2119 899 2158 καὶ
920 2120 1017 2158 κατὰ
1043 2122 1117 2157 σοῦ
1136 2117 1327 2167 δήπουθεν
1349 2121 1358 2135 ‘
1372 2116 1484 2168 φήμη

98 2199 139 2229 30
158 2183 190 2222 δ’
210 2184 254 2223 οὕ
274 2200 332 2225 τις
350 2183 515 2234 πάμπαν
536 2185 771 2233 ἀπόλλυται,
790 2185 931 2234 ἥντινα
954 2185 1045 2225 λαοὶ
1067 2184 1211 2224 πολλοὶ
1232 2182 1484 2236 φημίξωσιν.’

205 2304 241 2331 14
268 2293 465 2335 ὑπάρχουσιν
484 2294 506 2324 S
522 2294 546 2323 I.
558 2293 607 2324 Y:
635 2293 822 2335 ὕπᾶρξουσιν
838 2293 926 2332 vulg.
1053 2304 1094 2323 20
1117 2296 1181 2324 πῶς
1199 2306 1230 2323 τι
1247 2293 1355 2323 Cobet
1371 2304 1376 2323 :
1402 2296 1483 2330 πῶς;

158 2336 205 2372 τί;
221 2336 310 2375 vulg.
332 2336 436 2367 schol.
454 2348 460 2366 :
486 2339 549 2368 πῶς
566 2349 616 2372 τι;
631 2336 771 2366 Voemel
932 2347 971 2374 24
999 2337 1058 2374 ἔπη
1075 2335 1165 2366 Weil
1186 2345 1258 2366 curn
1279 2336 1304 2366 P
1322 2345 1419 2374 corn,
1441 2335 1481 2366 cs.

158 2379 262 2410 schol.
282 2389 313 2418 p.
335 2388 407 2418 435.
430 2389 486 2417 19:
515 2381 563 2410 ἐπὶ
582 2379 676 2409 codd.
697 2384 773 2409 cett.

202 2442 363 2463 DEMOSTH
380 2457 386 2471 ,
404 2442 481 2463 νοι,
502 2443 522 2463 1.
1314 2439 1353 2468 26
