1763 2828
685 107 1102 150 PRAEFATIO

230 226 325 278 pica
356 224 494 273 tertia,
533 224 574 264 id
619 236 763 264 revera
807 221 997 263 evenisse
1044 221 1273 271 evicerunt,
1307 227 1353 262 ut
1394 219 1557 273 opinor,

231 294 421 349 Spengel
464 301 505 334 et
547 292 670 334 Weil.
752 292 896 346 Quam
946 298 1092 333 tamen
1134 291 1472 344 explicationem
1516 290 1557 329 in

230 370 392 406 ceteras
443 362 594 404 cadere
650 361 726 402 vix
781 360 1042 410 credideris;
1103 359 1394 414 amplificandi
1445 358 1557 400 enirn

232 433 442 474 rationem
467 431 500 471 si
532 444 646 484 quae
668 436 710 471 et
734 429 874 483 qualis
896 429 950 471 sit
980 428 1273 483 perpenderis,
1294 441 1426 481 quam
1459 440 1559 467 con-

230 515 338 555 grua
373 500 733 554 interpolatorum
769 498 928 545 indoli:r
960 499 994 539 si
1028 512 1157 551 porro
1194 497 1274 538 ista
1308 498 1350 538 in
1382 495 1562 550 singulis

231 569 452 612 codicibus
486 568 719 610 crescentia
753 568 858 609 velis
885 567 1078 613 scrutari,
1108 567 1224 608 haud
1258 565 1438 607 dubium
1471 564 1561 605 fore

231 640 363 680 credo
384 639 488 693 quin
512 644 801 679 correctorum
824 637 1123 678 additamenta
1144 649 1237 677 esse
1268 647 1455 683 censeas
1477 645 1562 673 non

232 708 392 750 oratori
414 707 545 761 paulo
567 706 701 748 fusius
726 706 887 748 dicenti
911 706 1114 760 imputes,

291 776 523 818 Lectiones
565 776 738 830 probas,
769 789 881 829 quac
912 775 979 815 vel
1014 775 1069 815 ab
1113 773 1142 814 S
1174 773 1268 815 solo
1299 773 1365 814 vel
1399 773 1455 813 ab
1488 771 1561 812 SL

233 852 425 887 servatae
468 853 580 895 sunt,
617 845 795 897 longum
839 851 930 885 erat
973 842 1261 884 enumera1·e¹,
1328 841 1420 883 Nec
1462 855 1564 882 vero

233 916 465 970 quicquam
509 913 647 968 magis
689 913 912 966 proprium
946 912 1026 952 sibi
1066 912 1095 954 S
1135 912 1267 953 habet
1308 924 1439 964 quam
1472 923 1563 950 ver-

233 985 387 1026 borum
421 982 781 1030 conlocationem,
804 995 889 1035 qua
918 994 1015 1021 cum
1050 981 1298 1022 concinnior
1328 979 1489 1033 alioqui
1522 986 1565 1019 et

234 1052 502 1094 numerosior
535 1051 583 1092 fit
617 1052 766 1100 oratio,
789 1059 884 1092 tum
916 1050 1131 1091 vocalium
1167 1062 1397 1091 concursus
1428 1048 1563 1089 evita-

234 1130 304 1164 tur
339 1122 621 1175 syllabaeque
652 1121 804 1161 breves
841 1120 1142 1167 continuatae3
1189 1119 1388 1172 quotiens
1417 1124 1564 1158 autem

236 1191 429 1245 peccavit
472 1189 682 1236 librarius,
717 1189 807 1243 ipse
849 1202 1029 1242 operam
1066 1188 1322 1240 plerumque
1355 1186 1477 1228 dedit
1519 1192 1566 1227 ut

235 1268 400 1302 rectum
439 1258 634 1300 ordinem
659 1258 915 1298 restitueret.
981 1257 1182 1309 Denique
1201 1269 1298 1296 cum
1321 1261 1564 1296 ceterorum

237 1329 436 1370 codicum
463 1328 504 1368 in
527 1327 706 1368 diversis
738 1326 1005 1367 orationibus
1027 1326 1196 1366 diversa
1221 1325 1276 1367 sit
1305 1324 1567 1372 aestimatio,

236 1398 366 1440 solius
409 1397 439 1438 S
483 1396 590 1437 fides
631 1402 697 1436 est
740 1409 874 1449 paene
914 1395 954 1435 in
989 1394 1191 1435 omnibus
1233 1393 1399 1434 eadem.
1477 1392 1566 1434 Sed

240 1481 325 1509 non
357 1465 588 1507 virtutibus
622 1471 792 1506 tantum
834 1464 908 1504 sed
953 1464 1159 1517 peccandi
1194 1475 1369 1515 quoque
1408 1474 1568 1516 genere

239 1537 269 1579 S
306 1534 628 1583 memorabilis;
680 1534 773 1586 ipsa
809 1534 923 1573 enim
968 1545 1078 1585 quae
1121 1531 1326 1573 mendose
1369 1530 1568 1584 leguntur

238 1620 323 1647 non
345 1613 435 1646 tam
460 1603 657 1644 lectionis
685 1603 789 1644 vitia
820 1615 910 1643 esse
942 1601 1082 1642 solent
1114 1614 1249 1654 quam
1287 1600 1526 1653 scripturae
1541 1598 1567 1648 ²,

239 1682 281 1716 et
305 1673 559 1714 certioribus
582 1685 660 1712 nos
691 1684 818 1724 saepe
848 1670 1040 1722 vestigiis
1068 1670 1125 1710 ad
1162 1669 1371 1709 sinceram
1402 1682 1567 1709 memo-

283 1764 294 1783 1
321 1763 418 1794 Haec
443 1772 486 1792 ex
511 1761 573 1792 hoc
598 1771 666 1791 uno
691 1760 862 1790 volumine
890 1759 1046 1798 exempla
1075 1758 1164 1788 sint:
1200 1757 1233 1787 iii
1262 1768 1301 1797 31
1330 1757 1565 1798 ἀνδρειότατον,

240 1808 272 1838 iv
292 1808 330 1837 18
347 1805 466 1847 καιρόν,
486 1806 518 1836 iv
534 1815 574 1845 37
592 1804 759 1854 μέλλεται,
779 1804 838 1834 xiv
857 1814 876 1833 2
894 1802 1080 1853 λελύσεται,
1101 1812 1119 1832 2
1133 1801 1299 1841 ὁουχικάν
1316 1805 1365 1840 (=
1384 1801 1456 1840 οὐχι
1478 1800 1566 1841 κὰν),

240 1851 297 1881 xvi
318 1859 355 1880 12
374 1849 409 1880 οὐ
425 1852 499 1890 γάρ,
518 1848 599 1879 xviii
620 1850 681 1879 162
696 1848 849 1886 αἰσθάνει,
869 1846 950 1877 xviii
974 1847 1037 1877 208
1054 1845 1232 1885 Μαραθῶνι,
1252 1855 1316 1875 210
1334 1844 1410 1884 ἐπεί,
1431 1845 1488 1876 xix
1509 1855 1566 1885 137

240 1893 452 1933 κατέπεμψεν,
477 1894 535 1931 167
554 1892 590 1931 δὴ
606 1892 775 1932 πρόφασιν,
793 1891 856 1929 284
873 1890 1076 1929 ἠτιμώσεται.

283 1938 295 1955 ²
320 1937 523 1968 Huiusmodi
551 1936 684 1967 mendis
718 1935 741 1966 S
775 1934 919 1965 refertus
951 1939 1014 1971 est,
1039 1944 1068 1965 e.
1080 1944 1110 1973 g.
1139 1942 1213 1963 cum
1245 1932 1454 1963 barbarismo
1486 1932 1519 1962 iii
1553 1942 1563 1962 1

241 1981 428 2021 πεισώμεθα,
460 1980 494 2010 iii
524 1989 565 2010 22
594 1978 780 2020 χαρίσωμαι,
810 1989 831 2008 ν
861 1988 898 2016 14
926 1976 1140 2017 προαξὼμεθα
1173 1976 1231 2006 xiv
1257 1985 1300 2025 33.
1331 1981 1365 2007 et
1395 1975 1475 2005 xviii
1507 1977 1569 2006 160

240 2024 409 2064 ἀκούσετε
434 2024 515 2055 xviii
544 2024 604 2054 168
629 2021 911 2071 συμπνεύσοντας;
942 2031 1016 2052 cum
1042 2031 1143 2061 prava
1166 2019 1302 2059 syntaxi
1328 2020 1349 2049 ii
1374 2029 1393 2049 2
1418 2018 1565 2059 δόξωμεν,

242 2069 279 2099 iii
296 2079 315 2099 2
333 2067 493 2108 σώσωμεν,
513 2067 547 2097 iii
564 2069 584 2097 6
600 2065 797 2116 βοηθήσητε
818 2065 849 2096 ἰν
866 2075 907 2104 42
928 2064 1014 2104 δοκῇ,
1034 2074 1075 2103 43
1098 2062 1239 2102 κωλύσῃ,
1259 2062 1315 2093 viii
1337 2073 1355 2092 2
1379 2061 1565 2102 ἐπίσχωσιν,

242 2112 300 2143 viii
318 2121 357 2150 41
378 2111 641 2164 δημοκρατεισθε,
650 2111 708 2140 viii
724 2112 766 2149 46
782 2109 948 2147 συμμένοι
962 2109 1004 2139 68
1022 2107 1095 2138 οὔτε
1112 2107 1275 2156 γενοίμην,
1291 2116 1314 2136 x
1332 2116 1367 2136 11
1387 2105 1566 2146 καταλύσῃ,

242 2156 299 2186 xiv
316 2166 332 2193 4
352 2154 483 2185 τούτους
502 2155 665 2194 πολεμεῖν,
684 2155 741 2184 xiv
761 2163 804 2193 39
825 2153 881 2183 οὐκ
902 2151 940 2182 ἂν
962 2151 1119 2191 ποιήσετε
1139 2149 1219 2180 xviii
1246 2151 1304 2188 178
1325 2148 1345 2180 ἂ
1367 2149 1566 2188 βουλώμεθα,

242 2200 302 2230 xix
320 2208 379 2248 341
402 2198 441 2229 ἂν
462 2222 469 2230 .
491 2222 497 2228 .
520 2198 732 2236 ποιήσονταςε
756 2206 934 2249 perperam
952 2195 1068 2226 divisis
1090 2193 1230 2234 syllabis
1247 2194 1291 2223 vii
1308 2195 1328 2224 8
1344 2193 1568 2232 ὁμολογοῦμεν

242 2243 291 2282 ὡς,
312 2242 356 2272 vii
374 2253 417 2281 40
439 2241 593 2279 σκέψασθ’
614 2242 653 2272 ὡς
673 2240 722 2281 ἄν,
746 2241 802 2271 viii
824 2250 840 2278 7
862 2239 1016 2280 λέγουσιν
1039 2238 1120 2269 ι’δὶως
1143 2238 1193 2277 (=
1210 2236 1343 2277 λέγουσι
1366 2235 1406 2275 νὴ
1429 2235 1482 2267 Δί’
1499 2236 1564 2276 ὡς),

244 2286 277 2316 xi
302 2286 340 2316 18
358 2289 409 2316 καὶ
432 2286 487 2316 τὰς
507 2284 612 2325 φωνὰς
634 2285 741 2315 αὐτῶν
763 2285 813 2325 (ε
831 2283 880 2314 καὶ
905 2282 945 2313 τὰ
969 2281 1058 2323 σφῶν
1079 2282 1209 2319 αὐτῶν),
1234 2281 1317 2311 xviii
1338 2281 1381 2311 68
1403 2279 1568 2319 ὑπόμνημα

244 2329 395 2370 θεωρουσι
418 2330 467 2368 (=
486 2328 679 2367 ὑπομνήμαθ’
695 2328 800 2369 ὁρῶσι)
806 2351 813 2367 ,
835 2326 913 2357 xviii
940 2336 1001 2366 257
1025 2326 1082 2357 οὐκ
1103 2324 1283 2365 ἀλλαγῆναι
1303 2330 1353 2363 (-
1373 2324 1409 2355 οὗ
1430 2324 1513 2354 καλά
1535 2322 1568 2363 ’γ’

244 2372 284 2412 ἧι
301 2372 345 2407 ἄλ.
396 2373 444 2405 Cf.
465 2372 575 2404 Cobet
593 2373 683 2403 Mtsssc
705 2372 781 2403 Cr'.1!
801 2371 858 2401 viii
876 2381 947 2409 sqq.

884 2425 942 2459 Vlll
