1763 2828
70 124 186 177 [369]
647 121 1131 159 AHMOEGJENOYE
1457 118 1542 172 [m-

145 237 189 278 89
221 228 343 279 φύσει
365 230 499 269 κακῶς
529 225 732 278 ὃιέθηκαν;
773 227 838 266 ίτί
869 225 923 272 ὃ’,·
960 225 1004 265 οὐ
1029 225 1196 277 τριήρεις
1229 226 1453 277 τριακόσιαι
1485 228 1546 267 καὶ

221 295 341 345 σκεύη
368 294 525 336 ταύταις
551 293 612 334 καὶ
644 292 813 347 χρήμαθ’
837 293 928 344 ὑμῖν
953 293 1132 344 περίεστι
1162 292 1224 333 καὶ
1254 292 1459 344 περιέσται
1484 295 1547 334 διὰ

218 361 290 412 τὴν
323 360 514 414 εἰρήνην;’
552 363 649 403 ἴσως
683 360 730 401 ἂν
765 361 879 401 εἴποι.
951 359 1048 412 πρὸς
1080 359 1126 410 δὴ
1161 358 1269 399 ταῦτ’
1302 359 1416 400 ἐκεῖν’
1448 361 1547 411 ὑμᾶς

218 428 521 480 ὑπολαμβάνειν
558 431 627 474 δεῖ,
663 428 724 468 ὅτι
757 427 819 467 καὶ
851 429 899 467 τὰ
934 428 1137 467 Φιλίππου
1169 425 1369 478 πράγματ’
1403 428 1445 467 ἐκ
1477 429 1547 477 τῆς

220 495 374 547 εἰρήνης
401 495 564 548 γέγονεν
591 494 836 547 εὐπορώτερα
860 498 1012 549 πολλῷ,
1041 494 1104 534 καὶ
1130 496 1386 536 κατασκευαῖς
1410 494 1546 535 ὅπλων
1567 514 1584 545 5

221 564 282 603 καὶ
324 563 456 616 χώρας
496 562 558 602 καὶ
596 563 806 614 προσόδων
845 562 884 602 αἲ
926 562 1142 614 γεγόνασιν
1184 561 1318 615 ἐκείνῳ
1359 559 1544 613 μεγάλαι.

144 649 190 684 90
220 631 413 682 γεγόνασι
437 631 478 669 δὲ
506 629 568 669 καὶ
592 629 684 680 ἡμῖν
709 628 826 670 τινές.
886 629 910 679 ἡ
935 628 977 668 δέ
1002 646 1047 681 γε
1072 632 1148 668 τῶν
1167 626 1407 680 πραγμάτων
1429 645 1543 668 κατα-

221 696 341 746 σκευὴ
369 697 430 736 καὶ
460 700 538 736 τῶν
569 695 801 749 συμμάχων,
831 694 879 735 δι’
904 694 951 745 ἣν
981 692 1005 745 ἢ
1035 696 1164 736 αὐτοῖς
1188 692 1211 744 ἢ
1239 699 1320 736 τοῖς
1351 696 1546 747 κρείττοσι

219 764 374 815 τάγαθὰ
415 762 560 805 πάντες
603 761 819 813 κέκτηνται,
858 762 881 813 ἡ
924 764 996 812 μὲν
1037 761 1206 814 ἡμετέρα
1247 761 1429 814 πραθεῖσ’
1469 762 1546 802 ὑπὸ

219 830 368 871 τούτων
393 830 582 870 ἀπόλωλε
607 830 669 869 καὶ
704 829 869 882 γέγονεν
898 828 1080 879 ἀσθενής,
1107 829 1130 878 ἡ
1156 828 1188 869 δ’
1213 830 1362 869 ἐκείνου
1387 831 1546 881 φοβερὰ
1569 846 1608 867 10

221 898 283 937 καὶ
319 897 461 948 μείζων
497 900 649 951 πολλῷ.
722 896 766 936 οὐ
802 895 846 946 δὴ
887 896 1035 936 δίκαιον
1072 895 1206 949 ἐκείνῳ
1242 897 1315 945 μὲν
1351 896 1545 948 ἀμφότερ’

218 963 414 1014 ηὐξῆσθαι
447 965 511 1005 διὰ
543 964 702 1005 τούτους
737 963 799 1003 καὶ
834 964 881 1002 τὰ
917 965 994 1002 τῶν
1031 961 1250 1015 συμμάχων
1288 962 1349 1001 καὶ
1385 963 1433 1001 τὰ
1469 966 1546 1002 τῶν

219 1031 444 1083 προσόδων,
471 1031 495 1072 ἃ
528 1031 560 1071 δ’
594 1031 688 1082 ἡμῖν
723 1030 786 1070 καὶ
822 1030 873 1071 ὣς
905 1028 954 1069 ἂν
986 1029 1163 1082 ὑπῆρχεν
1197 1030 1239 1069 ἐκ
1272 1030 1341 1078 τῆς
1374 1027 1543 1081 εἰρήνης,

71 1099 187 1153 [370]
218 1097 325 1138 ταῦτ’
359 1097 444 1139 ἀνθ’
477 1099 532 1139 ὧν
568 1096 749 1139 ἀπέδοντ’
787 1096 895 1137 αὐτοὶ
930 1096 1175 1149 λογίζεσθαι.
1249 1095 1292 1135 οὐ
1329 1097 1404 1148 γὰρ
1439 1095 1546 1136 ταῦτ’

219 1164 301 1205 ἀντ’
328 1166 488 1206 ἐκείνων
514 1164 691 1218 γέγονεν,
720 1164 808 1205 οὐδὲ
834 1166 988 1204 πολλοῦ
1019 1165 1089 1209 δεῖ,
1117 1163 1224 1202 ἀλλὰ
1248 1165 1370 1202 ταῦτα
1399 1164 1473 1214 μὲν
1499 1161 1546 1213 ἦν
1568 1180 1604 1213 15

218 1232 266 1272 ἂν
303 1233 446 1283 ὁμοίως
481 1232 586 1283 ἡμῖν,
618 1234 749 1273 ἐκεῖνα
786 1233 826 1271 δὲ
864 1231 1016 1272 τούτοις
1052 1230 1100 1270 ἂν
1137 1231 1292 1281 προσῆν
1328 1230 1362 1270 εἰ
1396 1229 1449 1280 μὴ
1482 1231 1546 1270 διὰ

218 1299 389 1341 τούτους.

143 1383 184 1418 91
277 1365 416 1408 ‘'Omos*
446 1365 492 1412 δ’,
521 1364 550 1406 ὦ
576 1366 712 1418 ἄνδρες
737 1365 954 1416 Ἀθηναῖοι,
983 1365 1130 1405 δίκαιον
1157 1362 1281 1414 δήπου
1307 1361 1470 1416 φήσαιτ’
1495 1362 1544 1404 ἂν

219 1432 332 1479 εἶναι,
368 1432 457 1484 μήτ’
496 1434 529 1473 εἰ
567 1434 700 1474 πολλὰ
738 1433 799 1472 καὶ
835 1433 943 1472 δεινὰ
978 1432 1025 1471 τὰ
1063 1429 1335 1482 συμβεβηκότ’
1370 1431 1459 1471 ε’στὶ
1495 1435 1544 1487 τῇ

218 1500 346 1545 πόλει,
373 1500 539 1550 μηδενὸς
565 1499 597 1539 δ’
618 1500 814 1552 Αἰσχίνης
839 1500 961 1540 αἴτιος
986 1498 1148 1542 τούτων,
1171 1498 1225 1539 εἰς
1249 1500 1385 1537 τοῦτον
1411 1498 1543 1537 ἐλθεῖν
1565 1513 1604 1535 20

173 1594 176 1596 -
217 1566 289 1616 τὴν
324 1565 457 1618 ὀργήν,
495 1565 584 1617 μήτ’
615 1568 651 1606 εἴ
684 1582 720 1605 τι
757 1568 834 1605 τῶν
870 1565 1040 1605 δεόντων
1075 1563 1294 1615 πέπρακται
1330 1562 1379 1603 δι’
1415 1562 1542 1603 ἄλλον

217 1632 316 1680 τινά,
343 1636 457 1673 τοῦτο
484 1636 616 1672 σῶσαι
641 1633 808 1672 τουτονί·
847 1630 937 1671 ἀλλ’
965 1631 1073 1670 ὅσων
1099 1630 1211 1671 οὗτος
1237 1630 1358 1670 αἴτιος
1384 1628 1539 1681 σκεψά-

215 1716 327 1750 μενοι
354 1701 415 1741 καὶ
444 1699 572 1753 χάριν,
600 1699 649 1739 ἂν
679 1698 823 1748 ταύτης
853 1697 960 1747 ἄξιος
988 1696 1026 1753 ᾗ,
1056 1698 1118 1737 καὶ
1148 1696 1378 1737 τούναντίον
1402 1695 1538 1747 ὀργήν,

140 1782 184 1817 92
216 1766 264 1807 ἂν
295 1770 456 1807 τοιαῦτα
489 1768 689 1819 φαίνηται,
722 1767 914 1806 ποιεῖσθε.
986 1767 1067 1805 πῶς
1100 1763 1168 1804 οὖν
1202 1762 1390 1815 εὑρήσετε
1421 1765 1542 1802 ταῦτα

216 1835 392 1881 δικαίως,·
431 1835 499 1874 ἐὰν
531 1833 582 1885 μὴ
618 1832 733 1874 πάνθ’
767 1831 831 1883 ἅμ’
863 1832 953 1871 ἐᾶτε
985 1830 1190 1883 ταράττειν
1225 1829 1356 1875 αὐτόν,
1384 1830 1432 1868 τὰ
1464 1832 1541 1869 τῶν
1563 1845 1601 1877 25

217 1904 449 1954 στρατηγῶν
491 1899 721 1951 ἀδικήματα,
760 1898 827 1939 τὸν
869 1899 1048 1949 πόλεμον
1083 1897 1151 1938 τὸν
1188 1897 1284 1949 πρὸς
1321 1897 1538 1943 Φίλιππον,

215 1967 317 2008 τάπὸ
346 1970 415 2018 τῆς
445 1966 599 2020 εἰρήνης
628 1965 768 2019 ἀγαθά,
798 1965 888 2006 ἀλλ’
916 1966 1085 2006 ἕκαστον
1112 1963 1176 2017 ἐφ’
1201 1965 1320 2004 αὑτοῦ
1351 1965 1538 2013 σκοπῆτε.

216 2036 312 2082 οἷον,
347 2034 394 2085 ῆν
427 2035 519 2086 ἡμῖν
555 2035 729 2085 πόλεμος
766 2033 862 2085 πρὸς
895 2033 1118 2078 Φίλιππον;
1157 2030 1216 2081 ἦν.
1288 2029 1440 2071 ἐνταῦθ’
1473 2031 1538 2082 ἐγ-

216 2105 332 2143 καλεῖ
364 2119 423 2144 τις
455 2102 648 2158 Αἰσχίνῃ;
687 2100 882 2151 βούλεταί
915 2116 973 2141 τις
1008 2099 1147 2140 τούτου
1184 2101 1415 2151 κατηγορεῖν
1451 2097 1539 2148 περὶ

214 2172 292 2210 τῶν
327 2170 371 2210 ἐν
406 2173 458 2224 τῷ
496 2168 658 2224 πολέμῳ
695 2166 972 2220 πραχθέντων;
1012 2166 1100 2206 οὐδὲ
1137 2166 1203 2207 εἷς.
1275 2164 1414 2205 οὐκοῦν
1451 2163 1539 2215 περὶ
1560 2179 1601 2209 30

256 2280 277 2309 6
301 2280 420 2321 χώραις
438 2278 468 2309 Ο
551 2277 719 2318 προσόδοις
735 2276 765 2306 Α
883 2285 921 2315 13
946 2275 965 2307 ἃ
982 2275 1008 2307 δ’
1026 2275 1100 2316 ἡμῖν
1118 2274 1144 2305 F
1158 2285 1217 2316 yp:
1245 2273 1264 2305 ἃ
1280 2272 1306 2305 δ’
1325 2274 1396 2312 ὑμῖν
1413 2271 1436 2303 S
1449 2270 1538 2304 LY:

214 2323 288 2362 ἡμῖν
306 2323 340 2355 δὲ
358 2323 377 2355 ἃ
393 2323 481 2361 vulg.
496 2334 502 2354 ε
528 2324 600 2362 ὑμῖν
616 2322 642 2354 δ’
661 2322 680 2353 ἃ
696 2321 727 2351 Α
843 2321 894 2352 καὶ
912 2321 951 2352 ὣς
969 2318 1068 2350 Blass
1085 2323 1223 2349 auctore
1240 2316 1389 2348 Weilioz
1415 2316 1540 2348 δικαίως

215 2367 311 2397 codd.
495 2377 531 2404 14
558 2366 646 2397 αὐτοὶ
665 2365 688 2395 S
701 2364 731 2394 Y
747 2375 754 2393 ε
788 2362 874 2396 οὗτοι
895 2363 919 2393 L
938 2363 1026 2402 vulg.
1204 2372 1244 2399 24
1268 2361 1446 2397 πεποιηκὼς
1463 2365 1540 2398 post

216 2409 365 2451 φαίνηται
382 2409 458 2442 add.
479 2409 505 2440 L
523 2409 611 2448 vulg.
628 2419 635 2439 ς
660 2417 723 2439 om.
745 2407 811 2438 SA
943 2416 982 2446 25
1007 2404 1193 2447 ταράττειν]
1212 2403 1364 2446 πράττειν
1382 2402 1448 2441 SQ
