1763 2828
145 146 256 202 [234]

147 486 256 541 [²35]

212 553 256 587 29

202 1466 248 1500 30

720 146 1205 185 ΔΙΙΜΟΣΘΕΝΟΎΣ
1495 142 1616 196 [Χνιιι

288 248 545 303 συμφέροντα
563 251 631 301 τῆς
656 251 810 293 πόλεως
831 250 910 291 ἔδει
928 267 975 301 με
996 249 1226 302 φυλάττειν,
1247 251 1296 289 τὰ
1319 249 1352 289 δ’
1372 250 1459 297 ὅλα,
1481 250 1619 303 ὥσπερ

755 316 837 331 ‘nl

286 316 405 364 οὗτοι,
424 317 684 370 πεπρακέναι,·
723 335 768 358 ου
792 332 929 368 οηπου.
985 316 1082 369 λέγε
1106 318 1237 358 τοίνυν
1261 334 1328 368 μοι
1351 316 1396 357 τὸ
1421 315 1619 371 ψήφισμα

286 385 394 426 τουτὶ
415 385 571 437 λαβών,
598 384 618 425 ὃ
645 388 787 438 σαφῶς
812 384 924 427 οὗτος
951 385 1062 426 εἰδὼς
1087 383 1258 437 παρέβη.

677 532 867 561 ΨΗΦΙΣΜΑ
899 533 954 560 ΔΗ
961 531 1223 562 ΜΟΣΘΕΝΟΥΣ.

340 603 437 657 [Ἐπὶ
457 607 634 657 ἄρχοντος
649 607 908 655 Μνησιφίλου,
927 607 1224 656 ἑκατομβαιῶνος
1241 606 1302 656 ἕνῃ
1324 605 1384 643 καὶ
1403 606 1477 656 νέᾳ,
1494 608 1618 656 φυλῆς

284 662 582 710 πρυτανευούσης
602 660 852 705 Πανδιονίδος,
870 661 1116 711 Δημοσθένης
1134 660 1400 710 Δημοσθένους
1421 662 1617 702 Παιανιεὺς

285 714 394 754 εἶπεν·
437 715 560 763 ἐπειδὴ
592 714 778 755 Φίλιππος
804 716 1033 756 ἀποστείλας
1063 716 1243 764 πρέσβεις
1270 715 1353 764 περὶ
1383 716 1447 763 τῆς
1474 716 1616 765 εἰρήνης

284 769 583 821 ὁμολογουμένας
606 770 802 818 πεποίηται
825 769 1022 819 συνθήκας,
1053 769 1224 821 δεδόχθαι
1252 770 1299 820 τῇ
1321 770 1449 820 βουλῇ
1478 770 1538 807 καὶ
1565 773 1616 821 τῷ

283 823 385 875 δήμῳ
405 827 454 874 τῷ
474 822 689 872 Ἀθηναίων,
707 824 804 864 ὅπως
824 822 905 873 ἂνὴ
922 824 1046 873 εἰρήνη
1063 823 1287 874 ἐπιτελεσθῇ
1306 824 1329 872 ἡ
1351 826 1615 875 ἐπιχειροτονη-

283 878 391 916 θεῖσα
430 880 468 916 ἐν
504 880 552 928 τῇ
588 878 713 928 πρώτῃ
752 879 945 928 ἐκκλησίᾳ,
983 879 1165 927 πρέσβεις
1203 877 1357 916 ἑλέσθαι
1391 881 1430 915 ἐκ
1468 879 1615 916 πάντων

282 931 486 981 Ἀθηναίων
498 932 568 981 ἤδη
583 933 702 976 πέντε,
716 932 800 972 τοὺς
820 932 858 970 δὲ
877 932 1200 984 χειροτονηθέντας
1217 931 1420 981 ἀποδημεῖν
1433 932 1615 981 μηδεμίαν

281 987 497 1036 ὑπερβολὴν
525 987 774 1035 ποιουμένους,
797 986 889 1024 ὅπου
919 986 964 1025 ἂν
993 987 1080 1025 ὄντα
1108 986 1360 1025 πυνθάνωνται
1387 987 1452 1025 τὸν
1480 987 1614 1025 Φίλιπ-

280 1058 360 1088 πον,
400 1042 460 1079 καὶ
492 1041 574 1081 τοὺς
613 1041 742 1090 ὅρκους
779 1042 915 1090 λαβεῖν
947 1058 986 1079 τε
1024 1040 1109 1091 παρ’
1142 1042 1254 1079 αὑτοῦ
1294 1041 1352 1078 καὶ
1386 1040 1509 1078 δοῦναι
1546 1041 1614 1090 τὴν

279 1095 463 1145 ταχίστην
498 1096 557 1133 ἐπὶ
594 1098 672 1135 ταῖς
709 1096 1013 1147 ὡμολογημέναις
1052 1095 1251 1144 συνθήκαις
1289 1097 1385 1146 αὐτῷ
1422 1095 1513 1144 πρὸς
1549 1096 1614 1133 τὸν

280 1147 487 1198 Ἀθηναίων
510 1150 637 1199 δῆμον,
662 1151 1092 1199 συμπεριλαμβάνοντας
1119 1150 1178 1188 καὶ
1203 1150 1286 1189 τοὺς
1314 1150 1492 1199 ἑκατέρων
1517 1166 1612 1199 συμ-

278 1205 431 1254 μάχους.
489 1205 670 1254 πρέσβεις
696 1203 884 1255 ᾑρέθησαν
904 1205 1101 1253 Εὔβουλος
1120 1203 1408 1252 Ἀναφλύστιος,
1431 1204 1613 1255 Αἰσχίνης

281 1258 505 1308 Κοθωκίδης,
522 1261 766 1308 Κηφισοφῶν
780 1257 1035 1309 Ῥαμνούσιος,
1050 1259 1296 1309 Δημοκράτης
1311 1259 1464 1304 Φλυεύς,
1480 1259 1613 1297 Κλέων

280 1312 522 1365 Κοθωκίδης]

343 1454 477 1492 Ταῦτα
509 1451 740 1504 γράψαντος
773 1453 867 1503 ἐμοῦ
898 1452 987 1492 τότε
1023 1452 1084 1492 καὶ
1114 1450 1158 1491 τὸ
1183 1456 1232 1508 τῇ
1257 1451 1374 1492 πόλει
1403 1450 1608 1504 συμφέρον

277 1519 321 1559 οὐ
345 1518 389 1557 τὸ
415 1520 604 1573 Φιλίππῳ
633 1519 849 1569 ζητοῦντος,
877 1518 1012 1571 βραχὺ
1043 1518 1333 1570 φροντίσαντες
1369 1519 1405 1559 οἱ
1437 1519 1607 1572 χρηστοὶ

276 1584 470 1636 πρέσβεις
507 1585 614 1626 οὗτοι
649 1584 805 1636 καθῆντ’
839 1586 881 1626 ἐν
917 1586 1145 1639 Μακεδονίᾳ
1180 1588 1282 1637 τρεῖς
1317 1585 1433 1626 ὅλους
1465 1587 1603 1636 μῆνας,

276 1651 348 1694 ἕως
386 1651 484 1702 ἤλθε
520 1653 723 1693 Φίλιππος
763 1653 805 1691 ἐκ
846 1650 1001 1706 Θρᾴκης
1042 1650 1171 1692 πάντα
1211 1651 1603 1704 καταστρεψάμενος,

275 1716 365 1768 ἐξὸν
395 1719 549 1770 ἡμερῶν
582 1718 686 1764 δέκα,
714 1713 919 1769 ΤὁμοίωςῨ
945 1720 987 1759 δὲ
1019 1721 1137 1769 τριῶν
1165 1715 1189 1768 ἢ
1215 1717 1422 1770 τεττάρων,
1450 1720 1505 1760 εἰς
1535 1718 1605 1760 τὸν

273 1783 582 1835 Ἑλλήσποντον
607 1785 779 1838 ἀφῖχθαι
805 1786 867 1826 καὶ
893 1786 941 1824 τὰ
965 1786 1091 1838 χωρία
1122 1788 1264 1832 σῶσαι,
1286 1786 1490 1836 λαβόντας
1519 1785 1604 1828 τοὺς

274 1851 411 1902 ὅρκους
436 1852 527 1904 πρὶν
552 1853 702 1892 ἐκεῖνον
729 1850 883 1902 ἐξελεῖν
918 1851 1030 1893 αὐτά·
1072 1851 1117 1891 οὐ
1150 1853 1224 1904 γὰρ
1251 1851 1299 1892 ἂν
1328 1851 1451 1905 ἥψατ’
1476 1852 1605 1894 αὐτῶν

274 1919 479 1969 παρόντων
520 1919 642 1970 ἡμῶν,
687 1915 710 1968 ἢ
754 1919 821 1960 οὐκ
865 1918 912 1959 ἂν
958 1919 1171 1970 ὡρκίζομεν
1214 1918 1345 1965 αὐτόν,
1389 1918 1495 1959 ὥστε
1534 1921 1604 1970 τῆς

274 1983 429 2036 εἰρήνης
454 1985 502 2026 ἂν
533 1984 784 2037 διημαρτήκει
818 1985 880 2025 καὶ
911 1984 978 2025 οὐκ
1012 1983 1060 2025 ἂν
1093 1985 1284 2038 ἀμφότερ’
1310 1985 1408 2039 εἶχε,
1437 1985 1499 2025 καὶ
1532 1985 1604 2036 τὴν

273 2050 432 2103 εἰρήνην
457 2052 519 2093 καὶ
543 2053 591 2092 τὰ
615 2053 754 2106 χωρία.

339 2117 396 2158 Τὸ
420 2121 493 2170 μὲν
523 2119 654 2160 τοίνυν
686 2120 728 2160 ἐν
759 2124 806 2174 τῇ
838 2120 1038 2172 πρεσβείᾳ
1063 2122 1219 2170 πρῶτον
1245 2118 1400 2169 κλέμμα
1430 2120 1501 2169 μὲν
1527 2121 1599 2159 Φι-

318 2237 332 2257 1
352 2227 558 2270 συμφέροντα
570 2227 649 2259 secl.
664 2227 760 2258 Blass
851 2227 1058 2269 συμφέροντα
1073 2231 1131 2266 τῆς
1149 2227 1273 2259 πόλεως
1291 2227 1369 2258 secl.
1383 2226 1424 2257 A.
1437 2226 1602 2257 Schaeser

275 2279 313 2300 12
349 2272 536 2313 ὑπερβολὴν
567 2270 713 2302 S1L1F:
752 2272 919 2309 ἀναβολὴν
949 2271 981 2302 Α
1012 2271 1101 2310 vulg.
1308 2280 1344 2309 17
1386 2269 1600 2310 Κηφισοφῶν]

273 2319 447 2355 Κτησιφῶν
463 2315 505 2346 al.
670 2324 711 2344 22
735 2315 776 2345 τὰ
792 2316 861 2345 ἐκεῖ
875 2315 963 2353 (Sive
980 2315 1086 2353 τάκεῖ)
1105 2315 1179 2345 add.
1199 2318 1280 2345 ante
1297 2312 1600 2354 καταστρεψάμενος

272 2356 297 2387 S
315 2367 400 2388 corr.
421 2358 447 2388 L
459 2358 509 2389 A:
536 2363 611 2397 post
627 2357 928 2399 καταστρεψάμενος
946 2357 971 2387 F
987 2369 994 2388 :
1018 2368 1083 2388 om.
1103 2357 1141 2389 5ι
1262 2366 1304 2395 23
1329 2356 1441 2395 ὁμοίως
1459 2356 1483 2386 S
1498 2355 1577 2386 L¹A
1593 2366 1600 2386 ε

272 2400 474 2473 ἒσωςΙΒῙειιεε,
495 2401 614 2432 nescio
630 2411 672 2432 an
691 2405 796 2439 recte,
814 2400 890 2432 coll.
910 2400 1015 2432 schol.
1036 2401 1079 2432 ad
1104 2403 1119 2439 5
1142 2409 1179 2439 17
1196 2399 1289 2441 ἴσως]
1307 2399 1442 2439 hunicus:
1472 2402 1600 2439 μᾶλλον

313 2452 356 2474 vu
370 2453 401 2483 g.

1637 622 1654 653 5

1638 896 1676 918 10

1635 1165 1672 1197 15

1629 1538 1669 1561 20

1625 1866 1664 1899 25
