1747 2844
186 111 273 165 xlx]
411 117 553 154 ΠΕΡΙ
600 117 722 154 ΤΗΣ
770 116 1290 155 ΠΑΡΑΠΡΕΣΒΕΙΑΣ
1539 118 1648 173 [377]

186 219 316 269 πολλὴ
348 219 496 270 πρόνοι’
521 220 618 270 ὑπὲρ
642 218 911 270 Φιλοκράτους
942 219 1055 268 affirm·
1095 218 1136 260 ὃς
1167 220 1200 258 εἰ
1231 220 1278 258 τὰ
1308 219 1505 260 κάλλιστα

186 287 247 326 καὶ
281 285 410 326 πάντα
442 288 489 325 τὰ
523 284 763 337 συμφέροντ’
789 284 1114 336 ἐπεπρεσβεύκει,
1142 283 1322 338 χρήματα
1348 286 1380 324 δ’
1407 287 1504 337 ὡμο-

183 353 296 404 λόγει
324 356 470 403 λαβεῖν
495 354 537 392 ἐκ
561 354 629 402 τῆς
659 352 890 403 πρεσβείας,
917 351 1053 403 ὥσπερ
1084 351 1292 404 ὡμολόγει,
1321 353 1437 391 τοῦτο’
1469 353 1504 404 γ’

184 418 277 458 αὐτὸ
316 423 459 471 φυγεῖν
507 418 569 458 καὶ
609 420 919 468 διευλαβηθῆναι
959 421 1011 472 τῷ
1054 422 1196 470 προῖκα
1237 419 1505 469 πρεσβεύοντι

145 502 162 533 5
184 488 372 536 προσῆκε,
413 485 476 525 καὶ
514 484 843 536 διαμαρτύρεσθαι
880 483 925 524 τὸ
964 483 1049 524 καθ’
1087 485 1219 524 αὐτόν.
1291 485 1335 524 οὐ
1374 487 1506 526 τοίνυν

183 553 373 602 πεποίηκε
405 551 508 591 τοῦτ’
541 552 749 604 Αἰσχίνης.
820 550 923 590 ταῦτ’
956 551 1000 590 οὐ
1033 550 1184 603 φανέρ’,
1217 550 1354 603 ἄνδρες
1385 551 1501 602 Ἀθη-

182 622 303 664 ναῖοι;
342 617 447 657 ταῦτ’
480 618 569 670 οὐχὶ
599 622 682 672 βοᾷ
714 618 776 658 καὶ
808 616 919 669 λέγει
952 618 1011 658 ὅτι
1043 616 1213 670 χρήματ’
1243 619 1411 670 εἴληφεν
1437 620 1503 659 Αἰ-

182 685 326 737 σχίνης
356 685 416 725 καὶ
446 685 614 736 πονηρός
643 685 755 724 ἐστιν
787 684 972 736 ἀργυρίου
1005 688 1196 737 συνεχῶς,
1224 684 1267 724 οὐ
1300 684 1348 725 δι’
1376 685 1499 735 ἀβελ-

180 752 312 802 τερίαν
337 750 424 791 οὐδὲ
450 750 499 791 δι’
524 750 701 803 ἄγνοιαν,
729 749 808 790 οὐδ’
835 751 1144 803 ἀποτυγχάνων;

122 832 161 855 10
249 818 324 858 Καὶ
357 818 415 859 τίς
447 834 519 868 μου
551 821 846 869 καταμαρτυρεῖ,
876 816 1012 869 φήσει,
1044 821 1148 869 δῶρα
1180 821 1345 868 λαβεῖν;
1372 815 1501 869 [τοῦτο
1537 833 1601 858 120

180 883 254 935 γάρ
275 885 363 924 ἐστι
387 883 429 923 τὸ
454 882 665 936 λαμπρόνῙ.
725 886 773 923 τὰ
799 883 1007 935 πράγματ’,
1031 886 1217 938 Αἰσχίνη,
1241 884 1339 935 ἅπερ
1360 886 1498 924 πιστό-

180 950 262 990 τατ’
291 951 401 991 ἐστὶν
426 950 623 997 ἁπάντων,
653 951 715 991 καὶ
739 951 807 990 οὐκ
834 950 962 990 ἔνεστ’
988 952 1114 991 εἰπεῖν
1138 950 1217 990 οὐδ’
1242 950 1500 991 αἰτιάσασθαι

180 1016 232 1058 ὡς
257 1014 279 1066 ἢ
301 1016 533 1068 πεπεισμέν’
553 1013 576 1066 ἢ
601 1016 839 1069 χαριζόμενά
863 1015 915 1071 τῴ
937 1019 1026 1057 ἐστι
1050 1021 1222 1063 τοιαῦτα,
1249 1016 1342 1057 ἀλλ’
1363 1017 1500 1069 οἷάπερ

179 1083 276 1122 αὐτὰ
301 1085 468 1135 προδοὺς
502 1083 564 1123 καὶ
597 1085 827 1136 διαφθείρας
860 1082 911 1123 σὺ
943 1085 1170 1134 πεποίηκας,
1198 1083 1340 1124 τοιαῦτ’
1367 1083 1499 1134 ἑξετα-
1533 1083 1649 1139 [378]

120 1162 157 1194 15
180 1150 321 1199 ζόμενα
357 1151 553 1202 φαίνεται.
625 1150 721 1202 πρὸς
758 1151 799 1190 δὲ
831 1153 913 1191 τοῖς
947 1149 1177 1202 πράγμασιν
1213 1150 1327 1192 αὐτὸς
1364 1151 1501 1192 αὐτίκα

178 1215 222 1265 δὴ
267 1216 318 1257 σὺ
360 1220 519 1257 σαυτοῦ.
587 1217 797 1269 ἀπόκριναι
837 1218 912 1268 γὰρ
954 1216 1054 1268 δεῦρ’
1092 1216 1267 1259 ἀναστάς
1305 1234 1383 1267 μοι.
1455 1217 1498 1257 οὐ

177 1284 251 1334 γὰρ
277 1282 321 1333 δὴ
352 1283 399 1323 δι’
427 1284 606 1334 ἀπειρίαν
635 1283 672 1334 γ’
697 1284 741 1324 οὐ
767 1281 911 1335 φήσεις
940 1283 1048 1336 ἔχειν
1073 1285 1095 1323 ὅ
1122 1300 1160 1324 τι
1190 1285 1313 1339 εἴπῃς·
1350 1283 1393 1325 ὃς
1423 1286 1498 1336 γὰρ

175 1349 330 1401 ἀγῶνας
367 1350 520 1392 καινοὺς
556 1350 690 1401 ὥσπερ
725 1349 912 1401 δράματα,
947 1350 1010 1390 καὶ
1044 1350 1205 1391 τούτους
1241 1350 1496 1402 ἀμαρτύρους,

175 1416 271 1467 πρὸς
297 1416 654 1468 διαμεμετρημένην
680 1416 749 1467 τὴν
773 1415 921 1467 ἡμέραν
947 1418 1068 1468 αἱρεῖς
1100 1417 1263 1463 διώκων,
1291 1419 1413 1467 δῆλον
1437 1418 1498 1457 ὅτι

116 1501 155 1522 20
174 1482 379 1524 πάνδεινος
404 1483 440 1524 εἶ
461 1500 530 1525 τις.

240 1552 413 1590 Πολλῶν
454 1551 586 1590 τοίνυν
630 1550 691 1590 καὶ
739 1551 876 1590 δεινῶν
925 1551 1050 1590 ὄντων
1092 1553 1169 1590 τῶν
1211 1549 1495 1602 πεπραγμένων
1532 1565 1592 1592 121

173 1617 348 1672 Αἰσχίνῃ
381 1618 532 1671 τουτῳί,
566 1618 626 1658 καὶ
657 1615 813 1666 πολλὴν
843 1617 981 1657 κακίαν
1015 1617 1204 1669 ἐχόντων,
1233 1616 1284 1659 ὡς
1316 1616 1377 1656 καὶ
1406 1618 1496 1668 ὑμῖν

172 1683 302 1733 οἴομαι
327 1686 466 1729 δοκεῖν,
494 1683 607 1724 οὐδέν
631 1685 741 1724 ἐστιν
766 1683 810 1723 οὗ
834 1683 970 1734 μέλλω
1000 1683 1147 1735 λέγειν,
1175 1684 1224 1726 ὡς
1254 1684 1333 1735 ἐγὼ
1364 1684 1493 1734 κρίνω,

172 1749 405 1801 δεινότερον,
433 1749 512 1789 οὐδ’
538 1751 560 1789 ὅ
584 1767 621 1790 τι
652 1753 809 1800 μᾶλλον
835 1749 894 1790 ἐπ’
921 1750 1137 1804 αὐτοφώρῳ
1171 1749 1494 1802 δεδωροδοκηκότ’

112 1831 150 1864 ²5
171 1815 289 1856 αὐτὸν
327 1816 389 1856 καὶ
424 1818 652 1868 πεπρακότα
687 1815 800 1857 πάντ’
831 1814 1046 1868 ἐξελέγξει.
1117 1816 1250 1866 ἐπειδὴ
1287 1818 1362 1868 γὰρ
1398 1817 1492 1857 ἀπε-

171 1881 354 1922 στέλλετ’
381 1882 489 1923 αὖθις
515 1884 562 1924 αὗ
591 1883 635 1923 τὸ
665 1883 796 1934 τρίτον
830 1882 919 1925 τοὺς
948 1883 1142 1935 πρέσβεις
1172 1883 1223 1925 ὡς
1253 1883 1321 1923 τὸν
1347 1884 1492 1923 Φίλιπ-

212 2001 232 2028 3
257 1989 416 2031 ὡμολόγει
435 1990 458 2021 S
473 1991 498 2020 L
514 1990 602 2029 vulg.
622 2003 628 2021 2
652 1993 808 2031 ὁμολογεῖ
820 1992 861 2022 al.
1039 2000 1058 2030 5
1084 1990 1345 2032 διαμαρτύρεσθαι
1364 1990 1429 2021 SY
1441 1991 1471 2029 Q
1487 2002 1493 2020 :

168 2033 433 2075 διαμαρτύρασθαι
453 2034 478 2064 L
496 2034 582 2073 vulg.
774 2045 813 2064 10
837 2035 935 2075 φήσει
954 2036 977 2065 S
989 2034 1017 2065 B
1035 2045 1138 2074 marg.
1158 2046 1164 2064 ε
1190 2035 1271 2075 φησί
1288 2034 1314 2063 L
1331 2034 1434 2073 vulg„
1453 2035 1492 2064 cf.

170 2079 207 2113 ἐξ
226 2087 279 2116 31,
297 2087 339 2116 93
487 2080 569 2118 δῶρα
585 2080 702 2114 λαβεῖν
718 2088 781 2108 om.
803 2078 868 2116 FQ
884 2089 890 2108 :
926 2079 1060 2117 punctis
1078 2078 1207 2108 notavit
1224 2077 1250 2107 L
1266 2088 1273 2107 ε
1309 2077 1372 2107 del.
1394 2077 1493 2108 Blass

171 2129 271 2150 10-11
314 2123 410 2152 τοῦτο
436 2145 442 2151 .
471 2145 478 2151 .
505 2144 511 2151 .
541 2121 687 2162 λαμπρόν
719 2121 800 2152 secl.
836 2121 970 2152 Dobree
1002 2127 1037 2152 ut
1070 2121 1273 2160 interpolata
1304 2131 1346 2150 ex
1381 2124 1396 2158 ᾗ
1430 2131 1493 2159 279

170 2173 206 2202 13
230 2163 423 2205 χαριζόμενα
439 2166 458 2202 ἢ
476 2164 674 2204 πεπεισμένα
688 2163 719 2194 Α
907 2167 946 2196 16
971 2170 1047 2205 post
1064 2167 1184 2197 σαυτοῦ
1200 2165 1274 2195 add.
1295 2176 1492 2206 καταμαρτυ-

165 2208 274 2247 ρήσεις
299 2208 325 2237 L
349 2208 437 2247 vulg.
470 2208 493 2238 S
516 2219 586 2249 γρ.;
625 2218 688 2238 om.
718 2208 741 2238 S
765 2208 857 2240 solus
947 2208 1087 2241 ἀναστάς
1111 2209 1206 2239 codd.
1226 2220 1233 2238 2
1268 2207 1346 2238 secl.
1373 2207 1492 2238 Blass:

166 2251 331 2291 παρελθών
350 2250 516 2291 Harpoer.
537 2261 606 2284 S.v.
625 2252 809 2294 Ἀπόκρισις
906 2263 945 2292 19
968 2252 1211 2293 μεμετρημένην
1226 2251 1257 2282 Α
1355 2262 1395 2281 22
1420 2265 1490 2283 του-

165 2294 225 2334 τῳί
243 2294 406 2325 Dindors:
431 2295 535 2335 τούτῳ
553 2295 662 2335 codd.>
680 2295 719 2326 cs.
740 2299 755 2333 ξ
778 2306 810 2325 11
822 2306 833 2326 1
970 2306 1010 2335 25
1036 2297 1087 2327 καὶ
1104 2295 1290 2337 πεπρακότα
1305 2295 1410 2327 πάντα
1426 2305 1489 2325 om.

166 2336 193 2366 Β
209 2348 216 2367 t
241 2339 291 2369 καὶ
309 2338 494 2380 πεπρακότα
511 2349 574 2369 om.
592 2338 634 2377 A,
653 2337 759 2371 πάντα
774 2344 852 2371 ante
870 2340 969 2373 αὐτὸν
985 2340 1095 2380 posito
1190 2338 1409 2372 ἀποστέλλετ’
1427 2338 1451 2370 S
1464 2338 1490 2368 L

165 2379 194 2410 A
208 2392 213 2410 :
241 2382 450 2414 ἀπεστείλατ’
468 2381 556 2422 vulg.
