1747 2844
147 157 232 199 ΧΠ]
424 150 584 187 ’ΥΠΕΡ
633 147 1184 186 ΜΕΓΑΛΟΠΟΛΙΤΩΝ

144 251 262 304 ἔγωγ’
287 252 398 294 ἀδεὲς
426 250 530 292 τοῦθ’
554 251 826 302 ὑπολαμβάνω
854 256 901 307 τῇ
931 251 1059 297 πόλει,
1086 250 1130 289 τὸ
1156 254 1300 301 λαβεῖν
1328 251 1463 303 Μεγά-

144 323 221 367 λην
255 319 373 358 πόλιν
410 319 741 369 Λακεδαιμονίους
775 316 837 358 καὶ
873 316 994 357 πάλιν
1030 315 1219 368 γενέσθαι
1252 317 1464 369 μεγάλους.

145 385 220 435 ὁρῶ
249 386 325 436 γὰρ
353 385 491 427 αὐτοὺς
523 384 585 424 καὶ
612 388 681 425 νῦν
707 383 776 435 οὐχ
807 384 903 435 ὑπὲρ
932 385 1000 422 τοῦ
1028 382 1080 433 μὴ
1112 386 1252 424 παθεῖν
1280 401 1318 424 τι
1348 384 1466 425 κακὸν

146 455 334 501 πολεμεῖν
363 450 627 502 αἱρουμένους,
659 449 750 489 ἀλλ’
776 450 871 501 ὑπὲρ
900 452 967 489 τοῦ
998 449 1242 500 κομίσασθαι
1270 449 1341 500 τὴν
1370 451 1463 501 πρό-

107 534 126 568 5
144 533 257 568 τερον
283 517 407 557 οὖσαν
437 517 567 558 αὐτοῖς
597 516 770 566 δύναμιν·
807 516 862 556 ὧν
887 514 931 561 δ’,
959 514 1014 555 ὅτ’
1041 517 1194 566 ἐκείνην
1220 516 1342 570 εἶχον,
1371 516 1464 568 ὠρέ-

144 600 274 635 γοντο,
302 582 407 624 ταῦθ’
432 584 540 635 ὑμεῖς
569 585 725 634 μᾶλλον
749 583 846 624 ἴσως
874 582 1020 624 εἰδότες
1048 578 1071 632 ἢ
1101 581 1170 635 ’γὼ
1200 583 1392 635 φοβοῖσθ’
1418 583 1466 624 ἂν

144 650 313 692 εἰκότως.

208 715 360 758 Ἡδέως
384 714 417 756 δ’
443 715 490 756 ἃν
515 716 706 767 πυθοίμην
731 719 808 756 τῶν
832 715 1034 767 λεγόντων
1059 715 1120 755 καὶ
1145 715 1234 757 τοὺς
1259 718 1466 767 Θηβαίους

141 785 274 833 μισεῖν
298 783 538 835 φασκόντων
565 783 626 823 καὶ
650 782 740 824 τοὺς
760 783 1103 832 Λακεδαιμονίους,
1131 782 1262 834 πότερ’
1289 782 1466 835 ἑκάτεροι

86 864 124 887 10
141 853 341 900 μισοῦσιν,
370 849 435 891 οὓς
460 849 505 899 δὴ
531 853 731 900 μισοῦσιν,
757 850 854 900 ὑπὲρ
878 849 984 899 ὑμῶν
1011 849 1072 889 καὶ
1101 852 1170 889 τοῦ
1196 849 1466 902 συμφέροντος

142 916 244 966 ὑμῖν,
267 912 289 965 ἢ
310 916 406 967 ὑπὲρ
425 916 744 966 Λακεδαιμονίων
762 917 834 967 μὲν
851 916 1072 965 Θηβαίους,
1093 916 1189 967 ὑπὲρ
1210 917 1250 955 δὲ
1269 917 1466 966 Θηβαίων

145 983 472 1032 Λακεδαιμονίους
498 980 683 1033 ἑκάτεροι.
744 983 776 1021 εἰ
801 983 872 1032 μὲν
898 983 971 1033 γὰρ
996 982 1091 1033 ὑπὲρ
1117 982 1288 1029 ἐκείνων,
1311 982 1463 1023 οὐδετέ-

142 1065 224 1100 ροις
254 1048 304 1090 ὡς
333 1048 583 1099 μαινομένοις
613 1049 820 1088 πείθεσθαι
852 1046 1056 1099 προσήκει·
1099 1049 1133 1090 εἰ
1166 1047 1199 1088 δ’
1228 1049 1324 1101 ὑπὲρ
1355 1050 1464 1100 ὑμῶν

144 1114 335 1166 φήσουσι,
361 1116 401 1155 τί
423 1113 523 1166 πέρα
546 1118 613 1155 τοῦ
639 1117 770 1165 καιροῦ
795 1113 884 1155 τοὺς
909 1113 1061 1165 ἑτέρους
1088 1115 1338 1167 ἐπαίρουσιν,·
1373 1115 1464 1156 ἔστι

85 1195 122 1227 15
144 1180 230 1232 γάρ,
265 1181 352 1221 ἔστι
385 1182 591 1232 Θηβαίους
629 1180 835 1222 ταπεινοὺς
873 1184 998 1222 ποιεῖν
1036 1180 1129 1222 ἄνευ
1167 1185 1235 1221 τοῦ
1270 1184 1461 1223 Λακεδαι-

142 1247 300 1297 μονίους
327 1246 515 1300 ἰσχυροὺς
541 1246 783 1293 καθιστάναι,
805 1248 868 1288 καὶ
893 1247 996 1288 πολύ
1020 1264 1065 1299 γε
1089 1248 1197 1302 ῥᾷον·
1236 1248 1286 1290 ὡς
1310 1248 1357 1295 δ’,
1384 1249 1463 1301 ἐγὼ

143 1312 381 1365 πειράσομαι
410 1312 505 1365 πρὸς
532 1314 630 1364 ὑμᾶς
659 1315 796 1354 εἰπεῖν.
866 1315 983 1364 ἴσμεν
1007 1311 1178 1356 ἅπαντες
1200 1314 1307 1354 τοῦθ’
1331 1315 1393 1355 ὅτι
1415 1316 1464 1355 τὰ

140 1381 212 1430 μὲν
249 1381 378 1420 δίκαια
413 1379 568 1426 πάντες,
607 1381 676 1420 ἐὰν
713 1379 774 1420 καὶ
809 1379 861 1430 μὴ
898 1379 1136 1430 βούλωνται,
1174 1379 1291 1433 μέχρι
1325 1381 1394 1422 τού
1426 1380 1463 1434 γ’

141 1445 399 1498 αἰσχύνονται
420 1445 472 1497 μὴ
499 1445 694 1498 πράττειν,
719 1449 801 1488 τοῖς
825 1445 858 1485 δ’
878 1445 1024 1489 ἀδίκοις
1050 1447 1314 1488 ἐναντιοῦνται
1340 1453 1461 1499 φανε-

83 1526 122 1548 20
139 1515 227 1563 ρῶς,
260 1511 394 1554 ἄλλως
422 1529 463 1553 τε
497 1511 567 1553 κᾶν
595 1529 697 1555 τινες
726 1511 1000 1563 βλάπτωνται·
1039 1513 1102 1553 καὶ
1131 1517 1245 1554 τοῦτο
1274 1515 1461 1565 λυμαινό-

140 1595 258 1628 μενον
294 1578 409 1619 πάνθ’
441 1577 672 1630 εὑρήσομεν,
712 1579 774 1619 καὶ
809 1579 952 1629 ταύτην
986 1579 1113 1632 ἀρχὴν
1147 1581 1273 1621 οὖσαν
1305 1579 1464 1621 πάντων

140 1648 218 1686 τῶν
250 1649 387 1692 κακῶν,
413 1645 457 1685 τὸ
484 1645 536 1697 μὴ
566 1644 710 1686 ’θέλειν
739 1646 787 1685 τὰ
816 1646 944 1686 δίκαια
974 1645 1160 1698 πράττειν
1190 1648 1338 1689 ἁπλῶς.
1400 1648 1464 1688 ἵνα

141 1711 271 1752 τοίνυν
307 1712 358 1763 μὴ
395 1711 498 1753 τοῦτ’
532 1712 714 1763 ἐμποδὼν
748 1711 910 1764 γένηται
946 1716 999 1767 τῷ
1033 1714 1239 1764 Θηβαίους
1276 1712 1464 1766 γενέσθαι

141 1778 313 1829 μικρούς,
350 1780 418 1820 τὰς
454 1780 526 1829 μὲν
562 1779 745 1820 Θεσπιὰς
788 1779 849 1819 καὶ
891 1778 961 1819 τὸν
1003 1778 1250 1833 Ὀρχομενὸν
1293 1780 1355 1820 καὶ
1394 1781 1464 1822 τὰς

83 1856 120 1889 25
143 1845 349 1886 Πλαταιὰς
397 1845 683 1894 κατοικίζεσθαι
730 1848 867 1897 φῶμεν
917 1848 998 1886 δεῖν
1048 1847 1109 1887 καὶ
1151 1845 1463 1898 συμπράττωμεν

142 1909 272 1952 αὐτοῖς
303 1910 365 1951 καὶ
394 1911 482 1953 τοὺς
515 1911 661 1953 ἄλλους
693 1910 861 1963 ἀξιῶμεν
891 1911 1028 1963 (ταῦτα
1060 1914 1135 1964 γὰρ
1170 1912 1232 1952 καὶ
1265 1914 1367 1953 καλὰ
1401 1912 1463 1953 καὶ

142 1977 281 2023 δίκαια,
311 1976 362 2028 μὴ
397 1980 580 2030 περιορᾶν
612 1979 748 2019 πόλεις
781 1979 947 2032 ἀρχαίας
982 1975 1287 2030 ἐξανεστώσας),
1319 1978 1389 2028 τὴν
1420 1980 1462 2019 δὲ

142 2042 337 2095 Μεγάλην
362 2044 480 2085 πόλιν
506 2044 568 2085 καὶ
596 2044 667 2095 τὴν
697 2045 921 2097 Μεσσήνην
949 2045 999 2097 μὴ
1031 2046 1240 2098 προώμεθα
1267 2049 1348 2086 τοῖς
1378 2045 1459 2085 ἀδι-

142 2113 265 2157 κοῦσι,
291 2109 378 2161 μηδ’
399 2110 463 2151 ἐπὶ
490 2116 537 2168 τῇ
562 2110 763 2164 προφάσει
787 2117 834 2168 τῇ
859 2115 1073 2153 Πλαταιῶν
1094 2112 1156 2153 καὶ
1178 2114 1368 2153 Θεσπιῶν
1392 2113 1462 2153 τὰς

184 2229 203 2257 4
229 2221 381 2259 πολεμεῖν
397 2219 597 2261 αἱρουμένους
615 2219 638 2251 S
653 2219 683 2250 A
700 2231 707 2250 t
735 2220 879 2261 πόλεμον
895 2222 1066 2263 ἀραμένους
1083 2221 1171 2262 vulg.
1308 2221 1462 2263 πρότερον

141 2262 228 2301 vulg.
246 2273 252 2292 :
277 2263 432 2304 προτέραν
449 2263 473 2294 S
489 2275 495 2293 :
520 2263 674 2304 πρότερόν
689 2276 768 2296 ποτε
784 2263 815 2294 Α
931 2276 952 2304 9
976 2271 1051 2305 post
1068 2265 1186 2306 πότερα
1201 2265 1275 2296 add.
1294 2266 1332 2303 δὴ
1349 2264 1436 2304 vulg.
1453 2276 1460 2295 ι

141 2314 205 2335 om.
225 2305 249 2336 S
261 2304 292 2335 A
450 2307 489 2336 16
512 2305 697 2338 καθιστάναι
714 2306 738 2337 S
751 2306 782 2337 A
798 2307 822 2337 F
837 2319 844 2338 ε
868 2309 1059 2341 καθεστάναι
1076 2308 1164 2348 vulg.
1268 2308 1352 2340 πολύ
1368 2308 1392 2339 S
1406 2308 1436 2338 A
1452 2319 1459 2338 :

142 2347 222 2379 πάνυ
237 2349 323 2387 vulg.
449 2350 485 2379 18
509 2349 566 2381 τού
582 2349 768 2382 Feliciana:
794 2364 849 2382 του
868 2351 912 2381 S:
938 2351 1052 2383 τούτου
1069 2352 1155 2391 vulg.
1282 2362 1319 2391 19
1343 2353 1459 2383 ἀδίκοις

144 2390 234 2420 SA:
265 2391 426 2424 ἀδικοῦσιν
449 2392 538 2431 vulg.
698 2403 739 2423 20
769 2394 807 2425 τὸ
831 2399 906 2433 post
929 2398 1026 2426 τοῦτο
1050 2396 1125 2426 add.
1153 2395 1266 2433 vulg.:
1298 2406 1360 2425 om.
1390 2395 1458 2425 SO

143 2441 184 2471 23
207 2436 250 2474 τῷ
269 2434 313 2465 S:
337 2438 382 2476 τῷ
398 2435 470 2467 τοὺς
488 2434 541 2465 Y:
565 2435 602 2467 τὸ
619 2436 691 2468 τοὺς
707 2435 797 2475 vulg.
931 2438 972 2467 26
996 2437 1119 2478 αὐτοῖς]
1138 2439 1227 2470 αὐτοὶ
1245 2437 1411 2469 Feliciana

1499 146 1613 201 [207]

1497 731 1612 838 ἷέοε]

1493 1131 1540 1164 24

1493 1658 1535 1695 25
