1763 2828
158 103 242 159 [58]

150 1799 239 1855 [59]

698 99 1178 140 ΔΗΜΟΣΘΕΝΟΎΣ
1558 96 1598 151 [v

272 207 370 259 μίζω
394 206 426 248 δ’
451 206 610 258 ἄμεινον
635 205 683 247 ἂν
707 206 806 257 ὑμᾶς
832 205 919 258 περὶ
945 206 998 245 ὧν
1025 208 1092 246 νῦν
1120 206 1192 256 ἐρῶ
1214 207 1352 256 κρῖναι,
1377 207 1496 256 μικρὰ
1520 209 1598 246 τῶν

273 274 464 327 πρότερόν
501 290 595 314 ποτε
630 272 827 325 ῥηθέντων
863 271 926 312 ὑπ’
963 273 1059 322 ἐμοῦ
1093 271 1449 323 μνημονεύσαντες.
1520 272 1598 325 ἐγὼ

273 340 360 394 γάρ,
397 338 426 380 ὦ
461 339 596 392 ἄνδρες
629 339 845 390 Ἀθηναῖοι,
880 341 1034 390 πρῶτον
1067 338 1151 389 μέν,
1178 337 1278 388 ἡνίκ’
1305 338 1461 378 ἔπειθόν
1493 354 1598 382 τινες

272 409 383 458 ὑμᾶς,
421 410 498 447 τῶν
535 408 578 447 ἐν
615 405 770 459 Εὐβοία
805 404 1046 457 πραγμάτων
1081 404 1394 458 ταραττομένων,
1431 407 1598 456 βοηθεῖν

275 473 524 527 Πλουτάρχῳ
565 472 625 512 καὶ
661 473 837 522 πόλεμον
873 470 1015 522 ἄδοξον
1051 471 1113 512 καὶ
1149 470 1375 523 δαπανηρὸν
1412 470 1595 523 ἄρασθαι,

274 544 428 592 πρῶτος
464 541 526 579 καὶ
561 539 680 589 μόνος
714 539 923 590 παρελθὼν
960 538 1157 584 ἀντεῖπον,
1187 539 1249 578 καὶ
1284 538 1406 589 μόνον
1438 538 1484 578 οὐ
1519 540 1594 579 ὃιε-

275 605 463 656 σπάσθην
487 604 562 646 ὑπὸ
587 608 664 644 τῶν
691 604 755 645 ἐπὶ
788 608 938 656 μικροῖς
962 603 1169 655 λήμμασιν
1193 606 1329 645 πολλὰ
1362 604 1423 644 καὶ
1455 603 1597 656 μεγάλ’

273 675 371 723 ὑμᾶς
412 671 650 723 ἁμαρτάνειν
697 670 935 712 πεισάντων·
975 671 1038 711 καὶ
1079 672 1224 724 χρόνου
1270 670 1449 724 βραχέος
1491 673 1594 711 διελ-

273 740 425 786 θόντος,
450 739 550 789 μετὰ
574 742 642 778 τοῦ
665 741 916 790 προσοφλεῖν
941 738 1136 791 αἰσχύνην
1162 739 1225 778 καὶ
1256 740 1396 778 παθεῖν
1428 738 1491 777 οῖα
1520 741 1598 778 τῶν

274 807 399 846 ὄντων
424 805 639 857 ἀνθρώπων
664 804 818 847 οὐδένες
842 805 1002 845 πώποτε
1027 804 1245 846 πεπόνθασ’
1265 804 1341 845 ὑπὸ
1366 804 1514 844 τούτων
1539 804 1598 846 οἷς

274 871 517 923 ἐβοήθησαν,
551 870 696 913 πάντες
731 872 840 922 ὑμεῖς
876 871 1022 923 ἔγνωτε
1057 870 1129 921 τήν
1164 888 1205 911 τε
1240 875 1318 911 τῶν
1353 871 1442 911 τότε
1477 874 1598 911 ταῦτα

274 938 498 979 πεισάντων
538 940 675 979 κακίαν
713 938 776 978 καὶ
813 940 861 978 τὰ
899 938 1082 988 βέλτιστ’
1120 937 1285 989 εἰρηκότ’
1323 936 1404 987 ἐμέ.
1476 936 1598 977 πάλιν

273 1006 417 1051 τοίνυν,
445 1003 475 1045 ὦ
500 1005 637 1057 ἄνδρες
663 1004 878 1054 Ἀθηναῖοι,
907 1005 1072 1045 κατιδὼν
1098 1005 1382 1055 Νεοπτόλεμον
1407 1003 1476 1045 τὸν
1500 1004 1596 1044 ὑπο-

275 1071 410 1123 κριτὴν
436 1076 488 1126 τῷ
520 1073 593 1123 μὲν
626 1073 695 1121 τῆς
727 1070 870 1124 τέχνης
902 1071 1158 1125 προσχήματι
1189 1069 1425 1124 τυγχάνοντ’
1451 1071 1594 1117 ἀδείας,

274 1140 372 1178 κακὰ
397 1138 430 1178 δ’
450 1138 712 1191 ἐργαζόμενον
736 1139 784 1178 τὰ
808 1137 979 1190 μέγιστα
1003 1138 1074 1188 τὴν
1094 1138 1214 1178 πόλιν
1234 1138 1296 1178 καὶ
1315 1139 1363 1178 τὰ
1382 1136 1471 1190 παρ’
1490 1137 1597 1188 ὑμῶν

272 1207 493 1245 διοικοῦντα
516 1205 704 1259 Φιλίππῳ
737 1204 797 1244 καὶ
830 1205 1131 1257 πρυτανεύοντα,
1158 1204 1367 1256 παρελθὼν
1400 1203 1511 1245 εἷπον
1542 1205 1599 1246 εἷς

271 1272 383 1322 ὑμᾶς,
418 1271 600 1322 οὐδεμιᾶς
631 1271 730 1314 ἰδίας
762 1270 842 1311 οὔτ’
868 1271 1012 1325 ἔχθρας
1045 1272 1134 1312 οὔτε
1168 1271 1434 1324 συκοφαντίας
1467 1271 1595 1317 ἕνεκα,

273 1337 323 1379 ὡς
349 1339 390 1377 ἐκ
415 1342 492 1378 τῶν
515 1339 614 1389 μετὰ
638 1337 743 1378 ταῦτ’
769 1337 895 1390 ἔργων
920 1337 1084 1390 γέγονεν
1109 1340 1243 1388 δῆλον.
1315 1337 1377 1378 καὶ
1404 1336 1530 1378 οὐκέτ’
1555 1339 1598 1378 ἐν

271 1404 422 1445 τούτοις
454 1403 683 1455 αἰτιάσομαι
715 1403 804 1446 τοὺς
835 1405 933 1456 ὑπὲρ
958 1404 1243 1456 Νεοπτολέμου
1275 1404 1469 1456 λέγοντας
1489 1402 1597 1455 (οὐδὲ

272 1471 327 1512 εἷς
352 1473 427 1523 γὰρ
453 1468 526 1521 ἦν),
555 1470 646 1510 ἀλλ’
671 1470 809 1512 αὐτοὺς
835 1471 945 1521 ὑμᾶς·
984 1472 1019 1511 εἰ
1048 1473 1124 1523 γὰρ
1149 1472 1192 1511 ἐν
1219 1471 1418 1511 Διονύσου
1441 1488 1594 1525 τραγῳ-

272 1536 360 1579 δοὺς
379 1538 559 1583 ἐθεᾶσθε,
581 1538 688 1577 ἀλλὰ
712 1537 764 1587 μὴ
785 1538 872 1588 περὶ
898 1539 1094 1590 σωτηρίας
1115 1539 1176 1578 καὶ
1198 1541 1336 1578 κοινῶν
1355 1537 1596 1590 πραγμάτων

271 1602 319 1654 ἧν
355 1605 375 1643 ὁ
410 1604 543 1656 λόγος,
582 1604 651 1645 οὐκ
686 1603 735 1644 ἂν
770 1605 891 1645 οὕτως
926 1604 1006 1644 οὔτ’
1044 1605 1192 1645 ἐκείνου
1229 1604 1325 1656 πρὸς
1361 1604 1479 1658 χάριν
1515 1604 1596 1644 οὔτ’

272 1671 366 1721 ἐμοῦ
390 1670 485 1723 πρὸς
510 1670 726 1724 ἀπέχθειαν
750 1670 958 1720 ἠκούσατε.
1020 1672 1144 1712 καίτοι
1170 1672 1286 1711 τοῦτό
1309 1671 1346 1724 γ’
1365 1672 1463 1722 ὑμᾶς
1488 1671 1596 1721 οἶμαι

271 1741 339 1777 νῦν
365 1737 540 1779 ἅπαντας
564 1736 778 1793 ᾐσθῆσθαι,
805 1738 866 1777 ὅτι
889 1737 960 1787 τὴν
985 1738 1065 1777 τότ’
1091 1737 1229 1790 ἄφιξιν
1264 1740 1318 1780 εἰς
1350 1737 1440 1780 τοὺς
1474 1743 1591 1778 πολε-

269 1804 382 1855 μίους
407 1803 675 1854 ποιησάμενος
707 1804 804 1855 ὑπὲρ
837 1807 906 1843 τοῦ
938 1804 1049 1845 τάκεῖ
1078 1803 1246 1858 χρήματ’
1273 1803 1516 1857 ὀφειλόμεν’,
1545 1804 1596 1845 ὡς

270 1869 361 1922 ἔφη,
384 1871 550 1921 κομίσας
574 1873 685 1922 δεῦρο
709 1873 954 1925 λῃτουργεῖν,
978 1870 1040 1910 καὶ
1061 1871 1184 1925 τούτῳ
1204 1875 1256 1925 τῷ
1281 1872 1390 1925 λόγῳ
1416 1871 1594 1925 πλείστῳ

269 1936 532 1989 χρησάμενος,
561 1936 611 1978 ὡς
644 1936 771 1976 δεινὸν
806 1938 842 1976 εἴ
872 1953 930 1978 τις
963 1939 1127 1989 ἐγκαλεῖ
1157 1941 1238 1979 τοῖς
1272 1939 1422 1978 ἐκεῖθεν
1456 1935 1595 1978 ἐνθάδε

270 2004 338 2044 τὰς
363 2003 544 2055 εὐπορίας
568 2002 748 2055 ἄγουσιν,
770 2003 904 2052 ἐπειδὴ
930 2005 993 2043 διὰ
1017 2003 1089 2053 τὴν
1109 2003 1265 2056 εἰρήνην
1291 2005 1421 2046 ἀδείας
1441 2003 1591 2056 ἔτυχεν,

311 2123 332 2152 4
362 2111 559 2154 πραγμάτων
586 2116 666 2142 ante
693 2110 938 2152 ταραττομένων
965 2110 1096 2142 SAY:
1128 2117 1203 2151 post
1231 2111 1478 2154 ταραττομένων
1502 2111 1590 2151 vulg.

266 2164 288 2194 5
312 2156 440 2196 ἄδοξον]
458 2157 509 2187 καὶ
527 2156 638 2195 ἄδοξον
656 2153 689 2185 S¹
827 2164 863 2183 11
890 2154 966 2186 τότε
983 2155 1059 2186 add.
1081 2155 1124 2186 S:
1150 2166 1214 2186 om.
1233 2160 1311 2187 cett.
1446 2165 1484 2194 15
1509 2158 1594 2195 ὑμῶν

268 2198 311 2229 S:
345 2201 416 2238 ὑμῖν
439 2199 528 2238 vulg.
694 2208 730 2236 17
764 2197 842 2229 ἰδίας
869 2220 874 2226 .
901 2222 907 2228 .
933 2221 940 2229 .
969 2198 1078 2231 ἕνεκεν
1103 2198 1148 2230 S:
1183 2199 1276 2231 ἕνεκα
1300 2222 1306 2228 .
1336 2224 1342 2230 .
1369 2222 1375 2228 .
1405 2199 1482 2230 isias
1511 2203 1588 2229 cett.

267 2251 306 2272 21
357 2244 487 2273 ἐθεᾶσθε
526 2241 557 2272 Α
573 2241 596 2272 S
636 2252 735 2278 corr„
779 2240 967 2272 Herodian.
1008 2252 1040 2281 p.
1079 2243 1164 2281 438:
1212 2242 1388 2274 ἐθεάσασθε
1428 2241 1462 2272 S¹
1502 2242 1591 2280 vulg.

268 2295 308 2323 23
340 2285 500 2322 ἠκούσατε
527 2284 658 2315 SAY:
689 2283 823 2321 ἠκούετε
847 2284 936 2322 vulg.
1116 2295 1156 2323 24
1190 2287 1244 2317 νῦν
1268 2285 1410 2317 ἅπαντας
1433 2286 1592 2327 ᾐσθῆσθαι

269 2328 293 2358 S
311 2328 407 2400 {ulgz
435 2329 632 2401 Ὑιγέῗῦσκειν
653 2327 724 2357 AY
903 2337 943 2365 25
969 2328 1182 2368 ποιησάμενος
1203 2328 1390 2359 Tournier:
1418 2329 1592 2366 ἐποιήσατο

267 2381 309 2402 vu
325 2381 356 2410 g.
371 2383 376 2401 z
401 2381 465 2402 om.

1616 487 1634 519 5

1620 821 1660 844 10

1620 1154 1658 1186 15

1617 1487 1658 1511 20
