1763 2828
685 128 1101 169 PRAEFATIO

218 243 346 296 gitur,
369 248 414 283 ut
437 242 597 283 crebris
619 242 951 295 exceptionibus
974 255 1113 295 paene
1135 244 1343 285 obruatur
1365 244 1513 298 regula
1529 243 1556 285 ¹.

221 310 422 364 Denique
443 313 497 352 de
530 312 718 352 numeris
742 312 942 353 oratoriis
969 312 1073 365 quid
1098 313 1366 354 dicendum?
1427 313 1555 354 Nova

219 381 392 433 quidem
420 380 557 423 multa
580 381 702 422 Blass
725 381 906 434 protulit
930 394 986 421 ex
1013 381 1168 422 intima
1193 382 1251 421 rei
1280 382 1557 435 rhythmicae

218 450 468 504 cognitione
489 451 659 500 hausta,
673 450 746 491 sed
762 451 906 491 nescio
929 464 983 492 an
1007 450 1133 491 huius
1156 451 1381 492 doctrinae
1398 464 1557 493 arcana

218 520 412 560 nondum
449 520 680 572 aperuerit,
718 520 853 560 immo
890 534 995 560 vero
1036 521 1204 573 aperire
1246 534 1376 561 nemo
1407 521 1557 574 possit.

219 588 316 629 Etsi
337 589 452 629 enim
476 588 645 643 periodi
670 589 1036 630 Demosthenicae
1059 596 1276 630 structura
1305 596 1369 630 est
1401 590 1442 630 in
1471 590 1556 644 pri·

219 658 298 698 mis
325 657 571 710 artificiosa,
593 658 741 699 sentiri
766 660 904 712 magis
928 672 1130 700 numeros
1153 667 1260 712 puto
1275 672 1407 712 quam
1431 660 1556 701 celtis

219 726 386 780 legibus
415 727 607 779 defini1·i;
657 741 735 769 nec
760 729 838 768 nisi
858 729 1002 769 textui
1031 729 1073 768 vi
1101 728 1246 769 adlata
1268 729 1338 769 vel
1367 728 1557 770 oratorie

216 797 526 849 pronuntiandi
550 797 746 850 neglecta
774 797 941 838 ratione
967 797 1078 837 effici
1108 803 1253 850 potest
1283 804 1329 838 ut
1356 798 1555 851 rhythmi

217 865 329 906 inter
365 879 410 906 se
443 880 618 919 prorsus
654 867 960 920 respondeant,
993 868 1081 907 sive
1112 867 1307 908 membra
1346 867 1556 908 membris

217 935 425 984 conferas,
463 936 551 975 sive
593 949 708 976 nexu
759 936 949 989 quodam
995 935 1239 990 multiplici,
1281 936 1554 978 choricorum

216 1004 311 1053 ritu,
335 1004 581 1058 implicatas
604 1019 696 1045 esse
719 1005 921 1059 periodos
944 1011 1121 1046 statuas.

276 1073 361 1114 Sed
387 1074 493 1114 haec
517 1074 735 1116 hactenus.
775 1074 1002 1128 Quantum
1023 1076 1065 1114 in
1083 1081 1210 1116 textu
1226 1075 1492 1116 recensendo
1507 1075 1556 1116 iis

216 1143 399 1184 debeam
419 1143 493 1196 qui
516 1143 614 1184 huic
637 1143 834 1197 scriptori
858 1157 1037 1197 operam
1056 1143 1556 1186 dicaverunt—Reiskio

217 1212 419 1254 Bekkero
442 1212 674 1253 Voemelio
702 1213 1071 1254 Dindorfio—vix
1096 1213 1259 1266 possim
1284 1213 1454 1263 referre,
1475 1214 1550 1254 vix

216 1282 319 1335 quid
346 1281 506 1322 Weilio
530 1282 806 1335 potissimum
831 1295 1022 1335 quocum
1054 1282 1144 1335 ipse
1174 1282 1426 1336 saepissime
1456 1297 1555 1324 con—

216 1352 368 1401 sentio,
392 1352 513 1393 cuius
531 1357 651 1392 tanta
675 1358 738 1392 est
762 1351 907 1393 iudicii
930 1351 1144 1404 elegantia
1166 1358 1330 1405 quanta
1345 1352 1387 1391 in
1409 1359 1549 1393 cetera

217 1420 411 1462 Graecae
445 1420 718 1474 antiquitatis
752 1420 999 1474 cognitione
1036 1420 1235 1462 eruditio.
1298 1421 1552 1462 Dobraeum

217 1490 350 1531 etiam
373 1496 415 1530 et
436 1489 665 1538 Cobetum‚
683 1490 798 1530 viros
821 1490 861 1530 in
885 1502 928 1530 re
946 1489 1095 1530 critica
1111 1490 1305 1530 omnium
1328 1490 1552 1543 sagacissi-

217 1572 324 1609 mos,
355 1558 461 1600 libet
495 1559 731 1599 nominare.
795 1557 963 1599 Blassio
998 1559 1199 1612 denique,
1236 1559 1329 1599 viro
1366 1565 1409 1600 et
1447 1559 1552 1600 mihi

214 1628 477 1669 amicissimo
492 1634 534 1668 et
550 1628 705 1669 horum
721 1627 963 1669 studiorum
981 1628 1190 1683 magistro
1208 1641 1255 1669 ac
1273 1640 1413 1681 paene
1429 1641 1551 1682 cory-

214 1698 365 1752 phaeo,
393 1698 654 1752 praecipuae
680 1697 785 1739 mihi
815 1703 959 1752 grates
987 1704 1083 1739 sunt
1111 1697 1318 1750 agendae.
1382 1697 1551 1751 Quodsi

216 1767 272 1808 ab
293 1781 345 1808 eo
369 1768 478 1808 duce
500 1767 672 1821 saepius
690 1767 863 1815 descivi,
889 1768 931 1809 id
953 1767 1023 1808 vel
1040 1767 1132 1821 ipse
1153 1766 1334 1808 fortasse
1351 1779 1550 1820 compro-

214 1837 352 1885 babit,
371 1837 443 1890 qui
466 1837 555 1878 veri
574 1836 898 1878 amantissimus
925 1850 1011 1877 non
1034 1837 1232 1878 docendo
1256 1835 1396 1890 magis
1417 1849 1548 1889 quam

214 1906 472 1947 dedocendo
511 1907 638 1948 nobis
681 1906 843 1961 profuit
886 1913 927 1947 et
974 1906 1141 1947 cautius
1184 1905 1385 1946 euntibus
1426 1918 1549 1958 prae—

214 1976 397 2017 munivit
419 1976 548 2016 viam.
602 1976 706 2017 Non
730 1976 875 2017 omnia
893 1975 1070 2029 quidem
1085 1975 1195 2017 sicut
1209 1989 1235 2016 a
1250 1974 1549 2016 Demosthene

214 2047 375 2100 scripta
407 2052 507 2087 sunt
535 2045 655 2087 salva
693 2046 748 2086 ad
783 2059 861 2086 nos
894 2045 1193 2099 pervenerint3
1226 2044 1442 2098 quidlibet
1472 2045 1547 2085 ad-

257 2188 268 2207 ¹
294 2198 323 2220 e.
336 2198 368 2227 g.
388 2189 437 2228 (ut
454 2187 668 2228 paucissimis
687 2192 763 2218 utar
779 2186 986 2226 exemplis)
979 2197 1010 2216 xv
1029 2197 1045 2225 7
1068 2184 1109 2216 τὰ
1130 2183 1429 2226 κατερρᾳθυμημένα
1450 2182 1547 2214 πάλιν

211 2231 428 2272 ἀναλήψεσθε,
447 2242 490 2281 4².
505 2232 563 2262 τοῦ
579 2230 726 2261 πλείονος
749 2231 939 2270 ὀρεγόμενος
960 2240 1043 2269 ισως,
1062 2230 1094 2260 νί
1117 2239 1159 2268 29
1178 2227 1387 2268 ἀφεστηκότα
1410 2226 1451 2257 τὰ
1470 2227 1546 2258 τότε

211 2273 385 2315 λεγόμενα,
411 2275 491 2305 xviii
516 2284 580 2313 203
605 2274 701 2304 αἰῶνα
726 2273 938 2313 διατετέλεκε,
966 2283 1030 2312 230
1054 2272 1229 2303 ἑπτακόσια
1254 2270 1358 2303 στάδι’
1383 2269 1456 2308 ἀπό,
1482 2281 1546 2311 239

213 2318 300 2357 είπερ
324 2317 494 2356 ἐνεδέχετο
516 2318 609 2357 παρά,
628 2317 687 2348 xix
713 2326 772 2356 154
795 2317 844 2347 διὰ
868 2316 906 2346 τὸ
922 2316 1256 2356 προκατακεχρῆσθαι,
1277 2325 1342 2346 210
1363 2314 1546 2352 ἐπελαμβά-

213 2373 288 2392 νετο
306 2360 368 2401 ’γὰρ
388 2362 486 2400 αὐτῆς
488 2385 496 2401 ,
515 2363 579 2392 226
600 2360 675 2401 πρὸς
697 2359 819 2400 εκάτερ
839 2359 999 2401 αἴσθησιν,
1019 2370 1082 2400 305
1105 2360 1257 2390 Φίλιππον
1279 2358 1458 2397 ἀποκαλῶν,
1478 2359 1543 2396 308

212 2406 311 2437 αυτὸν
326 2405 489 2435 ἀποκαλοΐ
485 2416 565 2434 ντας
554 2419 575 2435 ς.

849 2458 908 2492 xiv
