<?xml version="1.0" encoding="UTF-8"?>
<!DOCTYPE html PUBLIC "-//W3C//DTD XHTML 1.0 Transitional//EN"
    "http://www.w3.org/TR/xhtml1/DTD/xhtml1-transitional.dtd">
<html xmlns="http://www.w3.org/1999/xhtml" xml:lang="en" lang="en">
 <head>
  <title>
</title>
<meta http-equiv="Content-Type" content="text/html;charset=utf-8" />
  <meta name='ocr-system' content='tesseract 3.04.00' />
  <meta name='ocr-capabilities' content='ocr_page ocr_carea ocr_par ocr_line ocrx_word'/>
</head>
<body>
  <div class='ocr_page' id='page_1' title='image "./orationesrecogno01demouoft_0198.png"; bbox 0 0 1763 2828; ppageno 0'>
   <div class='ocr_carea' id='block_1_1' title="bbox 83 108 189 165">
    <p class='ocr_par' dir='ltr' id='par_1_1' title="bbox 83 108 189 165">
     <span class='ocr_line' id='line_1_1' title="bbox 83 108 189 165; baseline 0 -2"><span class='ocrx_word' id='word_1_1' title='bbox 83 108 189 165; x_wconf 84' lang='lat'><strong>[185]</strong></span> 
     </span>
    </p>
   </div>
   <div class='ocr_carea' id='block_1_2' title="bbox 141 291 186 326">
    <p class='ocr_par' dir='ltr' id='par_1_2' title="bbox 141 291 186 326">
     <span class='ocr_line' id='line_1_2' title="bbox 141 291 186 326; baseline 0.022 -1"><span class='ocrx_word' id='word_1_2' title='bbox 141 291 186 326; x_wconf 85' lang='lat'>26</span> 
     </span>
    </p>
   </div>
   <div class='ocr_carea' id='block_1_3' title="bbox 135 835 179 869">
    <p class='ocr_par' dir='ltr' id='par_1_3' title="bbox 135 835 179 869">
     <span class='ocr_line' id='line_1_3' title="bbox 135 835 179 869; baseline 0 0"><span class='ocrx_word' id='word_1_3' title='bbox 135 835 179 869; x_wconf 88' lang='lat'>27</span> 
     </span>
    </p>
   </div>
   <div class='ocr_carea' id='block_1_4' title="bbox 133 1227 176 1262">
    <p class='ocr_par' dir='ltr' id='par_1_4' title="bbox 133 1227 176 1262">
     <span class='ocr_line' id='line_1_4' title="bbox 133 1227 176 1262; baseline 0.023 -1"><span class='ocrx_word' id='word_1_4' title='bbox 133 1227 176 1262; x_wconf 84' lang='lat'>28</span> 
     </span>
    </p>
   </div>
   <div class='ocr_carea' id='block_1_5' title="bbox 65 1489 175 1545">
    <p class='ocr_par' dir='ltr' id='par_1_5' title="bbox 65 1489 175 1545">
     <span class='ocr_line' id='line_1_5' title="bbox 65 1489 175 1545; baseline 0 0"><span class='ocrx_word' id='word_1_5' title='bbox 65 1489 175 1545; x_wconf 79' lang='lat'>[186]</span> 
     </span>
    </p>
   </div>
   <div class='ocr_carea' id='block_1_6' title="bbox 642 109 1545 165">
    <p class='ocr_par' dir='ltr' id='par_1_6' title="bbox 642 109 1545 165">
     <span class='ocr_line' id='line_1_6' title="bbox 642 109 1545 165; baseline 0.002 -14"><span class='ocrx_word' id='word_1_6' title='bbox 642 113 1131 153; x_wconf 80' lang='grc' dir='ltr'>ΔΗΜΟΣΘΕΝΟΤΣ</span> <span class='ocrx_word' id='word_1_7' title='bbox 1459 109 1545 165; x_wconf 87' lang='lat' dir='ltr'>[x1v</span> 
     </span>
    </p>
   </div>
   <div class='ocr_carea' id='block_1_7' title="bbox 207 215 1607 2377">
    <p class='ocr_par' dir='ltr' id='par_1_7' title="bbox 207 215 1607 2377">
     <span class='ocr_line' id='line_1_7' title="bbox 217 215 1545 273; baseline 0.005 -18"><span class='ocrx_word' id='word_1_8' title='bbox 217 215 368 269; x_wconf 75' lang='grc' dir='ltr'>τούτοις</span> <span class='ocrx_word' id='word_1_9' title='bbox 401 221 692 273; x_wconf 83' lang='grc' dir='ltr'>χρησμῳδοῖεν,</span> <span class='ocrx_word' id='word_1_10' title='bbox 728 217 772 259; x_wconf 84' lang='grc' dir='ltr'>οὐ</span> <span class='ocrx_word' id='word_1_11' title='bbox 806 218 929 270; x_wconf 89' lang='grc' dir='ltr'>μόνον</span> <span class='ocrx_word' id='word_1_12' title='bbox 960 218 1029 260; x_wconf 83' lang='grc' dir='ltr'>οὐκ</span> <span class='ocrx_word' id='word_1_13' title='bbox 1059 218 1107 260; x_wconf 87' lang='grc' dir='ltr'>ἂν</span> <span class='ocrx_word' id='word_1_14' title='bbox 1140 218 1420 272; x_wconf 89' lang='grc' dir='ltr'>εἰσενέγκαιεν,</span> <span class='ocrx_word' id='word_1_15' title='bbox 1452 219 1545 261; x_wconf 86' lang='grc' dir='ltr'>ἀλλ’</span> 
     </span>
     <span class='ocr_line' id='line_1_8' title="bbox 216 281 1547 338; baseline 0.003 -14"><span class='ocrx_word' id='word_1_16' title='bbox 216 282 294 324; x_wconf 83' lang='grc' dir='ltr'>οὐδ’</span> <span class='ocrx_word' id='word_1_17' title='bbox 314 283 363 324; x_wconf 83' lang='grc' dir='ltr'>ἂν</span> <span class='ocrx_word' id='word_1_18' title='bbox 382 282 538 334; x_wconf 81' lang='grc' dir='ltr'>δόξειαν</span> <span class='ocrx_word' id='word_1_19' title='bbox 553 281 648 337; x_wconf 85' lang='grc' dir='ltr'>[οὐδ’</span> <span class='ocrx_word' id='word_1_20' title='bbox 666 284 715 326; x_wconf 81' lang='grc' dir='ltr'>ἂν</span> <span class='ocrx_word' id='word_1_21' title='bbox 736 284 1045 338; x_wconf 82' lang='grc' dir='ltr'>ὁμολογήσαιεν]</span> <span class='ocrx_word' id='word_1_22' title='bbox 1068 288 1293 337; x_wconf 88' lang='grc' dir='ltr'>κεκτῆσθαι.</span> <span class='ocrx_word' id='word_1_23' title='bbox 1353 288 1386 328; x_wconf 86' lang='grc' dir='ltr'>εἰ</span> <span class='ocrx_word' id='word_1_24' title='bbox 1410 285 1547 338; x_wconf 87' lang='grc' dir='ltr'>μέντοι</span> 
     </span>
     <span class='ocr_line' id='line_1_9' title="bbox 214 351 1543 408; baseline 0.003 -18"><span class='ocrx_word' id='word_1_25' title='bbox 214 351 264 390; x_wconf 77' lang='grc' dir='ltr'>τὰ</span> <span class='ocrx_word' id='word_1_26' title='bbox 289 353 356 391; x_wconf 80' lang='grc' dir='ltr'>νῦν</span> <span class='ocrx_word' id='word_1_27' title='bbox 386 353 449 392; x_wconf 86' lang='grc' dir='ltr'>διὰ</span> <span class='ocrx_word' id='word_1_28' title='bbox 478 355 556 393; x_wconf 87' lang='grc' dir='ltr'>τῶν</span> <span class='ocrx_word' id='word_1_29' title='bbox 585 352 720 404; x_wconf 93' lang='grc' dir='ltr'>λόγων</span> <span class='ocrx_word' id='word_1_30' title='bbox 745 353 907 405; x_wconf 82' lang='grc' dir='ltr'>φοβερὰ</span> <span class='ocrx_word' id='word_1_31' title='bbox 936 352 1037 408; x_wconf 82' lang='grc' dir='ltr'>ἔργῳ</span> <span class='ocrx_word' id='word_1_32' title='bbox 1068 352 1302 406; x_wconf 84' lang='grc' dir='ltr'>πραττόμεν’</span> <span class='ocrx_word' id='word_1_33' title='bbox 1328 354 1543 401; x_wconf 84' lang='grc' dir='ltr'>αἴσθοιντο,</span> 
     </span>
     <span class='ocr_line' id='line_1_10' title="bbox 215 417 1545 474; baseline 0.004 -17"><span class='ocrx_word' id='word_1_34' title='bbox 215 417 340 460; x_wconf 83' lang='grc' dir='ltr'>οὐδεὶς</span> <span class='ocrx_word' id='word_1_35' title='bbox 365 418 486 461; x_wconf 78' lang='grc' dir='ltr'>οὕτως</span> <span class='ocrx_word' id='word_1_36' title='bbox 510 418 663 469; x_wconf 88' lang='grc' dir='ltr'>ἠλίθιός</span> <span class='ocrx_word' id='word_1_37' title='bbox 687 420 799 460; x_wconf 88' lang='grc' dir='ltr'>ἐστιν</span> <span class='ocrx_word' id='word_1_38' title='bbox 826 420 937 463; x_wconf 81' lang='grc' dir='ltr'>ὅστις</span> <span class='ocrx_word' id='word_1_39' title='bbox 969 419 1058 473; x_wconf 83' lang='grc' dir='ltr'>οὐχὶ</span> <span class='ocrx_word' id='word_1_40' title='bbox 1084 419 1155 461; x_wconf 85' lang='grc' dir='ltr'>κᾶν</span> <span class='ocrx_word' id='word_1_41' title='bbox 1185 421 1270 471; x_wconf 86' lang='grc' dir='ltr'>δοίη</span> <span class='ocrx_word' id='word_1_42' title='bbox 1303 419 1366 461; x_wconf 87' lang='grc' dir='ltr'>καὶ</span> <span class='ocrx_word' id='word_1_43' title='bbox 1394 423 1545 474; x_wconf 83' lang='grc' dir='ltr'>πρῶτος</span> 
     </span>
     <span class='ocr_line' id='line_1_11' title="bbox 215 483 1584 539; baseline 0 -13"><span class='ocrx_word' id='word_1_44' title='bbox 215 483 450 537; x_wconf 88' lang='grc' dir='ltr'>εἰσενέγκαι·</span> <span class='ocrx_word' id='word_1_45' title='bbox 494 486 553 528; x_wconf 89' lang='grc' dir='ltr'>τίς</span> <span class='ocrx_word' id='word_1_46' title='bbox 585 487 660 539; x_wconf 80' lang='grc' dir='ltr'>γὰρ</span> <span class='ocrx_word' id='word_1_47' title='bbox 693 486 900 539; x_wconf 82' lang='grc' dir='ltr'>αἱρήσεται</span> <span class='ocrx_word' id='word_1_48' title='bbox 939 489 1096 539; x_wconf 81' lang='grc' dir='ltr'>μᾶλλον</span> <span class='ocrx_word' id='word_1_49' title='bbox 1132 486 1247 529; x_wconf 81' lang='grc' dir='ltr'>αὐτὸς</span> <span class='ocrx_word' id='word_1_50' title='bbox 1284 486 1346 528; x_wconf 90' lang='grc' dir='ltr'>καὶ</span> <span class='ocrx_word' id='word_1_51' title='bbox 1382 488 1429 528; x_wconf 78' lang='grc' dir='ltr'>τὰ</span> <span class='ocrx_word' id='word_1_52' title='bbox 1465 486 1545 528; x_wconf 85' lang='grc' dir='ltr'>ὅντ’</span> <span class='ocrx_word' id='word_1_53' title='bbox 1566 504 1584 536; x_wconf 89' lang='lat'>5</span> 
     </span>
     <span class='ocr_line' id='line_1_12' title="bbox 213 549 1546 606; baseline 0.003 -15"><span class='ocrx_word' id='word_1_54' title='bbox 213 551 467 593; x_wconf 84' lang='grc' dir='ltr'>ἀπολωλέναι</span> <span class='ocrx_word' id='word_1_55' title='bbox 491 549 513 603; x_wconf 88' lang='grc' dir='ltr'>ἢ</span> <span class='ocrx_word' id='word_1_56' title='bbox 539 552 655 605; x_wconf 84' lang='grc' dir='ltr'>μέρος</span> <span class='ocrx_word' id='word_1_57' title='bbox 679 557 758 595; x_wconf 89' lang='grc' dir='ltr'>τῶν</span> <span class='ocrx_word' id='word_1_58' title='bbox 783 555 908 595; x_wconf 88' lang='grc' dir='ltr'>ὄντων</span> <span class='ocrx_word' id='word_1_59' title='bbox 937 555 1035 606; x_wconf 82' lang='grc' dir='ltr'>ὑπὲρ</span> <span class='ocrx_word' id='word_1_60' title='bbox 1060 555 1178 594; x_wconf 85' lang='grc' dir='ltr'>αὑτοῦ</span> <span class='ocrx_word' id='word_1_61' title='bbox 1205 554 1267 595; x_wconf 89' lang='grc' dir='ltr'>καὶ</span> <span class='ocrx_word' id='word_1_62' title='bbox 1291 557 1369 595; x_wconf 86' lang='grc' dir='ltr'>τῶν</span> <span class='ocrx_word' id='word_1_63' title='bbox 1394 557 1546 595; x_wconf 85' lang='grc' dir='ltr'>λοιπῶν</span> 
     </span>
     <span class='ocr_line' id='line_1_13' title="bbox 213 618 1546 674; baseline 0.002 -14"><span class='ocrx_word' id='word_1_64' title='bbox 213 619 472 671; x_wconf 88' lang='grc' dir='ltr'>εἰσενεγκεῖν;</span> <span class='ocrx_word' id='word_1_65' title='bbox 507 618 690 672; x_wconf 91' lang='grc' dir='ltr'>χρήματα</span> <span class='ocrx_word' id='word_1_66' title='bbox 712 622 785 671; x_wconf 83' lang='grc' dir='ltr'>μὲν</span> <span class='ocrx_word' id='word_1_67' title='bbox 811 620 856 672; x_wconf 90' lang='grc' dir='ltr'>δή</span> <span class='ocrx_word' id='word_1_68' title='bbox 882 620 980 674; x_wconf 84' lang='grc' dir='ltr'>φημ’</span> <span class='ocrx_word' id='word_1_69' title='bbox 1002 620 1102 662; x_wconf 78' lang='grc' dir='ltr'>εῖναι</span> <span class='ocrx_word' id='word_1_70' title='bbox 1120 621 1222 667; x_wconf 88' lang='grc' dir='ltr'>τότε,</span> <span class='ocrx_word' id='word_1_71' title='bbox 1245 620 1293 661; x_wconf 84' lang='grc' dir='ltr'>ἂν</span> <span class='ocrx_word' id='word_1_72' title='bbox 1319 620 1370 663; x_wconf 83' lang='grc' dir='ltr'>ὡς</span> <span class='ocrx_word' id='word_1_73' title='bbox 1389 622 1546 672; x_wconf 84' lang='grc' dir='ltr'>ἀληθῶς</span> 
     </span>
     <span class='ocr_line' id='line_1_14' title="bbox 212 684 1546 742; baseline 0.002 -16"><span class='ocrx_word' id='word_1_74' title='bbox 212 684 292 742; x_wconf 86' lang='grc' dir='ltr'>δέῃ,</span> <span class='ocrx_word' id='word_1_75' title='bbox 314 686 506 738; x_wconf 86' lang='grc' dir='ltr'>πρότερον</span> <span class='ocrx_word' id='word_1_76' title='bbox 525 686 557 726; x_wconf 84' lang='grc' dir='ltr'>δ’</span> <span class='ocrx_word' id='word_1_77' title='bbox 578 687 635 728; x_wconf 83' lang='grc' dir='ltr'>οὔ.</span> <span class='ocrx_word' id='word_1_78' title='bbox 698 687 757 728; x_wconf 85' lang='grc' dir='ltr'>διὸ</span> <span class='ocrx_word' id='word_1_79' title='bbox 782 690 881 739; x_wconf 80' lang='grc' dir='ltr'>μηδὲ</span> <span class='ocrx_word' id='word_1_80' title='bbox 905 688 1032 738; x_wconf 78' lang='grc' dir='ltr'>ζητεῖν</span> <span class='ocrx_word' id='word_1_81' title='bbox 1052 691 1241 740; x_wconf 82' lang='grc' dir='ltr'>παραινῶ·</span> <span class='ocrx_word' id='word_1_82' title='bbox 1281 689 1359 728; x_wconf 90' lang='grc' dir='ltr'>ὅσα</span> <span class='ocrx_word' id='word_1_83' title='bbox 1383 689 1458 740; x_wconf 80' lang='grc' dir='ltr'>γὰρ</span> <span class='ocrx_word' id='word_1_84' title='bbox 1478 690 1546 729; x_wconf 84' lang='grc' dir='ltr'>νῦν</span> 
     </span>
     <span class='ocr_line' id='line_1_15' title="bbox 211 752 1545 807; baseline 0.004 -15"><span class='ocrx_word' id='word_1_85' title='bbox 211 752 410 804; x_wconf 86' lang='grc' dir='ltr'>πορίσαιτ’</span> <span class='ocrx_word' id='word_1_86' title='bbox 444 752 504 799; x_wconf 86' lang='grc' dir='ltr'>ἄν,</span> <span class='ocrx_word' id='word_1_87' title='bbox 540 754 574 794; x_wconf 85' lang='grc' dir='ltr'>εἰ</span> <span class='ocrx_word' id='word_1_88' title='bbox 609 753 849 806; x_wconf 87' lang='grc' dir='ltr'>προέλοισθε</span> <span class='ocrx_word' id='word_1_89' title='bbox 886 755 1073 807; x_wconf 78' lang='grc' dir='ltr'>πορίζειν,</span> <span class='ocrx_word' id='word_1_90' title='bbox 1111 755 1260 796; x_wconf 88' lang='grc' dir='ltr'>πλείων</span> <span class='ocrx_word' id='word_1_91' title='bbox 1295 755 1382 796; x_wconf 84' lang='grc' dir='ltr'>ἐστὶ</span> <span class='ocrx_word' id='word_1_92' title='bbox 1417 754 1545 807; x_wconf 82' lang='grc' dir='ltr'>γέλως</span> 
     </span>
     <span class='ocr_line' id='line_1_16' title="bbox 210 819 1607 875; baseline 0.002 -16"><span class='ocrx_word' id='word_1_93' title='bbox 210 822 278 859; x_wconf 79' lang='grc' dir='ltr'>τοῦ</span> <span class='ocrx_word' id='word_1_94' title='bbox 301 820 481 870; x_wconf 89' lang='grc' dir='ltr'>μηδενός.</span> <span class='ocrx_word' id='word_1_95' title='bbox 542 819 640 873; x_wconf 87' lang='grc' dir='ltr'>φέρε</span> <span class='ocrx_word' id='word_1_96' title='bbox 664 820 751 874; x_wconf 85' lang='grc' dir='ltr'>γάρ,</span> <span class='ocrx_word' id='word_1_97' title='bbox 780 820 998 873; x_wconf 85' lang='grc' dir='ltr'>ἑκατοστήν</span> <span class='ocrx_word' id='word_1_98' title='bbox 1028 839 1086 865; x_wconf 90' lang='grc' dir='ltr'>τις</span> <span class='ocrx_word' id='word_1_99' title='bbox 1112 820 1316 875; x_wconf 83' lang='grc' dir='ltr'>εἰσφέρειν</span> <span class='ocrx_word' id='word_1_100' title='bbox 1343 823 1427 875; x_wconf 85' lang='grc' dir='ltr'>ἐρεῖ</span> <span class='ocrx_word' id='word_1_101' title='bbox 1455 825 1542 869; x_wconf 85' lang='grc' dir='ltr'>νῦν,·</span> <span class='ocrx_word' id='word_1_102' title='bbox 1569 838 1607 862; x_wconf 92' lang='lat'>10</span> 
     </span>
     <span class='ocr_line' id='line_1_17' title="bbox 210 885 1544 942; baseline 0.002 -16"><span class='ocrx_word' id='word_1_103' title='bbox 210 886 349 927; x_wconf 82' lang='grc' dir='ltr'>οὐκοῦν</span> <span class='ocrx_word' id='word_1_104' title='bbox 374 885 564 937; x_wconf 80' lang='grc' dir='ltr'>ἑξήκοντα</span> <span class='ocrx_word' id='word_1_105' title='bbox 592 886 780 929; x_wconf 87' lang='grc' dir='ltr'>τάλαντα.</span> <span class='ocrx_word' id='word_1_106' title='bbox 852 889 959 929; x_wconf 78' lang='grc' dir='ltr'>ἀλλὰ</span> <span class='ocrx_word' id='word_1_107' title='bbox 990 887 1265 940; x_wconf 90' lang='grc' dir='ltr'>πεντηκοστήν</span> <span class='ocrx_word' id='word_1_108' title='bbox 1293 905 1352 932; x_wconf 91' lang='grc' dir='ltr'>τις</span> <span class='ocrx_word' id='word_1_109' title='bbox 1382 890 1473 942; x_wconf 84' lang='grc' dir='ltr'>ἐρεῖ,</span> <span class='ocrx_word' id='word_1_110' title='bbox 1500 888 1544 930; x_wconf 86' lang='grc' dir='ltr'>τὸ</span> 
     </span>
     <span class='ocr_line' id='line_1_18' title="bbox 210 954 1545 1008; baseline 0.003 -15"><span class='ocrx_word' id='word_1_111' title='bbox 210 955 395 1001; x_wconf 83' lang='grc' dir='ltr'>διπλοΰν;</span> <span class='ocrx_word' id='word_1_112' title='bbox 433 954 572 995; x_wconf 81' lang='grc' dir='ltr'>οὐκοῦν</span> <span class='ocrx_word' id='word_1_113' title='bbox 597 954 737 996; x_wconf 83' lang='grc' dir='ltr'>ἑκατὸν</span> <span class='ocrx_word' id='word_1_114' title='bbox 763 955 825 995; x_wconf 89' lang='grc' dir='ltr'>καὶ</span> <span class='ocrx_word' id='word_1_115' title='bbox 849 956 988 996; x_wconf 81' lang='grc' dir='ltr'>εἴκοσι.</span> <span class='ocrx_word' id='word_1_116' title='bbox 1061 955 1123 996; x_wconf 85' lang='grc' dir='ltr'>καὶ</span> <span class='ocrx_word' id='word_1_117' title='bbox 1147 955 1187 996; x_wconf 90' lang='grc' dir='ltr'>τί</span> <span class='ocrx_word' id='word_1_118' title='bbox 1208 954 1311 996; x_wconf 79' lang='grc' dir='ltr'>τοῦτ’</span> <span class='ocrx_word' id='word_1_119' title='bbox 1337 956 1425 997; x_wconf 88' lang='grc' dir='ltr'>ἔστι</span> <span class='ocrx_word' id='word_1_120' title='bbox 1449 955 1545 1008; x_wconf 88' lang='grc' dir='ltr'>πρὸς</span> 
     </span>
     <span class='ocr_line' id='line_1_19' title="bbox 210 1020 1545 1077; baseline 0.001 -16"><span class='ocrx_word' id='word_1_121' title='bbox 210 1020 413 1063; x_wconf 86' lang='grc' dir='ltr'>διακοσίας</span> <span class='ocrx_word' id='word_1_122' title='bbox 434 1020 496 1062; x_wconf 88' lang='grc' dir='ltr'>καὶ</span> <span class='ocrx_word' id='word_1_123' title='bbox 520 1022 654 1075; x_wconf 84' lang='grc' dir='ltr'>χιλίας</span> <span class='ocrx_word' id='word_1_124' title='bbox 677 1021 886 1073; x_wconf 85' lang='grc' dir='ltr'>καμήλους,</span> <span class='ocrx_word' id='word_1_125' title='bbox 908 1023 954 1065; x_wconf 76' lang='grc' dir='ltr'>ἃς</span> <span class='ocrx_word' id='word_1_126' title='bbox 980 1025 1151 1074; x_wconf 82' lang='grc' dir='ltr'>βασιλεῖ</span> <span class='ocrx_word' id='word_1_127' title='bbox 1173 1024 1223 1063; x_wconf 82' lang='grc' dir='ltr'>τὰ</span> <span class='ocrx_word' id='word_1_128' title='bbox 1247 1021 1414 1077; x_wconf 83' lang='grc' dir='ltr'>χρήματ’</span> <span class='ocrx_word' id='word_1_129' title='bbox 1434 1022 1545 1075; x_wconf 86' lang='grc' dir='ltr'>ἄγειν</span> 
     </span>
     <span class='ocr_line' id='line_1_20' title="bbox 210 1087 1542 1141; baseline 0.002 -13"><span class='ocrx_word' id='word_1_130' title='bbox 210 1087 336 1140; x_wconf 82' lang='grc' dir='ltr'>φασὶν</span> <span class='ocrx_word' id='word_1_131' title='bbox 355 1087 481 1136; x_wconf 82' lang='grc' dir='ltr'>οὗτοι;</span> <span class='ocrx_word' id='word_1_132' title='bbox 520 1089 627 1129; x_wconf 81' lang='grc' dir='ltr'>ἀλλὰ</span> <span class='ocrx_word' id='word_1_133' title='bbox 652 1091 707 1129; x_wconf 88' lang='grc' dir='ltr'>θῶ</span> <span class='ocrx_word' id='word_1_134' title='bbox 731 1089 936 1141; x_wconf 83' lang='grc' dir='ltr'>βούλεσθε</span> <span class='ocrx_word' id='word_1_135' title='bbox 960 1089 1185 1141; x_wconf 86' lang='grc' dir='ltr'>δωδεκάτην</span> <span class='ocrx_word' id='word_1_136' title='bbox 1211 1089 1313 1141; x_wconf 81' lang='grc' dir='ltr'>ἡμᾶς</span> <span class='ocrx_word' id='word_1_137' title='bbox 1337 1090 1542 1140; x_wconf 87' lang='grc' dir='ltr'>εἰσοίσειν,</span> 
     </span>
     <span class='ocr_line' id='line_1_21' title="bbox 209 1155 1605 1211; baseline 0 -16"><span class='ocrx_word' id='word_1_138' title='bbox 209 1155 453 1196; x_wconf 90' lang='grc' dir='ltr'>πεντακόσια</span> <span class='ocrx_word' id='word_1_139' title='bbox 492 1155 688 1203; x_wconf 88' lang='grc' dir='ltr'>τάλαντα;</span> <span class='ocrx_word' id='word_1_140' title='bbox 740 1155 831 1197; x_wconf 86' lang='grc' dir='ltr'>ἀλλ’</span> <span class='ocrx_word' id='word_1_141' title='bbox 870 1156 949 1198; x_wconf 81' lang='grc' dir='ltr'>οὔτ’</span> <span class='ocrx_word' id='word_1_142' title='bbox 990 1156 1039 1198; x_wconf 85' lang='grc' dir='ltr'>ἂν</span> <span class='ocrx_word' id='word_1_143' title='bbox 1083 1156 1333 1211; x_wconf 86' lang='grc' dir='ltr'>ἀνάσχοισθε</span> <span class='ocrx_word' id='word_1_144' title='bbox 1374 1155 1468 1203; x_wconf 85' lang='grc' dir='ltr'>οὔτ’,</span> <span class='ocrx_word' id='word_1_145' title='bbox 1511 1157 1544 1198; x_wconf 88' lang='grc' dir='ltr'>εἰ</span> <span class='ocrx_word' id='word_1_146' title='bbox 1568 1172 1605 1205; x_wconf 87' lang='lat'>15</span> 
     </span>
     <span class='ocr_line' id='line_1_22' title="bbox 210 1221 1544 1278; baseline 0.002 -16"><span class='ocrx_word' id='word_1_147' title='bbox 210 1223 425 1269; x_wconf 83' lang='grc' dir='ltr'>καταθεῖτε,</span> <span class='ocrx_word' id='word_1_148' title='bbox 453 1221 544 1274; x_wconf 80' lang='grc' dir='ltr'>ἄξια</span> <span class='ocrx_word' id='word_1_149' title='bbox 568 1226 637 1263; x_wconf 83' lang='grc' dir='ltr'>τοῦ</span> <span class='ocrx_word' id='word_1_150' title='bbox 661 1222 838 1275; x_wconf 90' lang='grc' dir='ltr'>πολέμου</span> <span class='ocrx_word' id='word_1_151' title='bbox 863 1224 911 1264; x_wconf 80' lang='grc' dir='ltr'>τὰ</span> <span class='ocrx_word' id='word_1_152' title='bbox 942 1222 1137 1278; x_wconf 90' lang='grc' dir='ltr'>χρήματα.</span> <span class='ocrx_word' id='word_1_153' title='bbox 1203 1226 1265 1265; x_wconf 87' lang='grc' dir='ltr'>δεῖ</span> <span class='ocrx_word' id='word_1_154' title='bbox 1290 1224 1422 1265; x_wconf 88' lang='grc' dir='ltr'>τοίνυν</span> <span class='ocrx_word' id='word_1_155' title='bbox 1445 1224 1544 1275; x_wconf 83' lang='grc' dir='ltr'>ὑμᾶς</span> 
     </span>
     <span class='ocr_line' id='line_1_23' title="bbox 208 1289 1544 1345; baseline 0.002 -16"><span class='ocrx_word' id='word_1_156' title='bbox 208 1290 256 1329; x_wconf 82' lang='grc' dir='ltr'>τὰ</span> <span class='ocrx_word' id='word_1_157' title='bbox 291 1291 362 1340; x_wconf 82' lang='grc' dir='ltr'>μὲν</span> <span class='ocrx_word' id='word_1_158' title='bbox 398 1289 507 1330; x_wconf 84' lang='grc' dir='ltr'>ἄλλα</span> <span class='ocrx_word' id='word_1_159' title='bbox 542 1290 937 1343; x_wconf 85' lang='grc' dir='ltr'>παρασκευάσασθαι,</span> <span class='ocrx_word' id='word_1_160' title='bbox 975 1292 1023 1332; x_wconf 81' lang='grc' dir='ltr'>τὰ</span> <span class='ocrx_word' id='word_1_161' title='bbox 1062 1293 1103 1333; x_wconf 83' lang='grc' dir='ltr'>δὲ</span> <span class='ocrx_word' id='word_1_162' title='bbox 1145 1289 1329 1345; x_wconf 85' lang='grc' dir='ltr'>χρήματα</span> <span class='ocrx_word' id='word_1_163' title='bbox 1365 1294 1434 1332; x_wconf 86' lang='grc' dir='ltr'>νῦν</span> <span class='ocrx_word' id='word_1_164' title='bbox 1471 1293 1544 1342; x_wconf 83' lang='grc' dir='ltr'>μὲν</span> 
     </span>
     <span class='ocr_line' id='line_1_24' title="bbox 209 1356 1544 1412; baseline 0.001 -16"><span class='ocrx_word' id='word_1_165' title='bbox 209 1357 277 1396; x_wconf 85' lang='grc' dir='ltr'>ἐᾶν</span> <span class='ocrx_word' id='word_1_166' title='bbox 310 1356 400 1399; x_wconf 81' lang='grc' dir='ltr'>τοὺς</span> <span class='ocrx_word' id='word_1_167' title='bbox 434 1356 691 1409; x_wconf 85' lang='grc' dir='ltr'>κεκτημένους</span> <span class='ocrx_word' id='word_1_168' title='bbox 728 1357 836 1412; x_wconf 80' lang='grc' dir='ltr'>ἔχειν</span> <span class='ocrx_word' id='word_1_169' title='bbox 867 1357 1053 1410; x_wconf 84' lang='grc' dir='ltr'>(οὐδαμοῦ</span> <span class='ocrx_word' id='word_1_170' title='bbox 1092 1359 1167 1411; x_wconf 84' lang='grc' dir='ltr'>γὰρ</span> <span class='ocrx_word' id='word_1_171' title='bbox 1203 1357 1252 1399; x_wconf 85' lang='grc' dir='ltr'>ἂν</span> <span class='ocrx_word' id='word_1_172' title='bbox 1285 1359 1328 1399; x_wconf 89' lang='grc' dir='ltr'>ἐν</span> <span class='ocrx_word' id='word_1_173' title='bbox 1362 1358 1544 1399; x_wconf 90' lang='grc' dir='ltr'>καλλίονι</span> 
     </span>
     <span class='ocr_line' id='line_1_25' title="bbox 210 1421 1543 1481; baseline 0.002 -19"><span class='ocrx_word' id='word_1_174' title='bbox 210 1421 374 1478; x_wconf 79' lang='grc' dir='ltr'>σῴζοιτο</span> <span class='ocrx_word' id='word_1_175' title='bbox 407 1430 454 1481; x_wconf 83' lang='grc' dir='ltr'>τῇ</span> <span class='ocrx_word' id='word_1_176' title='bbox 483 1421 625 1473; x_wconf 85' lang='grc' dir='ltr'>πόλει),</span> <span class='ocrx_word' id='word_1_177' title='bbox 662 1426 730 1466; x_wconf 78' lang='grc' dir='ltr'>ἐὰν</span> <span class='ocrx_word' id='word_1_178' title='bbox 764 1424 806 1466; x_wconf 88' lang='grc' dir='ltr'>δέ</span> <span class='ocrx_word' id='word_1_179' title='bbox 840 1425 928 1466; x_wconf 87' lang='grc' dir='ltr'>ποθ’</span> <span class='ocrx_word' id='word_1_180' title='bbox 962 1425 1073 1468; x_wconf 80' lang='grc' dir='ltr'>οὗτος</span> <span class='ocrx_word' id='word_1_181' title='bbox 1106 1426 1126 1465; x_wconf 90' lang='grc' dir='ltr'>ὁ</span> <span class='ocrx_word' id='word_1_182' title='bbox 1158 1424 1288 1478; x_wconf 87' lang='grc' dir='ltr'>καιρὸς</span> <span class='ocrx_word' id='word_1_183' title='bbox 1321 1424 1431 1481; x_wconf 85' lang='grc' dir='ltr'>ἔλθῃ,</span> <span class='ocrx_word' id='word_1_184' title='bbox 1460 1423 1543 1465; x_wconf 91' lang='grc' dir='ltr'>τόθ’</span> 
     </span>
     <span class='ocr_line' id='line_1_26' title="bbox 209 1490 1606 1544; baseline -0.001 -14"><span class='ocrx_word' id='word_1_185' title='bbox 209 1490 379 1532; x_wconf 83' lang='grc' dir='ltr'>ἑκόντων</span> <span class='ocrx_word' id='word_1_186' title='bbox 399 1492 671 1544; x_wconf 84' lang='grc' dir='ltr'>εἰσφερόντων</span> <span class='ocrx_word' id='word_1_187' title='bbox 690 1491 817 1533; x_wconf 86' lang='grc' dir='ltr'>αὐτῶν</span> <span class='ocrx_word' id='word_1_188' title='bbox 835 1491 1074 1544; x_wconf 82' lang='grc' dir='ltr'>λαμβάνειν.</span> <span class='ocrx_word' id='word_1_189' title='bbox 1125 1496 1249 1533; x_wconf 86' lang='grc' dir='ltr'>ταῦτα</span> <span class='ocrx_word' id='word_1_190' title='bbox 1267 1493 1309 1533; x_wconf 79' lang='grc' dir='ltr'>δὲ</span> <span class='ocrx_word' id='word_1_191' title='bbox 1329 1491 1392 1532; x_wconf 88' lang='grc' dir='ltr'>καὶ</span> <span class='ocrx_word' id='word_1_192' title='bbox 1413 1490 1543 1533; x_wconf 89' lang='grc' dir='ltr'>δυνάτ’</span> <span class='ocrx_word' id='word_1_193' title='bbox 1566 1507 1606 1529; x_wconf 91' lang='lat'>20</span> 
     </span>
     <span class='ocr_line' id='line_1_27' title="bbox 210 1555 1541 1612; baseline 0.001 -14"><span class='ocrx_word' id='word_1_194' title='bbox 210 1558 333 1605; x_wconf 88' lang='grc' dir='ltr'>ἐστίν,</span> <span class='ocrx_word' id='word_1_195' title='bbox 366 1555 395 1598; x_wconf 73' lang='grc' dir='ltr'><strong>ὦ</strong></span> <span class='ocrx_word' id='word_1_196' title='bbox 428 1557 566 1610; x_wconf 81' lang='grc' dir='ltr'>ἄνδρες</span> <span class='ocrx_word' id='word_1_197' title='bbox 590 1558 807 1609; x_wconf 89' lang='grc' dir='ltr'>Ἀθηναῖοι,</span> <span class='ocrx_word' id='word_1_198' title='bbox 841 1559 902 1600; x_wconf 86' lang='grc' dir='ltr'>καὶ</span> <span class='ocrx_word' id='word_1_199' title='bbox 933 1559 1117 1612; x_wconf 86' lang='grc' dir='ltr'>πράττειν</span> <span class='ocrx_word' id='word_1_200' title='bbox 1150 1560 1251 1599; x_wconf 83' lang='grc' dir='ltr'>καλὰ</span> <span class='ocrx_word' id='word_1_201' title='bbox 1285 1559 1347 1600; x_wconf 85' lang='grc' dir='ltr'>καὶ</span> <span class='ocrx_word' id='word_1_202' title='bbox 1387 1557 1541 1612; x_wconf 89' lang='grc' dir='ltr'>συμφέ-</span> 
     </span>
     <span class='ocr_line' id='line_1_28' title="bbox 207 1625 1544 1678; baseline 0.001 -14"><span class='ocrx_word' id='word_1_203' title='bbox 207 1641 327 1677; x_wconf 87' lang='grc' dir='ltr'>ροντα</span> <span class='ocrx_word' id='word_1_204' title='bbox 361 1625 423 1665; x_wconf 84' lang='grc' dir='ltr'>καὶ</span> <span class='ocrx_word' id='word_1_205' title='bbox 455 1629 625 1676; x_wconf 76' lang='grc' dir='ltr'>βασιλεῖ</span> <span class='ocrx_word' id='word_1_206' title='bbox 657 1626 743 1678; x_wconf 91' lang='grc' dir='ltr'>περὶ</span> <span class='ocrx_word' id='word_1_207' title='bbox 776 1626 883 1677; x_wconf 84' lang='grc' dir='ltr'>ὑμῶν</span> <span class='ocrx_word' id='word_1_208' title='bbox 918 1625 1104 1677; x_wconf 83' lang='grc' dir='ltr'>ἐπιτήδει’</span> <span class='ocrx_word' id='word_1_209' title='bbox 1136 1627 1451 1678; x_wconf 85' lang='grc' dir='ltr'>ἀπαγγελθῆναι,</span> <span class='ocrx_word' id='word_1_210' title='bbox 1481 1625 1544 1666; x_wconf 86' lang='grc' dir='ltr'>καὶ</span> 
     </span>
     <span class='ocr_line' id='line_1_29' title="bbox 209 1691 1544 1748; baseline 0.001 -16"><span class='ocrx_word' id='word_1_211' title='bbox 209 1692 342 1744; x_wconf 76' lang='grc' dir='ltr'>φόβος</span> <span class='ocrx_word' id='word_1_212' title='bbox 366 1691 434 1732; x_wconf 86' lang='grc' dir='ltr'>οὐκ</span> <span class='ocrx_word' id='word_1_213' title='bbox 460 1693 596 1745; x_wconf 87' lang='grc' dir='ltr'>ὀλίγος</span> <span class='ocrx_word' id='word_1_214' title='bbox 629 1691 772 1744; x_wconf 84' lang='grc' dir='ltr'>γένοιτ’</span> <span class='ocrx_word' id='word_1_215' title='bbox 798 1692 846 1734; x_wconf 79' lang='grc' dir='ltr'>ἂν</span> <span class='ocrx_word' id='word_1_216' title='bbox 878 1693 1012 1748; x_wconf 80' lang='grc' dir='ltr'>ἐκείνῳ</span> <span class='ocrx_word' id='word_1_217' title='bbox 1040 1695 1103 1734; x_wconf 82' lang='grc' dir='ltr'>διὰ</span> <span class='ocrx_word' id='word_1_218' title='bbox 1133 1693 1293 1733; x_wconf 85' lang='grc' dir='ltr'>τούτων.</span> <span class='ocrx_word' id='word_1_219' title='bbox 1357 1692 1438 1734; x_wconf 78' lang='grc' dir='ltr'>οἶδε</span> <span class='ocrx_word' id='word_1_220' title='bbox 1471 1691 1544 1743; x_wconf 89' lang='grc' dir='ltr'>μέν</span> 
     </span>
     <span class='ocr_line' id='line_1_30' title="bbox 209 1758 1543 1813; baseline 0 -13"><span class='ocrx_word' id='word_1_221' title='bbox 209 1775 255 1811; x_wconf 81' lang='grc' dir='ltr'>γε</span> <span class='ocrx_word' id='word_1_222' title='bbox 280 1760 500 1801; x_wconf 87' lang='grc' dir='ltr'>διακοσίαις</span> <span class='ocrx_word' id='word_1_223' title='bbox 525 1758 738 1812; x_wconf 90' lang='grc' dir='ltr'>τριήρεσιν,</span> <span class='ocrx_word' id='word_1_224' title='bbox 766 1760 820 1801; x_wconf 81' lang='grc' dir='ltr'>ὧν</span> <span class='ocrx_word' id='word_1_225' title='bbox 847 1759 987 1801; x_wconf 88' lang='grc' dir='ltr'>ἑκατὸν</span> <span class='ocrx_word' id='word_1_226' title='bbox 1014 1758 1281 1813; x_wconf 83' lang='grc' dir='ltr'>παρεσχόμεθ’</span> <span class='ocrx_word' id='word_1_227' title='bbox 1302 1759 1426 1811; x_wconf 87' lang='grc' dir='ltr'>ἡμεῖς,</span> <span class='ocrx_word' id='word_1_228' title='bbox 1452 1758 1543 1801; x_wconf 82' lang='grc' dir='ltr'>τοὺς</span> 
     </span>
     <span class='ocr_line' id='line_1_31' title="bbox 209 1825 1605 1880; baseline 0.001 -14"><span class='ocrx_word' id='word_1_229' title='bbox 209 1826 425 1878; x_wconf 84' lang='grc' dir='ltr'>προγόνους</span> <span class='ocrx_word' id='word_1_230' title='bbox 461 1825 578 1867; x_wconf 80' lang='grc' dir='ltr'>αὐτοῦ</span> <span class='ocrx_word' id='word_1_231' title='bbox 615 1828 748 1880; x_wconf 89' lang='grc' dir='ltr'>χιλίας</span> <span class='ocrx_word' id='word_1_232' title='bbox 789 1826 1068 1869; x_wconf 85' lang='grc' dir='ltr'>ἀπολέσαντας</span> <span class='ocrx_word' id='word_1_233' title='bbox 1108 1830 1213 1873; x_wconf 82' lang='grc' dir='ltr'>ναῦς,</span> <span class='ocrx_word' id='word_1_234' title='bbox 1253 1826 1466 1868; x_wconf 86' lang='grc' dir='ltr'>ἀκούσεται</span> <span class='ocrx_word' id='word_1_235' title='bbox 1501 1827 1543 1868; x_wconf 78' lang='grc' dir='ltr'>δὲ</span> <span class='ocrx_word' id='word_1_236' title='bbox 1567 1840 1605 1873; x_wconf 89' lang='lat'>25</span> 
     </span>
     <span class='ocr_line' id='line_1_32' title="bbox 208 1893 1541 1947; baseline 0.003 -15"><span class='ocrx_word' id='word_1_237' title='bbox 208 1894 437 1944; x_wconf 89' lang='grc' dir='ltr'>τριακοσίας</span> <span class='ocrx_word' id='word_1_238' title='bbox 477 1893 616 1937; x_wconf 84' lang='grc' dir='ltr'>αὐτοὺς</span> <span class='ocrx_word' id='word_1_239' title='bbox 656 1894 756 1945; x_wconf 78' lang='grc' dir='ltr'>ὑμᾶς</span> <span class='ocrx_word' id='word_1_240' title='bbox 805 1897 873 1935; x_wconf 82' lang='grc' dir='ltr'>νῦν</span> <span class='ocrx_word' id='word_1_241' title='bbox 915 1893 1314 1947; x_wconf 88' lang='grc' dir='ltr'>παρεσκευασμένους</span> <span class='ocrx_word' id='word_1_242' title='bbox 1360 1893 1541 1947; x_wconf 90' lang='grc' dir='ltr'>τριήρεις·</span> 
     </span>
     <span class='ocr_line' id='line_1_33' title="bbox 209 1959 1544 2018; baseline 0.001 -18"><span class='ocrx_word' id='word_1_243' title='bbox 209 1959 314 2001; x_wconf 86' lang='grc' dir='ltr'>ὥστε</span> <span class='ocrx_word' id='word_1_244' title='bbox 345 1959 398 2011; x_wconf 77' lang='grc' dir='ltr'>μὴ</span> <span class='ocrx_word' id='word_1_245' title='bbox 434 1964 582 2018; x_wconf 83' lang='grc' dir='ltr'>κομιδῇ,</span> <span class='ocrx_word' id='word_1_246' title='bbox 609 1960 697 2012; x_wconf 85' lang='grc' dir='ltr'>μηδ’</span> <span class='ocrx_word' id='word_1_247' title='bbox 724 1962 757 2002; x_wconf 82' lang='grc' dir='ltr'>εἰ</span> <span class='ocrx_word' id='word_1_248' title='bbox 793 1961 895 2003; x_wconf 82' lang='grc' dir='ltr'>πάνυ</span> <span class='ocrx_word' id='word_1_249' title='bbox 928 1962 1118 2013; x_wconf 89' lang='grc' dir='ltr'>μαίνοιτο,</span> <span class='ocrx_word' id='word_1_250' title='bbox 1147 1962 1308 2012; x_wconf 88' lang='grc' dir='ltr'>νομίσαι</span> <span class='ocrx_word' id='word_1_251' title='bbox 1339 1959 1474 2017; x_wconf 76' lang='grc' dir='ltr'>ῥᾴδιόν</span> <span class='ocrx_word' id='word_1_252' title='bbox 1507 1977 1544 2001; x_wconf 91' lang='grc' dir='ltr'>τι</span> 
     </span>
     <span class='ocr_line' id='line_1_34' title="bbox 210 2026 1547 2082; baseline 0.001 -16"><span class='ocrx_word' id='word_1_253' title='bbox 210 2026 254 2067; x_wconf 86' lang='grc' dir='ltr'>τὸ</span> <span class='ocrx_word' id='word_1_254' title='bbox 283 2026 354 2077; x_wconf 78' lang='grc' dir='ltr'>τὴν</span> <span class='ocrx_word' id='word_1_255' title='bbox 383 2027 576 2080; x_wconf 87' lang='grc' dir='ltr'>ἡμετέραν</span> <span class='ocrx_word' id='word_1_256' title='bbox 605 2028 723 2069; x_wconf 89' lang='grc' dir='ltr'>πόλιν</span> <span class='ocrx_word' id='word_1_257' title='bbox 758 2029 908 2082; x_wconf 79' lang='grc' dir='ltr'>ἐχθρὰν</span> <span class='ocrx_word' id='word_1_258' title='bbox 941 2027 1200 2079; x_wconf 89' lang='grc' dir='ltr'>ποιήσασθαι.</span> <span class='ocrx_word' id='word_1_259' title='bbox 1261 2029 1368 2069; x_wconf 80' lang='grc' dir='ltr'>ἀλλὰ</span> <span class='ocrx_word' id='word_1_260' title='bbox 1399 2027 1477 2079; x_wconf 78' lang='grc' dir='ltr'>μὴν</span> <span class='ocrx_word' id='word_1_261' title='bbox 1510 2028 1547 2069; x_wconf 85' lang='grc' dir='ltr'>εἴ</span> 
     </span>
     <span class='ocr_line' id='line_1_35' title="bbox 210 2093 1544 2150; baseline 0 -15"><span class='ocrx_word' id='word_1_262' title='bbox 210 2093 247 2146; x_wconf 88' lang='grc' dir='ltr'>γ’</span> <span class='ocrx_word' id='word_1_263' title='bbox 281 2094 345 2135; x_wconf 89' lang='grc' dir='ltr'>ἐπὶ</span> <span class='ocrx_word' id='word_1_264' title='bbox 376 2093 579 2148; x_wconf 90' lang='grc' dir='ltr'>χρήμασιν</span> <span class='ocrx_word' id='word_1_265' title='bbox 613 2095 715 2150; x_wconf 79' lang='grc' dir='ltr'>αὐτῷ</span> <span class='ocrx_word' id='word_1_266' title='bbox 749 2094 837 2147; x_wconf 84' lang='grc' dir='ltr'>μέγ’</span> <span class='ocrx_word' id='word_1_267' title='bbox 865 2095 1074 2149; x_wconf 88' lang='grc' dir='ltr'>ἐπέρχεται</span> <span class='ocrx_word' id='word_1_268' title='bbox 1104 2098 1280 2148; x_wconf 90' lang='grc' dir='ltr'>φρονεῖν,</span> <span class='ocrx_word' id='word_1_269' title='bbox 1310 2095 1372 2136; x_wconf 87' lang='grc' dir='ltr'>καὶ</span> <span class='ocrx_word' id='word_1_270' title='bbox 1401 2094 1544 2145; x_wconf 86' lang='grc' dir='ltr'>ταύτην</span> 
     </span>
     <span class='ocr_line' id='line_1_36' title="bbox 257 2202 1544 2245; baseline -0.001 -11"><span class='ocrx_word' id='word_1_271' title='bbox 257 2213 270 2234; x_wconf 92' lang='lat'>1</span> <span class='ocrx_word' id='word_1_272' title='bbox 304 2206 530 2244; x_wconf 79' lang='grc' dir='ltr'>χρησμῳδοῖεν</span> <span class='ocrx_word' id='word_1_273' title='bbox 555 2204 675 2236; x_wconf 89' lang='lat' dir='ltr'>codd.:</span> <span class='ocrx_word' id='word_1_274' title='bbox 709 2205 895 2245; x_wconf 83' lang='grc' dir='ltr'>χρησμῳδοὶ</span> <span class='ocrx_word' id='word_1_275' title='bbox 923 2204 1060 2236; x_wconf 81' lang='lat' dir='ltr'><strong>Dobree</strong></span> <span class='ocrx_word' id='word_1_276' title='bbox 1215 2214 1235 2234; x_wconf 88' lang='lat'>2</span> <span class='ocrx_word' id='word_1_277' title='bbox 1266 2203 1389 2245; x_wconf 79' lang='grc' dir='ltr'>δόξειαν</span> <span class='ocrx_word' id='word_1_278' title='bbox 1412 2202 1544 2234; x_wconf 79' lang='lat' dir='ltr'>Cobet:</span> 
     </span>
     <span class='ocr_line' id='line_1_37' title="bbox 211 2247 1544 2289; baseline 0 -10"><span class='ocrx_word' id='word_1_279' title='bbox 211 2247 344 2287; x_wconf 83' lang='grc' dir='ltr'>δείξαιεν</span> <span class='ocrx_word' id='word_1_280' title='bbox 362 2248 460 2279; x_wconf 90' lang='lat' dir='ltr'><strong>codd.</strong></span> <span class='ocrx_word' id='word_1_281' title='bbox 585 2249 649 2280; x_wconf 84' lang='grc' dir='ltr'>οὐδ’</span> <span class='ocrx_word' id='word_1_282' title='bbox 668 2249 706 2280; x_wconf 75' lang='grc' dir='ltr'>ἂν</span> <span class='ocrx_word' id='word_1_283' title='bbox 723 2248 964 2289; x_wconf 76' lang='grc' dir='ltr'>ὁμολογήσαιεν</span> <span class='ocrx_word' id='word_1_284' title='bbox 979 2249 1058 2279; x_wconf 81' lang='lat' dir='ltr'>secl.</span> <span class='ocrx_word' id='word_1_285' title='bbox 1078 2247 1187 2279; x_wconf 84' lang='lat' dir='ltr'>Cobet</span> <span class='ocrx_word' id='word_1_286' title='bbox 1349 2258 1369 2286; x_wconf 87' lang='lat'><strong>4</strong></span> <span class='ocrx_word' id='word_1_287' title='bbox 1394 2248 1467 2287; x_wconf 79' lang='grc' dir='ltr'>οὐχὶ</span> <span class='ocrx_word' id='word_1_288' title='bbox 1485 2247 1544 2279; x_wconf 71' lang='grc' dir='ltr'>κᾶν</span> 
     </span>
     <span class='ocr_line' id='line_1_38' title="bbox 211 2290 1543 2333; baseline 0.001 -11"><span class='ocrx_word' id='word_1_289' title='bbox 211 2290 376 2331; x_wconf 74' lang='grc' dir='ltr'>(ουχικὰν)</span> <span class='ocrx_word' id='word_1_290' title='bbox 402 2291 425 2322; x_wconf 88' lang='lat' dir='ltr'>S</span> <span class='ocrx_word' id='word_1_291' title='bbox 449 2292 563 2322; x_wconf 82' lang='lat' dir='ltr'>solus:</span> <span class='ocrx_word' id='word_1_292' title='bbox 598 2294 659 2333; x_wconf 84' lang='grc' dir='ltr'>οὐχ</span> <span class='ocrx_word' id='word_1_293' title='bbox 685 2292 793 2324; x_wconf 85' lang='grc' dir='ltr'>ἱκανὸν</span> <span class='ocrx_word' id='word_1_294' title='bbox 816 2292 929 2331; x_wconf 64' lang='lat' dir='ltr'>vulg:</span> <span class='ocrx_word' id='word_1_295' title='bbox 958 2294 1013 2324; x_wconf 78' lang='grc' dir='ltr'>οὐκ</span> <span class='ocrx_word' id='word_1_296' title='bbox 1035 2293 1073 2324; x_wconf 78' lang='grc' dir='ltr'>ἂν</span> <span class='ocrx_word' id='word_1_297' title='bbox 1090 2291 1139 2323; x_wconf 88' lang='grc' dir='ltr'>Α;</span> <span class='ocrx_word' id='word_1_298' title='bbox 1166 2293 1227 2332; x_wconf 87' lang='grc' dir='ltr'>οὐχ</span> <span class='ocrx_word' id='word_1_299' title='bbox 1251 2292 1332 2324; x_wconf 82' lang='grc' dir='ltr'>ἑκὼν</span> <span class='ocrx_word' id='word_1_300' title='bbox 1354 2292 1392 2323; x_wconf 78' lang='grc' dir='ltr'>ἂν</span> <span class='ocrx_word' id='word_1_301' title='bbox 1414 2290 1543 2321; x_wconf 76' lang='lat' dir='ltr'><strong>Reiske</strong></span> 
     </span>
     <span class='ocr_line' id='line_1_39' title="bbox 210 2334 1545 2377; baseline -0.001 -11"><span class='ocrx_word' id='word_1_302' title='bbox 210 2344 232 2374; x_wconf 90' lang='lat'>9</span> <span class='ocrx_word' id='word_1_303' title='bbox 257 2335 284 2366; x_wconf 84' lang='grc' dir='ltr'>εἰ</span> <span class='ocrx_word' id='word_1_304' title='bbox 300 2335 410 2374; x_wconf 65' lang='lat' dir='ltr'>vulg:</span> <span class='ocrx_word' id='word_1_305' title='bbox 437 2337 456 2373; x_wconf 77' lang='grc' dir='ltr'>ἦ</span> <span class='ocrx_word' id='word_1_306' title='bbox 477 2336 499 2366; x_wconf 86' lang='lat' dir='ltr'>S</span> <span class='ocrx_word' id='word_1_307' title='bbox 516 2346 522 2365; x_wconf 75' lang='grc' dir='ltr'>ε</span> <span class='ocrx_word' id='word_1_308' title='bbox 548 2336 566 2374; x_wconf 79' lang='grc' dir='ltr'>ἢ</span> <span class='ocrx_word' id='word_1_309' title='bbox 586 2334 614 2366; x_wconf 90' lang='grc' dir='ltr'>Β</span> <span class='ocrx_word' id='word_1_310' title='bbox 768 2345 810 2366; x_wconf 84' lang='lat'>22</span> <span class='ocrx_word' id='word_1_311' title='bbox 834 2335 920 2377; x_wconf 82' lang='grc' dir='ltr'>περὶ]</span> <span class='ocrx_word' id='word_1_312' title='bbox 939 2334 1010 2377; x_wconf 87' lang='grc' dir='ltr'>παρ’</span> <span class='ocrx_word' id='word_1_313' title='bbox 1030 2336 1054 2366; x_wconf 88' lang='lat' dir='ltr'>S</span> <span class='ocrx_word' id='word_1_314' title='bbox 1210 2345 1251 2373; x_wconf 86' lang='lat'>24</span> <span class='ocrx_word' id='word_1_315' title='bbox 1275 2335 1451 2367; x_wconf 83' lang='grc' dir='ltr'>διακοσίαις</span> <span class='ocrx_word' id='word_1_316' title='bbox 1470 2334 1493 2365; x_wconf 84' lang='lat' dir='ltr'>S</span> <span class='ocrx_word' id='word_1_317' title='bbox 1510 2339 1545 2365; x_wconf 87' lang='lat' dir='ltr'>et</span> 
     </span>
    </p>
   </div>
   <div class='ocr_carea' id='block_1_8' title="bbox 210 2377 1542 2464">
    <p class='ocr_par' dir='ltr' id='par_1_8' title="bbox 210 2377 1542 2464">
     <span class='ocr_line' id='line_1_40' title="bbox 210 2377 1542 2421; baseline 0.001 -13"><span class='ocrx_word' id='word_1_318' title='bbox 210 2378 316 2408; x_wconf 82' lang='lat' dir='ltr'><strong>schol.</strong></span> <span class='ocrx_word' id='word_1_319' title='bbox 339 2388 371 2417; x_wconf 90' lang='lat' dir='ltr'>p.</span> <span class='ocrx_word' id='word_1_320' title='bbox 391 2388 464 2419; x_wconf 85' lang='lat'><strong><em>232,</em></strong></span> <span class='ocrx_word' id='word_1_321' title='bbox 489 2389 502 2409; x_wconf 92' lang='lat'>1</span> <span class='ocrx_word' id='word_1_322' title='bbox 519 2390 525 2410; x_wconf 95' lang='lat'><strong>:</strong></span> <span class='ocrx_word' id='word_1_323' title='bbox 551 2378 747 2420; x_wconf 79' lang='grc' dir='ltr'>τριακοσίαις</span> <span class='ocrx_word' id='word_1_324' title='bbox 763 2379 853 2418; x_wconf 76' lang='lat' dir='ltr'><strong>vulg.</strong></span> <span class='ocrx_word' id='word_1_325' title='bbox 953 2380 995 2409; x_wconf 79' lang='lat'>26</span> <span class='ocrx_word' id='word_1_326' title='bbox 1018 2379 1155 2421; x_wconf 80' lang='grc' dir='ltr'>τριήρεις</span> <span class='ocrx_word' id='word_1_327' title='bbox 1171 2388 1236 2411; x_wconf 89' lang='lat' dir='ltr'>om.</span> <span class='ocrx_word' id='word_1_328' title='bbox 1257 2377 1311 2409; x_wconf 89' lang='lat' dir='ltr'>A:</span> <span class='ocrx_word' id='word_1_329' title='bbox 1335 2379 1414 2410; x_wconf 85' lang='lat' dir='ltr'>secl.</span> <span class='ocrx_word' id='word_1_330' title='bbox 1435 2377 1476 2409; x_wconf 90' lang='lat' dir='ltr'>G.</span> <span class='ocrx_word' id='word_1_331' title='bbox 1496 2377 1542 2408; x_wconf 84' lang='lat' dir='ltr'>H.</span> 
     </span>
     <span class='ocr_line' id='line_1_41' title="bbox 213 2421 995 2464; baseline 0.004 -12"><span class='ocrx_word' id='word_1_332' title='bbox 213 2421 378 2453; x_wconf 82' lang='lat' dir='ltr'>Schaefer</span> <span class='ocrx_word' id='word_1_333' title='bbox 512 2432 552 2462; x_wconf 84' lang='lat'>27</span> <span class='ocrx_word' id='word_1_334' title='bbox 575 2421 650 2463; x_wconf 82' lang='grc' dir='ltr'>μηδ’</span> <span class='ocrx_word' id='word_1_335' title='bbox 667 2422 710 2464; x_wconf 84' lang='grc' dir='ltr'>εἰ]</span> <span class='ocrx_word' id='word_1_336' title='bbox 729 2422 803 2454; x_wconf 86' lang='lat' dir='ltr'><strong>fort.</strong></span> <span class='ocrx_word' id='word_1_337' title='bbox 820 2422 894 2462; x_wconf 83' lang='grc' dir='ltr'>μηδ’</span> <span class='ocrx_word' id='word_1_338' title='bbox 912 2423 950 2455; x_wconf 78' lang='grc' dir='ltr'>ἂν</span> <span class='ocrx_word' id='word_1_339' title='bbox 967 2424 995 2455; x_wconf 81' lang='grc' dir='ltr'>εἰ</span> 
     </span>
    </p>
   </div>
  </div>
 </body>
</html>
