1763 2828
75 131 189 185 [244]

148 243 191 287 56

147 517 189 553 57

142 1459 184 1495 59

71 1578 183 1634 [245]

137 2055 186 2089 60

648 130 1136 168 ,ΔΙΙΜΟΣΘΕΝΟΤΣ
1429 128 1549 181 [xvm

283 233 334 274 “A
353 237 427 286 μὲν
452 235 582 275 διώκει
607 238 675 275 τοῦ
694 236 971 287 ψηφίσματος,
994 232 1023 273 ὦ
1048 233 1186 287 ἄνδρες
1204 233 1421 286 Ἀθηναῖοι,
1443 237 1550 277 ταῦτ’

221 303 346 343 ἐστίν.
419 303 497 355 ἐγὼ
522 302 553 342 δ’
579 302 645 342 ἀπ’
672 301 800 342 αὐτῶν
824 301 972 342 τούτων
998 305 1154 354 πρῶτον
1178 301 1286 353 οἶμαι
1315 304 1437 353 δῆλον
1460 304 1552 354 ὑμῖν

221 368 404 420 ποιήσειν
429 370 491 410 ὅτι
519 368 648 410 πάντα
677 369 833 412 δικαίως
864 368 1184 421 ἀπολογήσομαι·
1223 369 1295 419 τὴν
1328 370 1404 422 γὰρ
1432 370 1553 421 αὐτὴν

220 436 343 491 τούτῳ
369 435 637 487 ποιησάμενος
661 440 738 477 τῶν
758 435 1042 489 γεγραμμένων
1061 435 1173 486 τάξιν
1192 436 1281 488 περὶ
1301 435 1458 478 πάντων
1479 439 1552 489 ἐρῶ

273 503 306 543 θῖ
337 504 353 519 r(
535 504 544 517 5
633 506 650 515 r*
754 505 764 519 Χ
827 503 836 517 5
869 506 879 516 N
941 506 949 517 t
989 503 1000 516 Χ
1223 504 1233 517 Ι
1434 507 1451 516 Α
1512 506 1524 517 x

222 520 269 544 κα
333 521 502 544 εκαστον
528 502 674 556 εφεξης
704 521 766 544 και
796 506 909 544 ουδεν
936 520 1034 543 εκων
1060 507 1312 556 παραλειψω.
1383 521 1451 544 του
1480 521 1553 555 μεν
1573 519 1590 551 5

221 571 288 611 οῦν
308 570 463 623 γράψαι
483 570 706 622 πράττοντα
732 570 794 610 καὶ
812 570 984 622 λέγοντα
1009 572 1056 610 τὰ
1081 569 1280 621 βέλτιστά
1304 587 1352 621 με
1371 574 1424 625 τῷ
1444 570 1552 626 δήμῳ

220 641 417 678 διατελεῖν
438 637 500 677 καὶ
518 638 719 689 πρόθυμον
739 637 839 678 εἶναι
858 641 985 677 ποιεῖν
1012 638 1033 677 ὅ
1059 654 1096 677 τι
1120 637 1167 678 ἂν
1190 638 1361 688 δύνωμαι
1387 638 1550 690 ἀγαθόν,

221 705 283 744 καὶ
310 707 485 745 ἐπαινεῖν
511 704 575 745 ἐπὶ
598 704 763 750 τούτοις,
785 705 826 744 ἐν
845 708 925 746 τοῖς
950 702 1297 755 πεπολιτευμένοις
1322 704 1394 754 τὴν
1421 706 1552 757 κρίσιν

220 772 318 812 εἶναι
356 771 512 822 νομίζω·
561 770 639 812 ἀπὸ
675 773 751 823 γὰρ
786 772 935 812 τούτων
972 770 1260 822 ἐξεταζομένων
1298 770 1552 823 εὑρεθήσεται

219 838 289 879 εἴτ’
314 839 442 889 ἀληθῆ
468 838 556 890 περὶ
586 839 680 889 ἐμοῦ
704 837 883 890 γέγραφε
910 841 1131 890 Κτησιφῶν
1155 842 1277 878 ταῦτα
1307 839 1369 879 καὶ
1398 838 1549 891 προσή-

218 922 336 946 κοντα
372 906 450 947 εἴτε
487 906 549 946 καὶ
581 907 723 957 ψευδῆ·
760 904 806 944 τὸ
840 907 881 945 δὲ
917 905 971 955 μὴ
1006 904 1328 957 προσγράψαντα
1365 907 1551 946 (ἐπειδὰν

216 974 286 1015 τὰς
312 973 473 1015 εὐθύνας
499 975 551 1027 δῷ
568 971 577 986 ’
604 975 842 1025 στεφανοῦν,
871 971 933 1012 καὶ
964 972 1138 1012 ἀνειπεῖν
1164 973 1206 1013 ἐν
1231 976 1284 1027 τῷ
1311 971 1458 1027 θεάτρῳ
1483 972 1552 1013 τὸν

218 1039 421 1092 στέφανον
456 1043 653 1086 κελεῦσαι,
689 1043 890 1080 κοινωνεῖν
922 1041 995 1090 μὲν
1026 1039 1195 1091 ἡγοῦμαι
1229 1039 1292 1080 καὶ
1325 1042 1438 1079 τοῦτο
1471 1043 1552 1082 τοῖς

217 1106 576 1158 πεπολιτευμένοις,
621 1106 688 1148 εἴτ’
731 1105 840 1157 ἄξιός
889 1108 966 1157 εἶμι
1006 1109 1074 1146 τοῦ
1122 1105 1325 1158 στεφάνου
1374 1106 1436 1146 καὶ
1483 1108 1552 1156 τῆς

217 1173 472 1226 ἀναρρήσεως
507 1176 576 1224 τῆς
613 1175 654 1214 ἐν
689 1174 841 1215 τούτοις
878 1175 957 1214 ε’ίτε
997 1172 1060 1213 καὶ
1098 1172 1164 1224 μή·
1214 1174 1271 1214 ἔτι
1309 1172 1444 1224 μέντοι
1488 1174 1551 1214 καὶ

216 1241 305 1284 τοὺς
329 1242 473 1292 νόμους
492 1240 665 1282 δεικτέον
686 1240 789 1281 εἶναί
810 1258 877 1291 μοι
902 1243 1020 1286 δοκεῖ,
1051 1240 1134 1280 καθ’
1156 1240 1221 1282 οὓς
1240 1243 1362 1280 ταῦτα
1380 1239 1552 1292 γράφειν

216 1308 309 1360 ἐξῆν
334 1309 470 1363 τούτῳ.
540 1309 686 1349 οὑτωσὶ
714 1307 800 1358 μέν,
827 1305 857 1347 ὦ
886 1307 1025 1360 ἄνδρες
1050 1307 1267 1358 Ἀθηναῖοι,
1296 1307 1452 1349 δικαίως
1488 1308 1551 1348 καὶ

216 1377 352 1418 ἁπλῶς
384 1376 455 1426 τὴν
489 1375 710 1428 ἀπολογίαν
744 1376 898 1427 ἔγνωκα
930 1376 1145 1425 ποιεῖσθαι,
1181 1377 1394 1426 βαδιοῦμαι
1428 1373 1460 1414 δ’
1490 1373 1550 1414 ἐπ’

214 1443 300 1483 αὕθ’
333 1443 358 1483 δι
389 1444 612 1495 πέπρακταί
644 1459 722 1493 μοι.
795 1442 861 1482 καί
890 1459 938 1492 με
973 1442 1108 1493 μηδεὶς
1145 1442 1324 1493 ἀπαρτᾶν
1359 1439 1550 1497 ὑπολάβῃ

214 1509 282 1550 τὸν
319 1511 444 1562 λόγον
481 1511 551 1560 τῆς
589 1511 758 1562 γραφῆς,
799 1510 869 1549 ἐὰν
907 1510 962 1551 εἷς
1001 1508 1243 1559 (Ελληνικὰς
1283 1506 1442 1560 πράξεις
1487 1508 1550 1548 καὶ

214 1577 361 1629 λόγους
393 1576 568 1627 ἐμπέσω·
607 1577 627 1616 ὁ
656 1578 733 1628 γὰρ
762 1576 911 1616 διώκων
943 1579 1012 1615 τοῦ
1040 1576 1304 1627 ψηφίσματος
1336 1574 1381 1615 τὸ
1413 1574 1549 1627 λέγειν

216 1644 277 1684 καὶ
310 1643 498 1696 πράττειν
527 1645 575 1683 τὰ
607 1642 752 1695 ἄριστά
783 1660 832 1693 με
863 1643 925 1683 καὶ
954 1641 1227 1695 γεγραμμένος
1256 1641 1364 1682 ταῦθ’
1397 1641 1447 1683 ὡς
1480 1641 1549 1681 οὐκ

214 1711 357 1762 ἀληθῆ,
379 1710 491 1752 οὗτός
516 1712 626 1751 ἐστιν
646 1711 666 1749 ὁ
685 1710 773 1752 τοὺς
794 1709 882 1761 περὶ
908 1708 1092 1750 ἁπάντων
1111 1713 1188 1750 τῶν
1209 1708 1293 1759 ἐμοὶ
1314 1713 1547 1749 πεπολιτευ-

213 1777 344 1829 μένων
367 1778 513 1830 λόγους
538 1778 702 1820 οἰκείους
730 1777 792 1817 καὶ
818 1777 1054 1828 ἀναγκαίους
1079 1782 1126 1833 τῇ
1151 1776 1286 1832 γραφῇ
1308 1776 1546 1826 πεποιηκώς.

215 1844 300 1886 εἶτα
325 1845 387 1885 καὶ
412 1848 576 1885 πολλῶν
596 1843 866 1897 προαιρέσεων
893 1844 1025 1884 οὐσῶν
1050 1846 1119 1894 τῆς
1138 1844 1342 1885 πολιτείας
1366 1842 1438 1893 τὴν
1459 1843 1548 1895 περὶ

214 1914 284 1954 τὰς
299 1911 539 1963 Ἑλληνικὰς
558 1910 718 1963 πράξεις
739 1911 903 1962 εἱλόμην
923 1911 1014 1963 ἐγώ,
1032 1910 1137 1951 ὥστε
1158 1910 1219 1951 καὶ
1239 1911 1308 1953 τὰς
1327 1908 1548 1960 ἀποδείξεις

214 1980 257 2019 ἐκ
283 1980 432 2020 τούτων
456 1979 602 2021 δίκαιός
627 1980 705 2029 εἶμι
729 1980 942 2018 ποιεῖσθαι.

277 2044 329 2086 “A
365 2048 437 2097 μὲν
473 2045 540 2086 οῦν
576 2045 651 2098 πρὸ
687 2048 755 2085 τοῦ
791 2044 1074 2086 πολιτεύεσθαι
1109 2045 1172 2085 καὶ
1209 2047 1445 2097 δημηγορεῖν
1478 2044 1547 2094 ἐμὲ

214 2113 421 2165 προῦλαβε
453 2113 514 2154 καὶ
544 2111 716 2165 κατέσχε
741 2113 955 2158 Φίλιππος,
983 2110 1103 2152 ἐάσω·
1140 2111 1253 2153 οὐδὲν
1277 2113 1352 2164 γὰρ
1377 2111 1546 2163 ἡγοῦμαι

214 2181 363 2221 τούτων
384 2180 483 2222 εῖναι
503 2179 599 2232 πρὸς
624 2179 706 2230 ἐμέ·
744 2179 768 2219 ἃ
787 2178 819 2218 δ’
841 2178 910 2230 ἀφ’
931 2179 976 2229 ἧς
994 2179 1140 2231 ἡμέρας
1161 2179 1226 2219 ἐπὶ
1245 2177 1351 2218 ταῦτ’
1372 2177 1545 2228 ἐπέστην

259 2302 276 2330 7
302 2292 318 2323 ὅ
334 2305 365 2323 τι
383 2292 515 2331 δύναμαι
535 2291 559 2322 S
573 2290 611 2321 L¹
627 2290 689 2321 Soli
870 2299 908 2327 19
932 2290 1076 2330 ἀπαρτᾶν
1093 2288 1238 2331 ὑπολάβῃ
1255 2287 1347 2319 Weil
1364 2299 1370 2318 :
1395 2288 1544 2330 ὑπολάβῃ

214 2337 358 2376 ἀπαρτᾶν
395 2336 519 2366 codd.:
559 2335 704 2376 ἀπαρτᾶν
740 2332 855 2375 νομίσῃ
888 2332 986 2363 Blass
1018 2343 1093 2363 curn
1124 2333 1293 2363 Alexand.
1327 2332 1370 2362 de
1402 2332 1456 2370 fig.
1489 2332 1544 2362 viii

213 2389 276 2418 434
288 2378 335 2408 W
478 2387 519 2417 23
543 2378 594 2410 καὶ
610 2376 842 2418 πεπραγμένων
859 2381 935 2415 post
952 2376 1234 2417 πεπολιτευμένων
1249 2376 1326 2407 add.
1346 2375 1377 2406 A
1391 2375 1416 2406 F
1431 2375 1520 2414 vulg.
1537 2387 1544 2406 :

212 2431 275 2454 om.
298 2421 322 2453 S
336 2420 372 2451 L1
387 2420 430 2452 Ο1

1575 853 1614 876 10

1575 1188 1611 1220 15

1571 1521 1610 1544 20

1565 2190 1606 2220 30
