<?xml version="1.0" encoding="UTF-8"?>
<!DOCTYPE html PUBLIC "-//W3C//DTD XHTML 1.0 Transitional//EN"
    "http://www.w3.org/TR/xhtml1/DTD/xhtml1-transitional.dtd">
<html xmlns="http://www.w3.org/1999/xhtml" xml:lang="en" lang="en">
 <head>
  <title>
</title>
<meta http-equiv="Content-Type" content="text/html;charset=utf-8" />
  <meta name='ocr-system' content='tesseract 3.04.00' />
  <meta name='ocr-capabilities' content='ocr_page ocr_carea ocr_par ocr_line ocrx_word'/>
</head>
<body>
  <div class='ocr_page' id='page_1' title='image "./orationesrecogno01demouoft_0354.png"; bbox 0 0 1763 2828; ppageno 0'>
   <div class='ocr_carea' id='block_1_1' title="bbox 91 140 209 193">
    <p class='ocr_par' dir='ltr' id='par_1_1' title="bbox 91 140 209 193">
     <span class='ocr_line' id='line_1_1' title="bbox 91 140 209 193; baseline -0.008 0"><span class='ocrx_word' id='word_1_1' title='bbox 91 140 209 193; x_wconf 82' lang='lat'>[364]</span> 
     </span>
    </p>
   </div>
   <div class='ocr_carea' id='block_1_2' title="bbox 92 344 209 399">
    <p class='ocr_par' dir='ltr' id='par_1_2' title="bbox 92 344 209 399">
     <span class='ocr_line' id='line_1_2' title="bbox 92 344 209 399; baseline -0.017 0"><span class='ocrx_word' id='word_1_2' title='bbox 92 344 209 399; x_wconf 68' lang='lat'>[365]</span> 
     </span>
    </p>
   </div>
   <div class='ocr_carea' id='block_1_3' title="bbox 165 921 207 956">
    <p class='ocr_par' dir='ltr' id='par_1_3' title="bbox 165 921 207 956">
     <span class='ocr_line' id='line_1_3' title="bbox 165 921 207 956; baseline 0.024 -1"><span class='ocrx_word' id='word_1_3' title='bbox 165 921 207 956; x_wconf 93' lang='lat'>77</span> 
     </span>
    </p>
   </div>
   <div class='ocr_carea' id='block_1_4' title="bbox 92 1977 210 2032">
    <p class='ocr_par' dir='ltr' id='par_1_4' title="bbox 92 1977 210 2032">
     <span class='ocr_line' id='line_1_4' title="bbox 92 1977 210 2032; baseline 0.017 -2"><span class='ocrx_word' id='word_1_4' title='bbox 92 1977 210 2032; x_wconf 85' lang='lat'>[366]</span> 
     </span>
    </p>
   </div>
   <div class='ocr_carea' id='block_1_5' title="bbox 668 138 1565 192">
    <p class='ocr_par' dir='ltr' id='par_1_5' title="bbox 668 138 1565 192">
     <span class='ocr_line' id='line_1_5' title="bbox 668 138 1565 192; baseline 0.003 -14"><span class='ocrx_word' id='word_1_5' title='bbox 668 141 1155 179; x_wconf 74' lang='grc' dir='ltr'>ΔΙΙΜΟΣΘΕΝΟΎΣ</span> <span class='ocrx_word' id='word_1_6' title='bbox 1478 138 1565 192; x_wconf 80' lang='lat' dir='ltr'>[xlx</span> 
     </span>
    </p>
   </div>
   <div class='ocr_carea' id='block_1_6' title="bbox 238 243 1571 2353">
    <p class='ocr_par' dir='ltr' id='par_1_6' title="bbox 238 243 1571 1500">
     <span class='ocr_line' id='line_1_6' title="bbox 241 243 1568 297; baseline 0.002 -13"><span class='ocrx_word' id='word_1_7' title='bbox 241 244 459 296; x_wconf 79' lang='grc' dir='ltr'>ἀνθρώπων</span> <span class='ocrx_word' id='word_1_8' title='bbox 483 245 581 296; x_wconf 80' lang='grc' dir='ltr'>μετὰ</span> <span class='ocrx_word' id='word_1_9' title='bbox 608 244 695 286; x_wconf 80' lang='grc' dir='ltr'>τοὺς</span> <span class='ocrx_word' id='word_1_10' title='bbox 722 246 824 296; x_wconf 78' lang='grc' dir='ltr'>παρὰ</span> <span class='ocrx_word' id='word_1_11' title='bbox 850 243 989 284; x_wconf 85' lang='grc' dir='ltr'>τούτου</span> <span class='ocrx_word' id='word_1_12' title='bbox 1017 245 1160 296; x_wconf 81' lang='grc' dir='ltr'>λόγους</span> <span class='ocrx_word' id='word_1_13' title='bbox 1191 244 1474 297; x_wconf 81' lang='grc' dir='ltr'>ἐξαμαρτόντος</span> <span class='ocrx_word' id='word_1_14' title='bbox 1500 247 1568 287; x_wconf 84' lang='grc' dir='ltr'>οὐκ</span> 
     </span>
     <span class='ocr_line' id='line_1_7' title="bbox 241 310 1568 364; baseline 0.002 -13"><span class='ocrx_word' id='word_1_15' title='bbox 241 310 373 363; x_wconf 79' lang='grc' dir='ltr'>ἀπέβη</span> <span class='ocrx_word' id='word_1_16' title='bbox 415 313 462 351; x_wconf 80' lang='grc' dir='ltr'>τὰ</span> <span class='ocrx_word' id='word_1_17' title='bbox 503 311 598 364; x_wconf 85' lang='grc' dir='ltr'>πρὸς</span> <span class='ocrx_word' id='word_1_18' title='bbox 645 312 742 362; x_wconf 82' lang='grc' dir='ltr'>ὑμᾶς</span> <span class='ocrx_word' id='word_1_19' title='bbox 789 311 865 351; x_wconf 85' lang='grc' dir='ltr'>ὑπὸ</span> <span class='ocrx_word' id='word_1_20' title='bbox 908 311 1044 352; x_wconf 87' lang='grc' dir='ltr'>τούτου</span> <span class='ocrx_word' id='word_1_21' title='bbox 1091 312 1178 352; x_wconf 92' lang='grc' dir='ltr'>τότε</span> <span class='ocrx_word' id='word_1_22' title='bbox 1224 311 1410 363; x_wconf 85' lang='grc' dir='ltr'>ῥηθέντα;</span> <span class='ocrx_word' id='word_1_23' title='bbox 1465 313 1568 353; x_wconf 87' lang='grc' dir='ltr'>τοῦτ’</span> 
     </span>
     <span class='ocr_line' id='line_1_8' title="bbox 240 377 1568 431; baseline 0.002 -13"><span class='ocrx_word' id='word_1_24' title='bbox 240 379 421 429; x_wconf 77' lang='grc' dir='ltr'>ἐρωτᾶτε·</span> <span class='ocrx_word' id='word_1_25' title='bbox 459 378 504 418; x_wconf 88' lang='grc' dir='ltr'>οὐ</span> <span class='ocrx_word' id='word_1_26' title='bbox 534 379 607 430; x_wconf 82' lang='grc' dir='ltr'>γὰρ</span> <span class='ocrx_word' id='word_1_27' title='bbox 638 377 717 428; x_wconf 77' lang='grc' dir='ltr'>ἕξει</span> <span class='ocrx_word' id='word_1_28' title='bbox 746 377 883 428; x_wconf 81' lang='grc' dir='ltr'>δεῖξαι.</span> <span class='ocrx_word' id='word_1_29' title='bbox 957 377 1074 419; x_wconf 84' lang='grc' dir='ltr'>πέντε</span> <span class='ocrx_word' id='word_1_30' title='bbox 1105 380 1180 430; x_wconf 81' lang='grc' dir='ltr'>γὰρ</span> <span class='ocrx_word' id='word_1_31' title='bbox 1209 377 1348 430; x_wconf 85' lang='grc' dir='ltr'>ἡμέραι</span> <span class='ocrx_word' id='word_1_32' title='bbox 1377 380 1568 431; x_wconf 87' lang='grc' dir='ltr'>γεγόνασι</span> 
     </span>
     <span class='ocr_line' id='line_1_9' title="bbox 239 443 1567 497; baseline 0.002 -12"><span class='ocrx_word' id='word_1_33' title='bbox 239 445 368 496; x_wconf 90' lang='grc' dir='ltr'>μόναι,</span> <span class='ocrx_word' id='word_1_34' title='bbox 391 446 432 485; x_wconf 88' lang='grc' dir='ltr'>ἐν</span> <span class='ocrx_word' id='word_1_35' title='bbox 459 446 518 487; x_wconf 78' lang='grc' dir='ltr'>αἶς</span> <span class='ocrx_word' id='word_1_36' title='bbox 544 445 656 487; x_wconf 77' lang='grc' dir='ltr'>οὗτος</span> <span class='ocrx_word' id='word_1_37' title='bbox 683 443 902 497; x_wconf 84' lang='grc' dir='ltr'>ἀπήγγειλε</span> <span class='ocrx_word' id='word_1_38' title='bbox 929 446 976 485; x_wconf 78' lang='grc' dir='ltr'>τὰ</span> <span class='ocrx_word' id='word_1_39' title='bbox 995 447 1137 496; x_wconf 80' lang='grc' dir='ltr'>ψευδῆ,</span> <span class='ocrx_word' id='word_1_40' title='bbox 1159 446 1267 496; x_wconf 82' lang='grc' dir='ltr'>ὑμεῖς</span> <span class='ocrx_word' id='word_1_41' title='bbox 1294 446 1567 492; x_wconf 78' lang='grc' dir='ltr'>ἐπιστεύσατε,</span> 
     </span>
     <span class='ocr_line' id='line_1_10' title="bbox 240 511 1571 558; baseline 0.002 -6"><span class='ocrx_word' id='word_1_42' title='bbox 240 513 275 552; x_wconf 84' lang='grc' dir='ltr'>οἱ</span> <span class='ocrx_word' id='word_1_43' title='bbox 311 515 463 553; x_wconf 79' lang='grc' dir='ltr'>Φωκεῖς</span> <span class='ocrx_word' id='word_1_44' title='bbox 500 511 703 558; x_wconf 85' lang='grc' dir='ltr'>ἐπύθοντο,</span> <span class='ocrx_word' id='word_1_45' title='bbox 744 511 938 552; x_wconf 76' lang='grc' dir='ltr'>ἐνέδωκαν</span> <span class='ocrx_word' id='word_1_46' title='bbox 977 512 1149 558; x_wconf 84' lang='grc' dir='ltr'>ἑαυτούς,</span> <span class='ocrx_word' id='word_1_47' title='bbox 1189 512 1410 553; x_wconf 84' lang='grc' dir='ltr'>ἀπώλοντο.</span> <span class='ocrx_word' id='word_1_48' title='bbox 1481 513 1571 554; x_wconf 86' lang='grc' dir='ltr'>ὅθεν</span> 
     </span>
     <span class='ocr_line' id='line_1_11' title="bbox 239 578 1569 632; baseline 0.002 -14"><span class='ocrx_word' id='word_1_49' title='bbox 239 578 348 629; x_wconf 78' lang='grc' dir='ltr'>οἶμαι</span> <span class='ocrx_word' id='word_1_50' title='bbox 384 580 446 618; x_wconf 85' lang='grc' dir='ltr'>καὶ</span> <span class='ocrx_word' id='word_1_51' title='bbox 483 579 602 628; x_wconf 86' lang='grc' dir='ltr'>ὃῆλόν</span> <span class='ocrx_word' id='word_1_52' title='bbox 640 579 728 619; x_wconf 90' lang='grc' dir='ltr'>ἐστι</span> <span class='ocrx_word' id='word_1_53' title='bbox 765 583 918 631; x_wconf 80' lang='grc' dir='ltr'>σαφῶς,</span> <span class='ocrx_word' id='word_1_54' title='bbox 958 580 1018 619; x_wconf 85' lang='grc' dir='ltr'>ὅτι</span> <span class='ocrx_word' id='word_1_55' title='bbox 1054 578 1150 618; x_wconf 82' lang='grc' dir='ltr'>πᾶσ’</span> <span class='ocrx_word' id='word_1_56' title='bbox 1186 578 1313 628; x_wconf 85' lang='grc' dir='ltr'>ἀπάτη</span> <span class='ocrx_word' id='word_1_57' title='bbox 1352 580 1414 620; x_wconf 87' lang='grc' dir='ltr'>καὶ</span> <span class='ocrx_word' id='word_1_58' title='bbox 1449 578 1569 632; x_wconf 84' lang='grc' dir='ltr'>τέχνη</span> 
     </span>
     <span class='ocr_line' id='line_1_12' title="bbox 240 644 1571 699; baseline 0.002 -16"><span class='ocrx_word' id='word_1_59' title='bbox 240 644 539 695; x_wconf 83' lang='grc' dir='ltr'>συνεσκευάσθη</span> <span class='ocrx_word' id='word_1_60' title='bbox 561 648 627 684; x_wconf 83' lang='grc' dir='ltr'>τοῦ</span> <span class='ocrx_word' id='word_1_61' title='bbox 647 645 735 696; x_wconf 85' lang='grc' dir='ltr'>περὶ</span> <span class='ocrx_word' id='word_1_62' title='bbox 755 645 918 688; x_wconf 77' lang='grc' dir='ltr'>Φωκέας</span> <span class='ocrx_word' id='word_1_63' title='bbox 937 644 1115 697; x_wconf 87' lang='grc' dir='ltr'>ὀλέθρου.</span> <span class='ocrx_word' id='word_1_64' title='bbox 1177 645 1222 686; x_wconf 81' lang='grc' dir='ltr'>ὃν</span> <span class='ocrx_word' id='word_1_65' title='bbox 1241 648 1312 696; x_wconf 82' lang='grc' dir='ltr'>μὲν</span> <span class='ocrx_word' id='word_1_66' title='bbox 1332 647 1406 697; x_wconf 77' lang='grc' dir='ltr'>γὰρ</span> <span class='ocrx_word' id='word_1_67' title='bbox 1425 646 1571 699; x_wconf 90' lang='grc' dir='ltr'>χρόνον</span> 
     </span>
     <span class='ocr_line' id='line_1_13' title="bbox 238 710 1570 765; baseline 0.002 -14"><span class='ocrx_word' id='word_1_68' title='bbox 238 711 311 765; x_wconf 82' lang='grc' dir='ltr'>οὐχ</span> <span class='ocrx_word' id='word_1_69' title='bbox 342 712 421 753; x_wconf 81' lang='grc' dir='ltr'>οἶός</span> <span class='ocrx_word' id='word_1_70' title='bbox 446 711 478 751; x_wconf 92' lang='grc' dir='ltr'>τ’</span> <span class='ocrx_word' id='word_1_71' title='bbox 505 710 552 762; x_wconf 79' lang='grc' dir='ltr'>ἦν</span> <span class='ocrx_word' id='word_1_72' title='bbox 579 713 710 752; x_wconf 86' lang='grc' dir='ltr'>ἐλθεῖν</span> <span class='ocrx_word' id='word_1_73' title='bbox 741 713 761 751; x_wconf 92' lang='grc' dir='ltr'>ὁ</span> <span class='ocrx_word' id='word_1_74' title='bbox 786 712 988 754; x_wconf 81' lang='grc' dir='ltr'>Φίλιππος</span> <span class='ocrx_word' id='word_1_75' title='bbox 1018 714 1081 752; x_wconf 78' lang='grc' dir='ltr'>διὰ</span> <span class='ocrx_word' id='word_1_76' title='bbox 1111 712 1181 763; x_wconf 76' lang='grc' dir='ltr'>τὴν</span> <span class='ocrx_word' id='word_1_77' title='bbox 1208 711 1378 764; x_wconf 81' lang='grc' dir='ltr'>εἰρήνην,</span> <span class='ocrx_word' id='word_1_78' title='bbox 1407 712 1498 752; x_wconf 81' lang='grc' dir='ltr'>ἀλλ’</span> <span class='ocrx_word' id='word_1_79' title='bbox 1523 711 1570 763; x_wconf 83' lang='grc' dir='ltr'>ἦν</span> 
     </span>
     <span class='ocr_line' id='line_1_14' title="bbox 239 778 1571 835; baseline 0 -17"><span class='ocrx_word' id='word_1_80' title='bbox 239 780 282 818; x_wconf 88' lang='grc' dir='ltr'>ἐν</span> <span class='ocrx_word' id='word_1_81' title='bbox 312 784 551 835; x_wconf 76' lang='grc' dir='ltr'>παρασκευῇ,</span> <span class='ocrx_word' id='word_1_82' title='bbox 579 779 668 820; x_wconf 86' lang='grc' dir='ltr'>τοὺς</span> <span class='ocrx_word' id='word_1_83' title='bbox 695 780 1024 829; x_wconf 76' lang='grc' dir='ltr'>Λακεδαιμονίους</span> <span class='ocrx_word' id='word_1_84' title='bbox 1053 779 1337 830; x_wconf 91' lang='grc' dir='ltr'>μετεπέμπετο,</span> <span class='ocrx_word' id='word_1_85' title='bbox 1366 778 1495 819; x_wconf 87' lang='grc' dir='ltr'>πάντα</span> <span class='ocrx_word' id='word_1_86' title='bbox 1523 780 1571 818; x_wconf 83' lang='grc' dir='ltr'>τὰ</span> 
     </span>
     <span class='ocr_line' id='line_1_15' title="bbox 240 844 1571 898; baseline 0 -13"><span class='ocrx_word' id='word_1_87' title='bbox 240 844 437 897; x_wconf 82' lang='grc' dir='ltr'>πράγμαθ’</span> <span class='ocrx_word' id='word_1_88' title='bbox 470 845 746 898; x_wconf 83' lang='grc' dir='ltr'>ὑποσχόμενος</span> <span class='ocrx_word' id='word_1_89' title='bbox 783 844 942 897; x_wconf 83' lang='grc' dir='ltr'>πράξειν</span> <span class='ocrx_word' id='word_1_90' title='bbox 979 846 1154 891; x_wconf 90' lang='grc' dir='ltr'>ἐκείνοις,</span> <span class='ocrx_word' id='word_1_91' title='bbox 1195 847 1259 886; x_wconf 86' lang='grc' dir='ltr'>ἵνα</span> <span class='ocrx_word' id='word_1_92' title='bbox 1294 845 1345 895; x_wconf 79' lang='grc' dir='ltr'>μὴ</span> <span class='ocrx_word' id='word_1_93' title='bbox 1383 845 1431 885; x_wconf 85' lang='grc' dir='ltr'>δι’</span> <span class='ocrx_word' id='word_1_94' title='bbox 1464 846 1571 895; x_wconf 83' lang='grc' dir='ltr'>ὑμῶν</span> 
     </span>
     <span class='ocr_line' id='line_1_16' title="bbox 240 911 1569 963; baseline 0.002 -11"><span class='ocrx_word' id='word_1_95' title='bbox 240 911 381 953; x_wconf 81' lang='grc' dir='ltr'>αὐτοὺς</span> <span class='ocrx_word' id='word_1_96' title='bbox 401 914 437 952; x_wconf 83' lang='grc' dir='ltr'>οἱ</span> <span class='ocrx_word' id='word_1_97' title='bbox 457 915 607 954; x_wconf 81' lang='grc' dir='ltr'>Φωκεῖς</span> <span class='ocrx_word' id='word_1_98' title='bbox 625 911 959 962; x_wconf 83' lang='grc' dir='ltr'>ὑποποιήσωνται.</span> <span class='ocrx_word' id='word_1_99' title='bbox 1020 912 1153 963; x_wconf 81' lang='grc' dir='ltr'>ἐπειδὴ</span> <span class='ocrx_word' id='word_1_100' title='bbox 1176 912 1208 952; x_wconf 83' lang='grc' dir='ltr'>δ’</span> <span class='ocrx_word' id='word_1_101' title='bbox 1228 911 1321 963; x_wconf 80' lang='grc' dir='ltr'>ἧκεν</span> <span class='ocrx_word' id='word_1_102' title='bbox 1341 913 1395 954; x_wconf 85' lang='grc' dir='ltr'>εἰς</span> <span class='ocrx_word' id='word_1_103' title='bbox 1417 912 1569 958; x_wconf 86' lang='grc' dir='ltr'>Πύλας,</span> 
     </span>
     <span class='ocr_line' id='line_1_17' title="bbox 239 978 1567 1032; baseline 0 -14"><span class='ocrx_word' id='word_1_104' title='bbox 239 981 275 1019; x_wconf 82' lang='grc' dir='ltr'>οἱ</span> <span class='ocrx_word' id='word_1_105' title='bbox 308 978 611 1029; x_wconf 71' lang='grc' dir='ltr'>Λακεδαιμόνιοι</span> <span class='ocrx_word' id='word_1_106' title='bbox 648 978 680 1018; x_wconf 86' lang='grc' dir='ltr'>δ’</span> <span class='ocrx_word' id='word_1_107' title='bbox 714 979 946 1030; x_wconf 80' lang='grc' dir='ltr'>αἰσθόμενοι</span> <span class='ocrx_word' id='word_1_108' title='bbox 981 979 1052 1029; x_wconf 78' lang='grc' dir='ltr'>τὴν</span> <span class='ocrx_word' id='word_1_109' title='bbox 1091 978 1252 1030; x_wconf 81' lang='grc' dir='ltr'>ἐνέδραν</span> <span class='ocrx_word' id='word_1_110' title='bbox 1288 979 1567 1032; x_wconf 81' lang='grc' dir='ltr'>ὑπεχώρησαν,</span> 
     </span>
     <span class='ocr_line' id='line_1_18' title="bbox 240 1045 1571 1097; baseline 0.001 -12"><span class='ocrx_word' id='word_1_111' title='bbox 240 1048 378 1086; x_wconf 87' lang='grc' dir='ltr'>τοῦτον</span> <span class='ocrx_word' id='word_1_112' title='bbox 407 1045 454 1085; x_wconf 76' lang='grc' dir='ltr'>αὖ</span> <span class='ocrx_word' id='word_1_113' title='bbox 485 1048 729 1097; x_wconf 85' lang='grc' dir='ltr'>προκαθῆκεν</span> <span class='ocrx_word' id='word_1_114' title='bbox 756 1045 955 1096; x_wconf 78' lang='grc' dir='ltr'>ἐξαπατᾶν</span> <span class='ocrx_word' id='word_1_115' title='bbox 985 1047 1096 1097; x_wconf 81' lang='grc' dir='ltr'>ὑμᾶς,</span> <span class='ocrx_word' id='word_1_116' title='bbox 1127 1047 1191 1086; x_wconf 88' lang='grc' dir='ltr'>ἵνα</span> <span class='ocrx_word' id='word_1_117' title='bbox 1218 1045 1270 1096; x_wconf 77' lang='grc' dir='ltr'>μὴ</span> <span class='ocrx_word' id='word_1_118' title='bbox 1301 1045 1436 1092; x_wconf 88' lang='grc' dir='ltr'>πάλιν,</span> <span class='ocrx_word' id='word_1_119' title='bbox 1463 1046 1571 1096; x_wconf 87' lang='grc' dir='ltr'>ὑμῶν</span> 
     </span>
     <span class='ocr_line' id='line_1_19' title="bbox 239 1111 1571 1166; baseline 0.002 -14"><span class='ocrx_word' id='word_1_120' title='bbox 239 1111 489 1163; x_wconf 82' lang='grc' dir='ltr'>αἰσθομένων</span> <span class='ocrx_word' id='word_1_121' title='bbox 514 1114 574 1153; x_wconf 89' lang='grc' dir='ltr'>ὅτι</span> <span class='ocrx_word' id='word_1_122' title='bbox 595 1113 794 1164; x_wconf 81' lang='grc' dir='ltr'>Θηβαίοις</span> <span class='ocrx_word' id='word_1_123' title='bbox 819 1114 867 1152; x_wconf 82' lang='grc' dir='ltr'>τὰ</span> <span class='ocrx_word' id='word_1_124' title='bbox 892 1112 1103 1165; x_wconf 91' lang='grc' dir='ltr'>πράγματα</span> <span class='ocrx_word' id='word_1_125' title='bbox 1129 1111 1301 1165; x_wconf 83' lang='grc' dir='ltr'>πράττει,</span> <span class='ocrx_word' id='word_1_126' title='bbox 1326 1113 1380 1154; x_wconf 90' lang='grc' dir='ltr'>εἰς</span> <span class='ocrx_word' id='word_1_127' title='bbox 1405 1113 1571 1166; x_wconf 82' lang='grc' dir='ltr'>χρόνους</span> 
     </span>
     <span class='ocr_line' id='line_1_20' title="bbox 242 1178 1568 1236; baseline 0 -16"><span class='ocrx_word' id='word_1_128' title='bbox 242 1180 304 1220; x_wconf 82' lang='grc' dir='ltr'>καὶ</span> <span class='ocrx_word' id='word_1_129' title='bbox 337 1180 513 1231; x_wconf 85' lang='grc' dir='ltr'>πόλεμον</span> <span class='ocrx_word' id='word_1_130' title='bbox 543 1180 605 1220; x_wconf 90' lang='grc' dir='ltr'>καὶ</span> <span class='ocrx_word' id='word_1_131' title='bbox 637 1180 780 1232; x_wconf 76' lang='grc' dir='ltr'>τριβὴν</span> <span class='ocrx_word' id='word_1_132' title='bbox 812 1179 979 1236; x_wconf 84' lang='grc' dir='ltr'>ἐμπέσῃ,</span> <span class='ocrx_word' id='word_1_133' title='bbox 1011 1183 1089 1220; x_wconf 83' lang='grc' dir='ltr'>τῶν</span> <span class='ocrx_word' id='word_1_134' title='bbox 1118 1181 1188 1230; x_wconf 82' lang='grc' dir='ltr'>μὲν</span> <span class='ocrx_word' id='word_1_135' title='bbox 1220 1178 1394 1220; x_wconf 86' lang='grc' dir='ltr'>Φωκέων</span> <span class='ocrx_word' id='word_1_136' title='bbox 1427 1181 1568 1230; x_wconf 85' lang='grc' dir='ltr'>ἀμυνο-</span> 
     </span>
     <span class='ocr_line' id='line_1_21' title="bbox 239 1245 1571 1301; baseline -0.001 -14"><span class='ocrx_word' id='word_1_137' title='bbox 239 1245 381 1297; x_wconf 88' lang='grc' dir='ltr'>μένων,</span> <span class='ocrx_word' id='word_1_138' title='bbox 408 1247 514 1297; x_wconf 84' lang='grc' dir='ltr'>ὑμῶν</span> <span class='ocrx_word' id='word_1_139' title='bbox 539 1248 580 1287; x_wconf 81' lang='grc' dir='ltr'>δὲ</span> <span class='ocrx_word' id='word_1_140' title='bbox 605 1247 873 1297; x_wconf 80' lang='grc' dir='ltr'>βοηθούντων,</span> <span class='ocrx_word' id='word_1_141' title='bbox 902 1246 994 1287; x_wconf 80' lang='grc' dir='ltr'>ἀλλ’</span> <span class='ocrx_word' id='word_1_142' title='bbox 1014 1247 1183 1288; x_wconf 82' lang='grc' dir='ltr'>ἀκονιτεὶ</span> <span class='ocrx_word' id='word_1_143' title='bbox 1211 1246 1326 1288; x_wconf 84' lang='grc' dir='ltr'>πάνθ’</span> <span class='ocrx_word' id='word_1_144' title='bbox 1353 1246 1421 1298; x_wconf 86' lang='grc' dir='ltr'>ὑφ’</span> <span class='ocrx_word' id='word_1_145' title='bbox 1447 1248 1571 1301; x_wconf 80' lang='grc' dir='ltr'>ἑαυτῷ</span> 
     </span>
     <span class='ocr_line' id='line_1_22' title="bbox 241 1312 1568 1366; baseline 0.001 -13"><span class='ocrx_word' id='word_1_146' title='bbox 241 1312 465 1364; x_wconf 87' lang='grc' dir='ltr'>ποιήσηται·</span> <span class='ocrx_word' id='word_1_147' title='bbox 507 1314 603 1366; x_wconf 85' lang='grc' dir='ltr'>ὅπερ</span> <span class='ocrx_word' id='word_1_148' title='bbox 641 1313 703 1355; x_wconf 84' lang='grc' dir='ltr'>καὶ</span> <span class='ocrx_word' id='word_1_149' title='bbox 740 1313 915 1366; x_wconf 91' lang='grc' dir='ltr'>γέγονεν.</span> <span class='ocrx_word' id='word_1_150' title='bbox 990 1314 1043 1364; x_wconf 80' lang='grc' dir='ltr'>μὴ</span> <span class='ocrx_word' id='word_1_151' title='bbox 1079 1314 1146 1354; x_wconf 78' lang='grc' dir='ltr'>οὖν</span> <span class='ocrx_word' id='word_1_152' title='bbox 1182 1314 1242 1354; x_wconf 88' lang='grc' dir='ltr'>ὅτι</span> <span class='ocrx_word' id='word_1_153' title='bbox 1279 1314 1340 1354; x_wconf 90' lang='grc' dir='ltr'>καὶ</span> <span class='ocrx_word' id='word_1_154' title='bbox 1380 1316 1568 1354; x_wconf 84' lang='grc' dir='ltr'>Λακεδαι-</span> 
     </span>
     <span class='ocr_line' id='line_1_23' title="bbox 239 1379 1571 1431; baseline 0.002 -11"><span class='ocrx_word' id='word_1_155' title='bbox 239 1381 397 1431; x_wconf 87' lang='grc' dir='ltr'>μονίους</span> <span class='ocrx_word' id='word_1_156' title='bbox 422 1381 484 1422; x_wconf 86' lang='grc' dir='ltr'>καὶ</span> <span class='ocrx_word' id='word_1_157' title='bbox 504 1380 666 1422; x_wconf 82' lang='grc' dir='ltr'>Φωκέας</span> <span class='ocrx_word' id='word_1_158' title='bbox 691 1379 916 1431; x_wconf 79' lang='grc' dir='ltr'>ἐξηπάτησε</span> <span class='ocrx_word' id='word_1_159' title='bbox 937 1381 1151 1428; x_wconf 84' lang='grc' dir='ltr'>Φίλιππος,</span> <span class='ocrx_word' id='word_1_160' title='bbox 1179 1382 1241 1421; x_wconf 83' lang='grc' dir='ltr'>διὰ</span> <span class='ocrx_word' id='word_1_161' title='bbox 1269 1379 1375 1421; x_wconf 79' lang='grc' dir='ltr'>ταῦθ’</span> <span class='ocrx_word' id='word_1_162' title='bbox 1395 1381 1449 1422; x_wconf 78' lang='grc' dir='ltr'>ὧν</span> <span class='ocrx_word' id='word_1_163' title='bbox 1473 1381 1571 1431; x_wconf 80' lang='grc' dir='ltr'>ὑμᾶς</span> 
     </span>
     <span class='ocr_line' id='line_1_24' title="bbox 241 1446 1322 1500; baseline 0.002 -14"><span class='ocrx_word' id='word_1_164' title='bbox 241 1447 352 1489; x_wconf 77' lang='grc' dir='ltr'>οὗτος</span> <span class='ocrx_word' id='word_1_165' title='bbox 379 1446 603 1498; x_wconf 82' lang='grc' dir='ltr'>ἐξηπάτησε</span> <span class='ocrx_word' id='word_1_166' title='bbox 627 1447 678 1498; x_wconf 80' lang='grc' dir='ltr'>μὴ</span> <span class='ocrx_word' id='word_1_167' title='bbox 705 1448 804 1487; x_wconf 86' lang='grc' dir='ltr'>δότω</span> <span class='ocrx_word' id='word_1_168' title='bbox 831 1448 952 1498; x_wconf 86' lang='grc' dir='ltr'>δίκην·</span> <span class='ocrx_word' id='word_1_169' title='bbox 990 1447 1034 1487; x_wconf 86' lang='grc' dir='ltr'>οὐ</span> <span class='ocrx_word' id='word_1_170' title='bbox 1059 1449 1134 1500; x_wconf 81' lang='grc' dir='ltr'>γὰρ</span> <span class='ocrx_word' id='word_1_171' title='bbox 1160 1449 1322 1488; x_wconf 88' lang='grc' dir='ltr'>δίκαιον.</span> 
     </span>
    </p>

    <p class='ocr_par' dir='ltr' id='par_1_7' title="bbox 240 1512 1570 2167">
     <span class='ocr_line' id='line_1_25' title="bbox 299 1512 1570 1555; baseline 0.001 -2"><span class='ocrx_word' id='word_1_172' title='bbox 299 1512 378 1554; x_wconf 54' lang='lat' dir='ltr'>*⁸sz</span> <span class='ocrx_word' id='word_1_173' title='bbox 402 1515 533 1555; x_wconf 91' lang='grc' dir='ltr'>τοίνυν</span> <span class='ocrx_word' id='word_1_174' title='bbox 562 1515 649 1554; x_wconf 83' lang='grc' dir='ltr'>ἀντὶ</span> <span class='ocrx_word' id='word_1_175' title='bbox 674 1513 845 1554; x_wconf 78' lang='grc' dir='ltr'>Φωκέων</span> <span class='ocrx_word' id='word_1_176' title='bbox 872 1514 934 1554; x_wconf 83' lang='grc' dir='ltr'>καὶ</span> <span class='ocrx_word' id='word_1_177' title='bbox 962 1517 1108 1555; x_wconf 87' lang='grc' dir='ltr'>Πυλῶν</span> <span class='ocrx_word' id='word_1_178' title='bbox 1138 1515 1200 1555; x_wconf 89' lang='grc' dir='ltr'>καὶ</span> <span class='ocrx_word' id='word_1_179' title='bbox 1227 1518 1305 1554; x_wconf 80' lang='grc' dir='ltr'>τῶν</span> <span class='ocrx_word' id='word_1_180' title='bbox 1331 1513 1467 1554; x_wconf 83' lang='grc' dir='ltr'>ἄλλων</span> <span class='ocrx_word' id='word_1_181' title='bbox 1493 1517 1570 1554; x_wconf 83' lang='grc' dir='ltr'>τῶν</span> 
     </span>
     <span class='ocr_line' id='line_1_26' title="bbox 241 1579 1570 1636; baseline 0.001 -16"><span class='ocrx_word' id='word_1_182' title='bbox 241 1581 510 1621; x_wconf 81' lang='grc' dir='ltr'>ἀπολωλότων</span> <span class='ocrx_word' id='word_1_183' title='bbox 536 1581 789 1633; x_wconf 77' lang='grc' dir='ltr'>Χερρόνησος</span> <span class='ocrx_word' id='word_1_184' title='bbox 819 1580 870 1622; x_wconf 85' lang='grc' dir='ltr'>ὡς</span> <span class='ocrx_word' id='word_1_185' title='bbox 900 1581 1077 1632; x_wconf 87' lang='grc' dir='ltr'>περίεστι</span> <span class='ocrx_word' id='word_1_186' title='bbox 1107 1581 1152 1636; x_wconf 80' lang='grc' dir='ltr'>τῇ</span> <span class='ocrx_word' id='word_1_187' title='bbox 1186 1582 1301 1621; x_wconf 90' lang='grc' dir='ltr'>πόλει</span> <span class='ocrx_word' id='word_1_188' title='bbox 1330 1579 1442 1636; x_wconf 83' lang='grc' dir='ltr'>λέγῃ,</span> <span class='ocrx_word' id='word_1_189' title='bbox 1474 1579 1570 1632; x_wconf 86' lang='grc' dir='ltr'>πρὸς</span> 
     </span>
     <span class='ocr_line' id='line_1_27' title="bbox 243 1646 1569 1699; baseline 0 -13"><span class='ocrx_word' id='word_1_190' title='bbox 243 1647 339 1689; x_wconf 84' lang='grc' dir='ltr'>Διὸς</span> <span class='ocrx_word' id='word_1_191' title='bbox 380 1647 442 1687; x_wconf 84' lang='grc' dir='ltr'>καὶ</span> <span class='ocrx_word' id='word_1_192' title='bbox 481 1650 579 1688; x_wconf 84' lang='grc' dir='ltr'>θεῶν</span> <span class='ocrx_word' id='word_1_193' title='bbox 616 1647 668 1698; x_wconf 79' lang='grc' dir='ltr'>μὴ</span> <span class='ocrx_word' id='word_1_194' title='bbox 708 1646 958 1697; x_wconf 80' lang='grc' dir='ltr'>ἀποδέξησθ’,</span> <span class='ocrx_word' id='word_1_195' title='bbox 1000 1646 1029 1687; x_wconf 71' lang='grc' dir='ltr'><em>ὦ</em></span> <span class='ocrx_word' id='word_1_196' title='bbox 1073 1646 1209 1699; x_wconf 81' lang='grc' dir='ltr'>ἄνδρες</span> <span class='ocrx_word' id='word_1_197' title='bbox 1246 1648 1440 1693; x_wconf 88' lang='grc' dir='ltr'>δικασταί,</span> <span class='ocrx_word' id='word_1_198' title='bbox 1481 1646 1569 1697; x_wconf 88' lang='grc' dir='ltr'>μηδ’</span> 
     </span>
     <span class='ocr_line' id='line_1_28' title="bbox 241 1713 1569 1765; baseline 0 -12"><span class='ocrx_word' id='word_1_199' title='bbox 241 1714 486 1765; x_wconf 86' lang='grc' dir='ltr'>ὑπομείνητε,</span> <span class='ocrx_word' id='word_1_200' title='bbox 522 1714 618 1765; x_wconf 87' lang='grc' dir='ltr'>πρὸς</span> <span class='ocrx_word' id='word_1_201' title='bbox 653 1714 710 1754; x_wconf 75' lang='grc' dir='ltr'>οἷς</span> <span class='ocrx_word' id='word_1_202' title='bbox 747 1715 788 1753; x_wconf 92' lang='grc' dir='ltr'>ἐκ</span> <span class='ocrx_word' id='word_1_203' title='bbox 824 1716 892 1763; x_wconf 82' lang='grc' dir='ltr'>τῆς</span> <span class='ocrx_word' id='word_1_204' title='bbox 930 1715 1150 1764; x_wconf 83' lang='grc' dir='ltr'>πρεσβείας</span> <span class='ocrx_word' id='word_1_205' title='bbox 1186 1714 1389 1763; x_wconf 72' lang='grc' dir='ltr'>ἠδίκησθε,</span> <span class='ocrx_word' id='word_1_206' title='bbox 1429 1713 1490 1753; x_wconf 87' lang='grc' dir='ltr'>καὶ</span> <span class='ocrx_word' id='word_1_207' title='bbox 1526 1715 1569 1753; x_wconf 89' lang='grc' dir='ltr'>ἐκ</span> 
     </span>
     <span class='ocr_line' id='line_1_29' title="bbox 242 1779 1569 1836; baseline 0 -15"><span class='ocrx_word' id='word_1_208' title='bbox 242 1783 310 1830; x_wconf 86' lang='grc' dir='ltr'>τῆς</span> <span class='ocrx_word' id='word_1_209' title='bbox 342 1781 562 1832; x_wconf 82' lang='grc' dir='ltr'>ἀπολογίας</span> <span class='ocrx_word' id='word_1_210' title='bbox 594 1782 742 1821; x_wconf 79' lang='grc' dir='ltr'>ὄνειδος</span> <span class='ocrx_word' id='word_1_211' title='bbox 773 1783 1250 1832; x_wconf 84' lang='grc' dir='ltr'>προσκατασκευασθῆναι</span> <span class='ocrx_word' id='word_1_212' title='bbox 1282 1781 1326 1836; x_wconf 79' lang='grc' dir='ltr'>τῇ</span> <span class='ocrx_word' id='word_1_213' title='bbox 1357 1781 1485 1826; x_wconf 87' lang='grc' dir='ltr'>πόλει,</span> <span class='ocrx_word' id='word_1_214' title='bbox 1518 1779 1569 1822; x_wconf 85' lang='grc' dir='ltr'>ὡς</span> 
     </span>
     <span class='ocr_line' id='line_1_30' title="bbox 241 1846 1570 1899; baseline 0.001 -13"><span class='ocrx_word' id='word_1_215' title='bbox 241 1846 301 1899; x_wconf 79' lang='grc' dir='ltr'>ἄρ’</span> <span class='ocrx_word' id='word_1_216' title='bbox 334 1848 441 1898; x_wconf 85' lang='grc' dir='ltr'>ὑμεῖς</span> <span class='ocrx_word' id='word_1_217' title='bbox 477 1851 553 1888; x_wconf 83' lang='grc' dir='ltr'>τῶν</span> <span class='ocrx_word' id='word_1_218' title='bbox 587 1848 694 1888; x_wconf 85' lang='grc' dir='ltr'>ἰδίων</span> <span class='ocrx_word' id='word_1_219' title='bbox 726 1864 762 1887; x_wconf 91' lang='grc' dir='ltr'>τι</span> <span class='ocrx_word' id='word_1_220' title='bbox 801 1846 1003 1898; x_wconf 90' lang='grc' dir='ltr'>κτημάτων</span> <span class='ocrx_word' id='word_1_221' title='bbox 1035 1847 1360 1899; x_wconf 81' lang='grc' dir='ltr'>ὑπεξαιρούμενοι</span> <span class='ocrx_word' id='word_1_222' title='bbox 1390 1846 1462 1897; x_wconf 80' lang='grc' dir='ltr'>τὴν</span> <span class='ocrx_word' id='word_1_223' title='bbox 1492 1850 1570 1887; x_wconf 82' lang='grc' dir='ltr'>τῶν</span> 
     </span>
     <span class='ocr_line' id='line_1_31' title="bbox 243 1912 1566 1967; baseline 0 -14"><span class='ocrx_word' id='word_1_224' title='bbox 243 1913 462 1967; x_wconf 84' lang='grc' dir='ltr'>συμμάχων</span> <span class='ocrx_word' id='word_1_225' title='bbox 488 1915 687 1965; x_wconf 86' lang='grc' dir='ltr'>σωτηρίαν</span> <span class='ocrx_word' id='word_1_226' title='bbox 713 1913 952 1966; x_wconf 87' lang='grc' dir='ltr'>προήκασθε.</span> <span class='ocrx_word' id='word_1_227' title='bbox 1024 1914 1068 1954; x_wconf 83' lang='grc' dir='ltr'>οὐ</span> <span class='ocrx_word' id='word_1_228' title='bbox 1097 1916 1172 1967; x_wconf 81' lang='grc' dir='ltr'>γὰρ</span> <span class='ocrx_word' id='word_1_229' title='bbox 1197 1912 1412 1964; x_wconf 87' lang='grc' dir='ltr'>ἐποιήσατε</span> <span class='ocrx_word' id='word_1_230' title='bbox 1439 1917 1566 1960; x_wconf 84' lang='grc' dir='ltr'>τοῦτο,</span> 
     </span>
     <span class='ocr_line' id='line_1_32' title="bbox 243 1978 1568 2035; baseline 0.001 -14"><span class='ocrx_word' id='word_1_231' title='bbox 243 1981 333 2021; x_wconf 79' lang='grc' dir='ltr'>ἀλλ’</span> <span class='ocrx_word' id='word_1_232' title='bbox 363 1980 434 2032; x_wconf 84' lang='grc' dir='ltr'>ἤδη</span> <span class='ocrx_word' id='word_1_233' title='bbox 464 1983 531 2032; x_wconf 88' lang='grc' dir='ltr'>τῆς</span> <span class='ocrx_word' id='word_1_234' title='bbox 565 1980 719 2033; x_wconf 85' lang='grc' dir='ltr'>εἰρήνης</span> <span class='ocrx_word' id='word_1_235' title='bbox 750 1983 958 2033; x_wconf 82' lang='grc' dir='ltr'>γεγονυίας</span> <span class='ocrx_word' id='word_1_236' title='bbox 988 1982 1050 2022; x_wconf 81' lang='grc' dir='ltr'>καὶ</span> <span class='ocrx_word' id='word_1_237' title='bbox 1079 1984 1147 2031; x_wconf 85' lang='grc' dir='ltr'>τῆς</span> <span class='ocrx_word' id='word_1_238' title='bbox 1177 1979 1433 2033; x_wconf 87' lang='grc' dir='ltr'>Χερρονήσου</span> <span class='ocrx_word' id='word_1_239' title='bbox 1463 1978 1568 2035; x_wconf 85' lang='grc' dir='ltr'>σῴας</span> 
     </span>
     <span class='ocr_line' id='line_1_33' title="bbox 242 2046 1565 2103; baseline 0 -16"><span class='ocrx_word' id='word_1_240' title='bbox 242 2049 363 2098; x_wconf 79' lang='grc' dir='ltr'>οὔσης</span> <span class='ocrx_word' id='word_1_241' title='bbox 383 2047 568 2100; x_wconf 89' lang='grc' dir='ltr'>τέτταρας</span> <span class='ocrx_word' id='word_1_242' title='bbox 587 2050 712 2099; x_wconf 85' lang='grc' dir='ltr'>μῆνας</span> <span class='ocrx_word' id='word_1_243' title='bbox 727 2049 844 2090; x_wconf 86' lang='grc' dir='ltr'>ὅλους</span> <span class='ocrx_word' id='word_1_244' title='bbox 861 2046 1045 2103; x_wconf 75' lang='grc' dir='ltr'>ἐσῴζονθ’</span> <span class='ocrx_word' id='word_1_245' title='bbox 1061 2050 1096 2089; x_wconf 83' lang='grc' dir='ltr'>οἱ</span> <span class='ocrx_word' id='word_1_246' title='bbox 1114 2051 1265 2090; x_wconf 88' lang='grc' dir='ltr'>Φωκεῖς</span> <span class='ocrx_word' id='word_1_247' title='bbox 1281 2047 1371 2089; x_wconf 85' lang='grc' dir='ltr'>τοὺς</span> <span class='ocrx_word' id='word_1_248' title='bbox 1386 2047 1565 2098; x_wconf 83' lang='grc' dir='ltr'>ὕστερον,</span> 
     </span>
     <span class='ocr_line' id='line_1_34' title="bbox 240 2113 1565 2167; baseline -0.002 -12"><span class='ocrx_word' id='word_1_249' title='bbox 240 2115 262 2165; x_wconf 84' lang='grc' dir='ltr'>ἡ</span> <span class='ocrx_word' id='word_1_250' title='bbox 297 2117 339 2156; x_wconf 82' lang='grc' dir='ltr'>δὲ</span> <span class='ocrx_word' id='word_1_251' title='bbox 370 2115 508 2156; x_wconf 86' lang='grc' dir='ltr'>τούτου</span> <span class='ocrx_word' id='word_1_252' title='bbox 542 2115 788 2167; x_wconf 82' lang='grc' dir='ltr'>ψευδολογία</span> <span class='ocrx_word' id='word_1_253' title='bbox 819 2117 917 2165; x_wconf 80' lang='grc' dir='ltr'>μετὰ</span> <span class='ocrx_word' id='word_1_254' title='bbox 947 2115 1056 2155; x_wconf 81' lang='grc' dir='ltr'>ταῦθ’</span> <span class='ocrx_word' id='word_1_255' title='bbox 1088 2115 1255 2167; x_wconf 83' lang='grc' dir='ltr'>ὕστερον</span> <span class='ocrx_word' id='word_1_256' title='bbox 1287 2113 1426 2155; x_wconf 85' lang='grc' dir='ltr'>αὐτοὺς</span> <span class='ocrx_word' id='word_1_257' title='bbox 1458 2113 1565 2154; x_wconf 84' lang='grc' dir='ltr'>ἀπώ-</span> 
     </span>
    </p>

    <p class='ocr_par' dir='ltr' id='par_1_8' title="bbox 243 2222 1569 2353">
     <span class='ocr_line' id='line_1_35' title="bbox 285 2222 1569 2265; baseline -0.003 -9"><span class='ocrx_word' id='word_1_258' title='bbox 285 2234 304 2262; x_wconf 86' lang='grc'>3</span> <span class='ocrx_word' id='word_1_259' title='bbox 329 2224 440 2265; x_wconf 73' lang='grc' dir='ltr'>ἡμέραι</span> <span class='ocrx_word' id='word_1_260' title='bbox 457 2228 537 2255; x_wconf 86' lang='lat' dir='ltr'>ante</span> <span class='ocrx_word' id='word_1_261' title='bbox 553 2223 711 2265; x_wconf 71' lang='grc' dir='ltr'>’γεγόνασι</span> <span class='ocrx_word' id='word_1_262' title='bbox 730 2224 753 2254; x_wconf 79' lang='lat' dir='ltr'>S</span> <span class='ocrx_word' id='word_1_263' title='bbox 767 2223 792 2253; x_wconf 92' lang='lat' dir='ltr'>L</span> <span class='ocrx_word' id='word_1_264' title='bbox 805 2223 834 2253; x_wconf 83' lang='lat' dir='ltr'><strong>Y</strong></span> <span class='ocrx_word' id='word_1_265' title='bbox 852 2234 857 2253; x_wconf 73' lang='grc' dir='ltr'>ι</span> <span class='ocrx_word' id='word_1_266' title='bbox 883 2229 959 2262; x_wconf 80' lang='lat' dir='ltr'>post</span> <span class='ocrx_word' id='word_1_267' title='bbox 978 2222 1154 2264; x_wconf 72' lang='grc' dir='ltr'>’γεγόνασιν</span> <span class='ocrx_word' id='word_1_268' title='bbox 1170 2222 1258 2262; x_wconf 89' lang='lat' dir='ltr'>vulg.</span> <span class='ocrx_word' id='word_1_269' title='bbox 1437 2222 1458 2251; x_wconf 90' lang='lat'><strong>6</strong></span> <span class='ocrx_word' id='word_1_270' title='bbox 1481 2223 1569 2252; x_wconf 72' lang='grc' dir='ltr'>πᾶσα</span> 
     </span>
     <span class='ocr_line' id='line_1_36' title="bbox 243 2264 1567 2307; baseline -0.003 -9"><span class='ocrx_word' id='word_1_271' title='bbox 243 2268 364 2299; x_wconf 59' lang='lat' dir='ltr'>codd:</span> <span class='ocrx_word' id='word_1_272' title='bbox 403 2269 422 2306; x_wconf 83' lang='grc' dir='ltr'>ἡ</span> <span class='ocrx_word' id='word_1_273' title='bbox 454 2270 543 2300; x_wconf 77' lang='grc' dir='ltr'>πᾶσα</span> <span class='ocrx_word' id='word_1_274' title='bbox 575 2268 734 2307; x_wconf 84' lang='lat' dir='ltr'>Sauppe:</span> <span class='ocrx_word' id='word_1_275' title='bbox 773 2270 861 2299; x_wconf 80' lang='grc' dir='ltr'>πᾶσα</span> <span class='ocrx_word' id='word_1_276' title='bbox 892 2267 911 2304; x_wconf 75' lang='grc' dir='ltr'><em>ἡ</em></span> <span class='ocrx_word' id='word_1_277' title='bbox 945 2266 1120 2297; x_wconf 81' lang='lat' dir='ltr'>Markland</span> <span class='ocrx_word' id='word_1_278' title='bbox 1293 2274 1307 2303; x_wconf 86' lang='lat'>7</span> <span class='ocrx_word' id='word_1_279' title='bbox 1349 2264 1457 2297; x_wconf 84' lang='grc' dir='ltr'>ἕνεκεν</span> <span class='ocrx_word' id='word_1_280' title='bbox 1487 2268 1567 2295; x_wconf 85' lang='lat' dir='ltr'><strong>ante</strong></span> 
     </span>
     <span class='ocr_line' id='line_1_37' title="bbox 245 2306 1567 2353; baseline -0.002 -12"><span class='ocrx_word' id='word_1_281' title='bbox 245 2311 375 2353; x_wconf 83' lang='grc' dir='ltr'>ὀλέθρου</span> <span class='ocrx_word' id='word_1_282' title='bbox 393 2312 467 2342; x_wconf 84' lang='lat' dir='ltr'>add.</span> <span class='ocrx_word' id='word_1_283' title='bbox 489 2312 512 2341; x_wconf 79' lang='lat' dir='ltr'>S</span> <span class='ocrx_word' id='word_1_284' title='bbox 529 2325 579 2352; x_wconf 76' lang='grc' dir='ltr'>γρ.</span> <span class='ocrx_word' id='word_1_285' title='bbox 601 2323 607 2341; x_wconf 89' lang='lat'>:</span> <span class='ocrx_word' id='word_1_286' title='bbox 632 2316 709 2351; x_wconf 73' lang='lat' dir='ltr'>post</span> <span class='ocrx_word' id='word_1_287' title='bbox 726 2310 858 2351; x_wconf 83' lang='grc' dir='ltr'>ὀλέθρου</span> <span class='ocrx_word' id='word_1_288' title='bbox 874 2310 904 2348; x_wconf 79' lang='lat' dir='ltr'><strong>Q</strong></span> <span class='ocrx_word' id='word_1_289' title='bbox 921 2323 971 2351; x_wconf 78' lang='grc' dir='ltr'>Ὑρ.</span> <span class='ocrx_word' id='word_1_290' title='bbox 1107 2310 1126 2339; x_wconf 91' lang='grc'>8</span> <span class='ocrx_word' id='word_1_291' title='bbox 1151 2310 1201 2341; x_wconf 81' lang='grc' dir='ltr'>διὰ</span> <span class='ocrx_word' id='word_1_292' title='bbox 1219 2311 1243 2340; x_wconf 64' lang='lat' dir='ltr'>b‘</span> <span class='ocrx_word' id='word_1_293' title='bbox 1256 2309 1281 2339; x_wconf 88' lang='lat' dir='ltr'><strong>L</strong></span> <span class='ocrx_word' id='word_1_294' title='bbox 1298 2308 1389 2347; x_wconf 85' lang='lat' dir='ltr'><strong>vulg.</strong></span> <span class='ocrx_word' id='word_1_295' title='bbox 1408 2319 1415 2337; x_wconf 75' lang='grc' dir='ltr'>ε</span> <span class='ocrx_word' id='word_1_296' title='bbox 1438 2308 1521 2347; x_wconf 78' lang='grc' dir='ltr'>μετὰ</span> <span class='ocrx_word' id='word_1_297' title='bbox 1537 2306 1567 2338; x_wconf 88' lang='grc' dir='ltr'><strong>Α</strong></span> 
     </span>
    </p>
   </div>
   <div class='ocr_carea' id='block_1_7' title="bbox 243 2350 1566 2439">
    <p class='ocr_par' dir='ltr' id='par_1_9' title="bbox 243 2350 1566 2439">
     <span class='ocr_line' id='line_1_38' title="bbox 247 2350 1566 2392; baseline -0.003 -7"><span class='ocrx_word' id='word_1_298' title='bbox 247 2365 281 2385; x_wconf 91' lang='lat'>11</span> <span class='ocrx_word' id='word_1_299' title='bbox 311 2356 422 2387; x_wconf 78' lang='grc' dir='ltr'>αὑτοὺς</span> <span class='ocrx_word' id='word_1_300' title='bbox 441 2354 540 2387; x_wconf 83' lang='lat' dir='ltr'>Blass</span> <span class='ocrx_word' id='word_1_301' title='bbox 644 2355 839 2392; x_wconf 79' lang='grc' dir='ltr'>ποιήσωνται</span> <span class='ocrx_word' id='word_1_302' title='bbox 858 2354 881 2384; x_wconf 81' lang='lat' dir='ltr'>S</span> <span class='ocrx_word' id='word_1_303' title='bbox 899 2354 991 2384; x_wconf 82' lang='lat' dir='ltr'>solus</span> <span class='ocrx_word' id='word_1_304' title='bbox 1012 2354 1070 2392; x_wconf 70' lang='lat' dir='ltr'>(ita</span> <span class='ocrx_word' id='word_1_305' title='bbox 1088 2353 1197 2391; x_wconf 80' lang='lat' dir='ltr'>Blass,</span> <span class='ocrx_word' id='word_1_306' title='bbox 1215 2352 1290 2383; x_wconf 80' lang='lat' dir='ltr'><strong>coll.</strong></span> <span class='ocrx_word' id='word_1_307' title='bbox 1309 2351 1446 2382; x_wconf 83' lang='lat' dir='ltr'>Aristid.</span> <span class='ocrx_word' id='word_1_308' title='bbox 1464 2350 1473 2381; x_wconf 87' lang='lat' dir='ltr'>i</span> <span class='ocrx_word' id='word_1_309' title='bbox 1490 2360 1566 2390; x_wconf 81' lang='lat'><strong>312,</strong></span> 
     </span>
     <span class='ocr_line' id='line_1_39' title="bbox 243 2394 1403 2439; baseline -0.003 -9"><span class='ocrx_word' id='word_1_310' title='bbox 243 2399 314 2437; x_wconf 74' lang='lat'><strong>580,</strong></span> <span class='ocrx_word' id='word_1_311' title='bbox 333 2399 414 2439; x_wconf 66' lang='grc' dir='ltr'>ἃς.)</span> <span class='ocrx_word' id='word_1_312' title='bbox 551 2407 588 2437; x_wconf 89' lang='lat'>19</span> <span class='ocrx_word' id='word_1_313' title='bbox 613 2397 703 2431; x_wconf 72' lang='grc' dir='ltr'>οὗτος</span> <span class='ocrx_word' id='word_1_314' title='bbox 721 2407 785 2429; x_wconf 91' lang='lat' dir='ltr'>om.</span> <span class='ocrx_word' id='word_1_315' title='bbox 806 2396 842 2428; x_wconf 78' lang='grc' dir='ltr'>5ι</span> <span class='ocrx_word' id='word_1_316' title='bbox 860 2397 892 2428; x_wconf 86' lang='lat' dir='ltr'>in</span> <span class='ocrx_word' id='word_1_317' title='bbox 911 2397 978 2428; x_wconf 86' lang='lat' dir='ltr'>fine</span> <span class='ocrx_word' id='word_1_318' title='bbox 995 2407 1114 2428; x_wconf 82' lang='lat' dir='ltr'>versus</span> <span class='ocrx_word' id='word_1_319' title='bbox 1203 2395 1316 2428; x_wconf 85' lang='grc' dir='ltr'>διδότω</span> <span class='ocrx_word' id='word_1_320' title='bbox 1334 2394 1360 2425; x_wconf 91' lang='lat' dir='ltr'>L</span> <span class='ocrx_word' id='word_1_321' title='bbox 1373 2395 1403 2434; x_wconf 86' lang='lat' dir='ltr'><strong>Q</strong></span> 
     </span>
    </p>
   </div>
   <div class='ocr_carea' id='block_1_8' title="bbox 1592 528 1609 560">
    <p class='ocr_par' dir='ltr' id='par_1_10' title="bbox 1592 528 1609 560">
     <span class='ocr_line' id='line_1_40' title="bbox 1592 528 1609 560; baseline 0 0"><span class='ocrx_word' id='word_1_322' title='bbox 1592 528 1609 560; x_wconf 85' lang='lat'>5</span> 
     </span>
    </p>
   </div>
   <div class='ocr_carea' id='block_1_9' title="bbox 1596 862 1634 883">
    <p class='ocr_par' dir='ltr' id='par_1_11' title="bbox 1596 862 1634 883">
     <span class='ocr_line' id='line_1_41' title="bbox 1596 862 1634 883; baseline -0.026 0"><span class='ocrx_word' id='word_1_323' title='bbox 1596 862 1634 883; x_wconf 88' lang='grc'>10</span> 
     </span>
    </p>
   </div>
   <div class='ocr_carea' id='block_1_10' title="bbox 1592 1529 1630 1551">
    <p class='ocr_par' dir='ltr' id='par_1_12' title="bbox 1592 1529 1630 1551">
     <span class='ocr_line' id='line_1_42' title="bbox 1592 1529 1630 1551; baseline 0 0"><span class='ocrx_word' id='word_1_324' title='bbox 1592 1529 1630 1551; x_wconf 79' lang='lat'>20</span> 
     </span>
    </p>
   </div>
   <div class='ocr_carea' id='block_1_11' title="bbox 1592 1861 1628 1893">
    <p class='ocr_par' dir='ltr' id='par_1_13' title="bbox 1592 1861 1628 1893">
     <span class='ocr_line' id='line_1_43' title="bbox 1592 1861 1628 1893; baseline 0 0"><span class='ocrx_word' id='word_1_325' title='bbox 1592 1861 1628 1893; x_wconf 87' lang='lat'>25</span> 
     </span>
    </p>
   </div>
  </div>
 </body>
</html>
