1747 2844
179 133 299 187 xvm]
493 137 636 175 ΠΕΡΙ
683 137 806 175 ΤΟΎ
855 137 1189 175 ΣΤΕΦΑΝΟΎ
1531 135 1647 191 [297]

175 242 306 288 πόλει,
339 244 408 292 τῆς
439 243 511 292 μὲν
544 242 598 283 εἰς
632 240 676 281 τὸ
709 240 835 293 παρὸν
867 242 980 292 τιμῆς
1014 239 1073 291 ἔμ’
1098 241 1373 291 ἀποστερῆσαι
1409 241 1496 292 γλί-

174 325 300 362 χεται,
335 310 384 348 τὰ
416 307 449 348 δ’
475 310 530 350 εἰς
562 307 717 348 ἅπαντα
749 307 818 348 τὸν
851 307 995 348 λοιπὸν
1028 307 1175 360 χρόνον
1208 306 1367 359 ἐγκώμι’
1392 307 1499 357 ὑμῶν

174 375 412 427 ἀφαιρεῖται.
484 376 517 416 εἰ
552 376 627 427 γὰρ
661 375 713 416 ὡς
746 375 791 415 οὐ
824 375 873 414 τὰ
908 373 1093 425 βέλτιστ’
1128 375 1222 424 ἐμοῦ
1257 378 1496 414 πολιτευσα-

172 441 292 493 μένου
320 442 427 482 τουδὶ
460 443 795 494 καταψηφιεῖσθε,
823 439 1090 493 ἡμαρτηκέναι
1115 439 1260 491 δόξετε,
1288 441 1333 481 οὐ
1357 441 1404 496 τῇ
1430 442 1499 490 τῆς

136 524 153 555 5
172 509 294 562 τύχης
319 508 580 564 ἀγνωμοσύνῃ
613 509 661 548 τὰ
695 507 907 559 συμβάντα
940 509 1094 548 παθεῖν.
1154 506 1246 547 ἀλλ’
1271 507 1339 547 οὐκ
1372 507 1495 553 ἔστιν,
1529 518 1597 551 208

174 575 243 615 οὐκ
277 576 388 615 ἔστιν
420 575 525 617 ὅπως
558 573 755 627 ἡμάρτετ’,
787 574 926 627 ἄνδρες
956 574 1173 625 Ἀθηναῖοι,
1204 573 1273 614 τὸν
1302 575 1399 627 ὑπὲρ
1429 576 1498 624 τῆς

173 643 358 682 ἁπάντων
397 642 620 693 ἐλευθερίας
659 641 720 681 καὶ
758 642 955 694 σωτηρίας
993 643 1171 682 κίνδυνον
1207 641 1406 693 ἀράμενοι,
1444 643 1498 692 μὰ

172 709 261 749 τοὺς
290 711 506 760 Μαραθῶνι
533 709 941 761 προκινδυνεύσαντας
967 712 1045 749 τῶν
1075 709 1294 761 προγόνων,
1324 708 1384 747 καὶ
1408 708 1499 750 τοὺς

173 776 216 815 ἐν
243 779 464 817 Πλαταιαῖς
496 774 860 827 παραταξαμένους,
890 776 952 815 καὶ
986 776 1077 818 τοὺς
1109 777 1152 816 ἐν
1179 778 1373 826 Σαλαμῖνι
1406 792 1495 815 ναυ-

113 857 152 879 10
170 841 432 895 μαχήσαντας
458 842 519 882 καὶ
548 842 638 884 τοὺς
673 842 733 882 ἐπ’
760 842 1010 897 Ἀρτεμισίῳ,
1040 843 1102 883 καὶ
1136 842 1312 883 πολλοὺς
1344 842 1498 894 ἑτέρους

170 908 259 951 τοὺς
286 910 327 949 ἐν
351 913 433 951 τοῖς
458 910 661 960 δημοσίοις
687 908 889 960 μνήμασιν
916 909 1115 960 κειμένους
1141 909 1311 962 ἀγαθοὺς
1340 908 1495 961 ἄνδρας,

172 976 238 1017 οὓς
274 975 450 1017 ἅπαντας
487 977 629 1026 ὁμοίως
666 976 690 1026 ἡ
727 977 843 1018 πόλις
879 979 948 1027 τῆς
985 977 1104 1026 αὐτῆς
1141 975 1349 1026 ἀξιώσασα
1384 978 1497 1027 τιμῆς

172 1043 336 1095 ἔθαψεν,
378 1044 565 1096 Αἰσχίνη,
609 1042 699 1096 οὐχὶ
742 1043 833 1086 τοὺς
876 1044 1203 1094 κατορθώσαντας
1244 1042 1370 1083 αὐτῶν
1407 1043 1496 1083 οὐδὲ

170 1109 259 1150 τοὺς
286 1125 557 1161 κρατησαντας
581 1110 736 1160 μόνους.
810 1110 980 1152 δικαίως·
1017 1109 1038 1149 ὃ
1069 1112 1142 1161 μὲν
1174 1126 1249 1162 γαρ
1273 1108 1319 1159 ἦν
1344 1110 1496 1161 ἀνδρῶν

113 1188 149 1220 15
171 1176 330 1227 ἀγαθῶν
362 1175 479 1228 ἔργον
512 1175 640 1217 ἅπασι
672 1176 907 1229 πέπρακται·
945 1194 990 1233 τη
1025 1178 1125 1233 τύχη
1158 1176 1204 1222 δ,
1231 1175 1279 1226 ἢν
1304 1177 1324 1216 ὁ
1349 1177 1495 1227 δαίμων

172 1243 324 1294 ἔνειμεν
363 1242 559 1289 ἑκάστοις,
599 1243 721 1299 ταύτῃ
762 1243 985 1297 κέχρηνται.
1056 1243 1190 1289 ἔπειτ’,
1230 1242 1260 1283 ὡ
1303 1242 1495 1294 κατάρατε
1526 1259 1594 1295 209

172 1309 234 1349 καὶ
265 1310 625 1363 γραμματοκύφων,
661 1310 711 1350 σὺ
746 1312 819 1361 μὲν
850 1327 918 1361 της
953 1312 1058 1363 παρὰ
1089 1310 1250 1351 τουτωνὶ
1282 1312 1396 1361 τιμῆς
1432 1310 1493 1350 καὶ

170 1378 471 1429 φιλανθρωπίας
512 1376 572 1428 ἔμ’
614 1377 889 1430 ἀποστερῆσαι
933 1378 1182 1428 βουλόμενος
1222 1378 1390 1429 τρόπαια
1432 1377 1494 1416 καὶ

168 1442 299 1496 μάχας
325 1444 386 1484 καὶ
412 1443 555 1484 παλαί’
582 1443 664 1496 ἔργ’
690 1444 840 1496 ἔλεγες,
862 1445 917 1484 ὧν
943 1446 1048 1486 τίνος
1073 1443 1296 1496 προσεδεῖθ’
1316 1445 1336 1483 ὁ
1360 1444 1493 1496 παρὼν

110 1522 149 1544 20
167 1509 276 1563 ἀγὼν
309 1511 462 1557 οὑτοσί;
500 1512 567 1561 ἐμὲ
601 1510 648 1556 δ’,
675 1508 705 1550 ὦ
738 1510 1042 1563 τριταγωνιστά,
1069 1511 1137 1551 τὸν
1166 1511 1255 1563 περὶ
1286 1514 1363 1551 τῶν
1387 1527 1491 1563 πρω-

168 1578 282 1618 τείων
323 1578 558 1628 σύμβουλον
600 1578 646 1634 τῇ
688 1579 805 1618 πόλει
848 1579 1039 1631 παριόντα
1080 1578 1124 1618 τὸ
1165 1579 1271 1620 τίνος
1309 1578 1493 1630 φρόνημα

166 1644 335 1695 λαβόντ’
360 1645 594 1695 ἀναβαίνειν
619 1645 684 1685 ἐπὶ
709 1645 754 1685 τὸ
779 1644 876 1696 βημ’
897 1645 994 1691 ἔδει;
1032 1644 1076 1685 τὸ
1100 1649 1168 1685 τοῦ
1192 1645 1339 1685 τούτων
1364 1643 1490 1695 ἀνάξι’

168 1712 370 1763 ἐροῦντος,·
431 1712 587 1753 δικαίως
639 1710 787 1762 μέντᾶν
836 1712 1048 1753 ἀπέθανον.
1119 1712 1204 1753 ἐπεὶ
1249 1711 1329 1752 οὐδ’
1378 1713 1487 1762 ὑμᾶς,
1522 1682 1622 1773 ἑῗὲὃ
1627 1683 1640 1738 ]

166 1777 303 1831 ἄνδρες
329 1778 544 1828 Ἀθηναῖοι,
572 1778 650 1819 ἀπὸ
682 1781 751 1829 τῆς
786 1778 902 1829 αὐτῆς
936 1780 1109 1821 διανοίας
1141 1782 1202 1820 δεῖ
1231 1778 1301 1820 τάς
1333 1778 1366 1818 τ’
1393 1779 1490 1819 ἰδίας

106 1857 144 1888 25
165 1844 274 1886 δίκας
317 1845 378 1885 καὶ
416 1847 484 1887 τὰς
523 1846 715 1896 δημοσίας
758 1847 916 1898 κρίνειν,
959 1847 1065 1886 ἀλλὰ
1101 1847 1149 1886 τὰ
1190 1848 1262 1898 μὲν
1299 1848 1367 1886 τοῦ
1405 1844 1490 1885 καθ’

163 1910 314 1963 ἡμέραν
350 1913 443 1963 βίου
477 1913 708 1963 συμβόλαια
742 1913 805 1953 ἐπὶ
842 1917 919 1954 τῶν
957 1914 1065 1954 ἰδίων
1101 1915 1230 1965 νόμων
1267 1913 1328 1953 καὶ
1364 1913 1519 1964 ἔργων’

166 1982 424 2024 σκοποῦντας,
446 1981 515 2021 τὰς
540 1981 581 2019 δὲ
608 1981 739 2022 κοινὰς
764 1979 1015 2033 προαιρέσεις
1041 1982 1097 2023 εἰς
1121 1983 1169 2021 τὰ
1188 1984 1266 2021 τῶν
1286 1980 1491 2032 προγόνων

165 2043 354 2096 ἀξιώματ’
371 2045 691 2097 ἀποβλέποντας.
744 2048 806 2088 καὶ
826 2047 1159 2100 παραλαμβάνειν
1183 2047 1220 2100 γ’
1242 2048 1322 2098 ἅμα
1340 2047 1386 2102 τῇ
1412 2050 1488 2096 βα-

166 2114 303 2167 κτηρίᾳ
328 2114 391 2154 καὶ
415 2117 468 2168 τῷ
495 2114 689 2168 συμβόλῳ
715 2113 759 2155 τὸ
780 2115 964 2167 φρόνημα
989 2114 1033 2155 rb
1058 2117 1126 2165 τῆς
1146 2115 1300 2155 πόλεως
1318 2114 1490 2165 νομίζειν

211 2234 224 2254 1
249 2225 457 2266 ’γεγενημένῳ
475 2230 551 2265 post
568 2225 662 2257 πόλει
679 2225 754 2256 add.
773 2224 799 2255 F
815 2224 904 2264 vulg.
923 2236 929 2255 ε
954 2235 1020 2256 om.
1040 2224 1064 2255 S
1077 2224 1158 2254 L¹A
1177 2225 1264 2263 vulg.
1413 2234 1430 2263 7
1456 2226 1491 2256 οὐ

165 2272 242 2298 ante
265 2269 308 2307 μὰ
332 2269 407 2300 add.
440 2269 465 2299 L
490 2269 593 2307 vulg.²
619 2269 773 2308 Dionys„
800 2269 976 2299 rhetores:
1008 2279 1071 2299 om.
1102 2269 1125 2299 S
1302 2268 1322 2297 8
1354 2270 1388 2300 ἐν
1411 2272 1491 2298 ante

167 2315 331 2353 Μαραθῶνι
355 2312 430 2343 add.
458 2312 483 2342 L
509 2314 611 2351 vulg„
639 2312 792 2351 Dionys„
819 2313 994 2343 rhetores:
1026 2323 1089 2343 om.
1118 2311 1142 2342 S
1308 2321 1345 2350 13
1370 2311 1488 2352 αὐτῶν]

166 2356 279 2387 αὐτοὺς
298 2356 321 2385 S
337 2356 372 2386 L¹
550 2357 588 2385 16
613 2357 735 2395 ἔνειμεν
754 2356 777 2387 S
792 2356 818 2386 L
831 2355 861 2385 A
877 2368 883 2386 :
909 2356 1076 2395 ἀπένειμεν
1094 2356 1181 2393 vulg.
1356 2366 1395 2394 23
1423 2357 1490 2387 ἐπεὶ

166 2397 190 2428 S
206 2398 231 2427 L
247 2410 253 2428 :
279 2399 389 2431 ἔπειτα
406 2405 480 2430 cett,
640 2408 680 2437 24
706 2400 814 2441 ἄνδρες
832 2399 989 2437 Ἀθηναῖοι
1008 2399 1031 2430 S
1047 2399 1071 2429 L
1089 2398 1175 2436 vulg.
1193 2408 1199 2428 t
1224 2398 1246 2430 ὦ
1265 2399 1373 2440 ἄνδρες
1391 2398 1421 2429 O
1437 2409 1443 2429 :
1468 2398 1490 2430 ὦ

165 2442 322 2479 Ἀθηναῖοι
339 2441 370 2472 Α
