1747 2844
220 124 308 176 mx]
443 129 584 165 ΠΕΡΙ
633 128 756 165 ΤΗΣ
804 126 1324 164 ΠΑΡΑΠΡΕΣΒΕΙΑΣ
1571 123 1685 178 [350]

219 231 325 272 ταῦθ’
350 231 489 273 ἅπαντ’
521 231 737 272 ἀπώλεσαν
767 231 874 271 οὗτοι
908 229 969 269 καὶ
1002 227 1230 280 διέφθειραν
1264 228 1430 274 ἑκόντες,
1463 227 1535 279 οὐχ

221 299 271 340 ὡς
296 300 362 340 ὅδε
386 298 547 341 Φωκέας
572 299 780 339 ἀπώλεσεν
804 295 888 337 καθ’
915 295 1066 337 ἑαυτόν.
1138 295 1277 340 πόθεν;

288 365 369 408 Δὸς
405 365 446 406 δέ
482 382 548 416 μοι
571 364 616 405 τὸ
653 364 944 416 προβούλευμα,
980 360 1000 401 ὃ
1037 360 1133 413 πρὸς
1169 360 1239 410 τὴν
1276 359 1373 410 ἐμὴν
1409 360 1533 411 ἀπαγ-
1567 373 1607 408 31

221 433 360 484 γελίαν
396 430 620 483 ἐψηφίσαθ’
657 431 678 481 ἡ
720 429 863 481 βουλή,
902 429 964 469 καὶ
1003 427 1074 478 τὴν
1115 428 1328 479 μαρτυρίαι)
1364 425 1434 475 τὴν
1472 429 1538 464 τοῦ

183 515 201 546 5
222 498 450 551 γράψαντος
470 497 561 538 αὐτὸ
580 497 681 543 τότε,
704 495 754 536 ἵν’
776 494 895 546 εἰδῆθ’
915 496 974 535 ὅτι
995 495 1072 546 ἐγὼ
1097 495 1169 545 μὲν
1190 493 1234 533 οὐ
1258 494 1346 533 τότε
1367 491 1537 544 σιγήσας

222 569 292 606 νῦν
327 566 549 617 ἀφίσταμαι
580 567 658 604 τῶν
691 561 991 615 πεπραγμένων,
1025 560 1116 601 ἀλλ’
1152 560 1264 602 εὐθὺς
1298 559 1537 610 κατηγόρουν

223 630 285 671 καὶ
318 631 524 683 προεώρων
555 631 603 670 τὰ
639 629 852 681 μέλλοντα,
887 629 909 679 ἡ
944 627 1073 679 βουλὴ
1108 626 1161 673 δέ,
1188 626 1211 677 ἡ
1245 626 1296 678 μὴ
1332 624 1538 665 κωλυθεῖσ’

221 698 386 737 ἀκοῦσαι
416 698 566 747 τάληθῆ
600 696 690 748 παρ’
724 697 830 747 ἐμοῦ,
865 694 945 735 οὔτ’
978 696 1148 751 ἐπῄνεσε
1181 693 1341 734 τούτους
1375 691 1453 732 οὔτ’
1486 692 1540 732 εἰς

222 763 265 804 τὸ
308 767 537 815 πρυτανεῖον
580 762 751 814 ἠξίωσεν
799 760 980 802 καλέσαι.
1053 762 1177 801 καίτοι
1224 759 1338 805 τοῦτ’,
1383 757 1452 810 ἀφ’
1494 758 1540 798 οὗ

164 846 203 868 10
222 829 386 882 γέγονεν
410 830 432 881 ἡ
458 829 586 876 πόλις,
615 830 740 872 οὐδεὶς
771 828 929 869 πώποτέ
955 833 1057 880 φησι
1087 829 1227 868 παθεῖν
1256 825 1416 866 οὐδένας
1446 823 1537 876 πρέ-

222 901 351 948 σβεις,
395 897 483 938 οὐδὲ
524 897 766 948 Τιμαγόραν,
807 896 850 936 οὗ
894 894 1064 935 θάνατον
1107 892 1479 946 κατεχειροτόνησεν
1520 892 1540 930 ὁ

221 966 354 1014 δῆμος.
426 962 517 1004 ἀλλ’
551 963 656 1003 οὗτοι
689 963 950 1003 πεπόνθασιν.
1021 959 1116 1013 λέγε
1153 960 1184 1001 δ’
1218 960 1349 1001 αὐτοῖς
1385 962 1540 1011 πρῶτον
1571 969 1614 1003 32

221 1030 291 1080 τὴν
316 1031 543 1083 μαρτυρίαν,
573 1029 656 1070 εἶτα
682 1029 725 1069 τὸ
751 1029 1044 1081 προβούλευμα.

597 1132 805 1159 MAPTTPIA.
856 1130 1165 1158 nPOBOTAETMA.
1573 1118 1676 1173 [351]

163 1217 200 1248 15
289 1194 470 1236 Ἐνταῦθ’
510 1195 589 1235 οὔτ’
629 1196 787 1236 ἔπαινος
826 1195 913 1235 οὔτε
955 1196 1095 1244 κλῆσις
1136 1194 1189 1234 εἰς
1228 1192 1271 1232 τὸ
1310 1191 1542 1244 πρυτανεῖόν

222 1264 309 1303 ἐστι
334 1266 412 1303 τῶν
441 1262 654 1314 πρέσβεων
682 1261 757 1302 ὑπὸ
786 1264 854 1311 τῆς
886 1263 1050 1311 βουλῆς.
1123 1261 1156 1300 εἰ
1189 1259 1230 1299 δέ
1257 1264 1382 1311 φησιν
1415 1258 1539 1304 οὗτος,

221 1327 382 1378 δειξάτω
405 1330 466 1369 καὶ
487 1328 770 1381 παρασχέσθω,
790 1328 896 1380 κάγὼ
918 1327 1158 1377 καταβαίνει).
1219 1325 1310 1365 ἀλλ’
1328 1324 1396 1365 οὐκ
1417 1324 1540 1364 ἔστιν.

222 1397 254 1436 εἰ
287 1398 359 1447 μὲν
391 1397 522 1436 τοίνυν
554 1395 677 1435 ταύτὰ
708 1394 852 1436 πάντες
886 1393 1196 1446 ἐπρεσβεύομεν,
1229 1392 1385 1432 δικαίως
1418 1390 1543 1431 οὐδέν’

220 1460 415 1518 ἐπῄνεσεν
440 1462 462 1512 ἡ
487 1460 630 1513 βουλή·
669 1462 775 1501 δεινὰ
807 1462 881 1512 γὰρ
907 1462 955 1499 τὰ
980 1458 1236 1511 πεπραγμένα
1269 1461 1404 1498 πᾶσιν·
1443 1458 1476 1497 εἰ
1509 1456 1542 1496 δ’

162 1549 201 1571 20
220 1530 256 1569 οἱ
287 1531 360 1580 μὲν
391 1529 440 1568 τὰ
471 1527 585 1569 δίκαι’
616 1528 809 1580 ἔπραττον
838 1527 960 1578 ἡμῶν,
988 1528 1024 1566 οἱ
1058 1527 1099 1566 δὲ
1132 1525 1333 1573 τάναντία,
1360 1525 1422 1564 διὰ
1454 1523 1543 1565 τοὺς

221 1594 592 1647 πεπονηρευμένους,
630 1594 681 1636 ὡς
715 1594 828 1641 ἔοικε,
860 1597 942 1635 τοῖς
976 1591 1166 1633 ἐπιεικέσι
1199 1590 1457 1642 συμβεβηκὸς
1495 1589 1544 1630 ἂν

221 1663 278 1712 εἴη
322 1662 462 1712 ταύτης
500 1664 568 1712 τῆς
606 1662 760 1713 ἀτιμίας
800 1659 1103 1713 μετεσχηκέναι.
1174 1662 1255 1700 πῶς
1293 1658 1361 1698 οὖν
1401 1657 1544 1710 ῥᾳδίως
1573 1671 1617 1707 33

221 1728 364 1770 πάντες
390 1730 550 1770 εἴσεσθε
574 1730 632 1770 τίς
656 1727 742 1769 ποτ’
768 1727 854 1769 ἔσθ’
875 1728 895 1767 ὁ
920 1727 1107 1779 πονηρός;
1148 1723 1427 1776 ἀναμνήσθητε
1451 1722 1543 1775 παρ’

220 1795 310 1846 ὑμῖν
350 1795 479 1837 αὐτοῖς
516 1795 574 1836 τίς
613 1795 698 1835 ἐσθ’
738 1795 757 1833 ὁ
797 1797 1024 1846 κατηγορῶν
1061 1796 1138 1833 τῶν
1176 1790 1462 1845 πεπραγμένων
1501 1788 1548 1840 ἐξ

163 1882 200 1913 25
222 1862 358 1915 ἀρχῆς.
419 1864 540 1912 δῆλον
568 1863 641 1914 γὰρ
668 1862 727 1901 ὅτι
752 1865 804 1916 τῷ
837 1863 909 1912 μὲν
933 1861 1132 1911 ἠδικηκότι
1158 1862 1277 1911 σιγᾶν
1303 1856 1456 1909 ἐξήρκει
1481 1856 1543 1896 καὶ

222 1927 541 1983 διακρουσαμένῳ
574 1928 643 1969 τὸν
675 1928 850 1981 παρόντα
882 1927 1029 1981 χρόνον
1060 1925 1196 1978 μηκέτ’
1222 1927 1277 1967 εἷς
1304 1925 1428 1976 λόγον
1454 1923 1543 1974 περὶ

222 1998 299 2035 τῶν
335 1994 623 2048 πεπραγμένων
658 1994 775 2035 αὑτὸν
811 1993 1056 2040 καθιστάναι,
1094 1997 1146 2047 τῷ
1185 1995 1227 2033 δὲ
1261 1993 1382 2043 μηδὲν
1419 1992 1541 2043 ἑαυτῷ

222 2062 419 2103 συνειδότι
461 2061 589 2102 δεινὸν
630 2059 768 2117 εἰσῄει,
814 2063 847 2102 εἶ
887 2059 1038 2114 [δεινῶν
1081 2058 1156 2112 καὶ]
1195 2061 1378 2109 πονηρῶν
1417 2056 1543 2108 ἔργων

262 2180 281 2200 2
307 2171 345 2202 ἂν
355 2174 430 2210 post
442 2171 612 2201 ἀπώλεσεν
621 2169 696 2199 add.
709 2168 798 2208 vulg.
815 2180 820 2200 :
845 2179 911 2200 om.
920 2169 980 2200 SA
991 2169 1015 2198 L
1027 2168 1083 2209 (ἂν
1093 2177 1196 2207 supra
1206 2166 1340 2206 scripsit
1352 2175 1400 2205 pr.
1416 2165 1475 2203 m.)
1489 2164 1539 2196 Fr.

221 2214 311 2244 Graf.
392 2214 429 2245 τὸ
441 2212 507 2245 καθ’
520 2212 634 2244 ἑαυτόν
646 2213 695 2244 Fr.
713 2213 803 2243 Graf.
894 2223 913 2251 3
936 2212 1139 2252 ἀπαγγελίαν
1152 2211 1175 2241 S
1184 2211 1209 2240 L
1224 2214 1253 2250 (ε
1267 2220 1368 2248 supra
1380 2223 1399 2240 α
1408 2208 1544 2248 scripsit

221 2267 270 2296 pr.
285 2257 342 2295 m.)
357 2257 388 2286 A
401 2257 453 2288 Fr.
462 2257 570 2287 Gras.:
589 2256 790 2296 ἐπαγγελίαν
805 2256 942 2294 FYOQ
1014 2257 1034 2285 6
1052 2255 1225 2296 ἐφίσταμαι
1239 2253 1334 2292 SLQ
1410 2262 1447 2282 10
1464 2259 1544 2292 φησι

223 2302 247 2331 S
256 2301 281 2331 L
292 2301 351 2331 FY
366 2301 417 2331 Fr.
429 2300 534 2336 Graf„
545 2300 585 2329 cf.
602 2303 616 2336 ξ
629 2309 683 2338 93,
697 2299 755 2329 xxi
766 2301 819 2331 16:
839 2299 974 2340 φήσειΛ
1068 2308 1106 2336 19
1123 2300 1162 2329 ὡς
1173 2299 1298 2334 ἀληθῶς
1309 2300 1386 2336 post
1395 2297 1456 2337 γὰρ
1467 2296 1544 2327 add.

222 2344 310 2383 vulg.
325 2356 331 2374 z
356 2354 420 2374 om.
440 2344 463 2373 S
477 2343 512 2373 Ι,1
525 2342 556 2372 Α
646 2352 686 2381 23
710 2344 748 2374 ἂν
759 2343 983 2381 ἀναμνήσθητε
995 2341 1189 2372 dubitanter
1201 2340 1347 2377 Dobree,
1359 2343 1450 2369 recte
1463 2343 1545 2378 puto

221 2390 262 2418 28
286 2389 388 2419 δεινὸν
405 2386 505 2428 εἷσῇει
524 2387 551 2418 εἶ
566 2386 588 2416 S
602 2385 627 2415 L
644 2386 761 2426 (σιγώη
778 2396 880 2425 supra
896 2386 1038 2424 scripto]
1056 2384 1124 2422 ΑΩ
1141 2395 1147 2413 τ
1171 2384 1275 2415 δεινὸν
1292 2385 1319 2414 εἰ
1336 2381 1438 2422 σιὙῴη
1453 2381 1541 2421 vulg.

221 2434 331 2463 δεινῶν
342 2432 391 2462 καὶ
404 2433 548 2471 πονηρῶν
557 2430 579 2460 S
589 2429 666 2459 LA:
683 2432 827 2470 πονηρῶν
834 2430 885 2461 καὶ
896 2431 1007 2461 δεινῶν
1015 2427 1103 2466 vulg.
1114 2438 1120 2457 z
1138 2429 1248 2459 δεινῶν
1259 2426 1309 2457 καὶ
1321 2425 1399 2456 secl.
1412 2425 1544 2455 Dobrce
