1731 2844
174 143 257 197 mv]
461 148 603 185 ΠΕΡΙ
653 147 780 184 ΤΩΝ
830 146 1206 184 ΣΎΜΜΟΡΙΩΝ
1524 145 1631 200 [179]

173 251 305 301 κοινὴν
330 250 516 292 ἁπάντων
542 251 740 302 σωτηρίαν
764 249 1027 301 παρόψονται.
1090 249 1143 289 εἷς
1164 249 1205 287 δὲ
1230 247 1300 297 τὴν
1319 248 1495 301 ταραχὴν

171 318 316 368 ταύτην
343 317 404 357 καὶ
429 317 500 367 τὴν
526 316 811 369 ἀγνωμοσύνην
844 318 1019 367 παραινῶ
1052 314 1104 365 μὴ
1140 316 1393 365 προκαθεῖναι
1426 314 1497 364 τὴν

170 385 289 426 πόλιν
319 384 442 436 ἡμῶν.
513 383 601 424 οὐδὲ
632 384 706 435 γὰρ
740 381 819 422 οὐδ’
845 380 910 422 ἀπ’
940 382 1030 431 ’ίσης
1064 381 1139 433 ὁρῶ
1173 384 1255 422 τοῖς
1287 380 1320 420 τ’
1359 379 1497 422 ἄλλοις
1526 390 1549 424 6

162 450 344 502 ‘'Emmn
371 451 432 491 καὶ
457 451 547 502 ὑμῖν
579 450 666 502 περὶ
690 453 768 490 τῶν
798 447 895 501 πρὸς
927 447 995 488 τὸν
1028 446 1208 499 βασιλέα
1239 446 1311 497 τὴν
1342 447 1497 498 βουλὴν

131 535 149 566 5
171 518 309 565 οὖσαν,
336 517 428 559 ἀλλ’
454 518 615 558 ἐκείνων
638 517 712 568 μὲν
737 518 904 557 πολλοῖς
930 513 1172 568 ἐνδέχεσθαί
1198 531 1264 565 μοι
1291 516 1398 554 δοκεῖ
1419 517 1497 554 τῶν

171 585 247 638 ἰδίᾳ
285 601 322 625 τι
360 584 643 635 συμφερόντων
685 581 964 633 διοικουμένοις
1000 585 1077 622 τῶν
1114 580 1250 622 ἄλλων
1286 579 1497 632 Ἑλλήνων

168 652 380 701 ἀμελῆσαι,
412 651 502 701 ὑμῖν
533 649 566 690 δ’
596 648 676 691 οὐδ’
708 647 977 700 ἀδικουμένοις
1012 650 1115 700 παρὰ
1148 651 1226 688 τῶν
1260 647 1496 688 ἀδικούντων

170 718 289 758 καλόν
320 719 432 758 ἐστιν
465 719 612 767 λαβεῖν
644 716 788 766 ταύτην
821 715 892 765 τὴν
927 716 1050 765 δίκην,
1079 715 1199 754 ἐᾶσαί
1229 731 1337 756 τινας
1369 714 1496 754 αὐτῶν

166 783 243 823 ὑπὸ
278 788 332 838 τῷ
365 782 559 838 βαρβάρῳ
593 781 795 835 γενέσθαι.
840 783 905 823 ὅτε
939 782 972 822 δ’
1007 782 1106 821 οὕτω
1140 780 1247 821 ταῦτ’
1278 781 1374 834 ἔχει,
1403 798 1493 822 σκε-
1526 799 1546 835 7

110 865 148 888 10
167 849 286 890 πτέον
311 850 416 891 ὅπως
444 848 534 900 μήθ’
559 849 671 900 ἡμεῖς
701 850 743 889 ἐν
773 853 826 904 τῷ
852 847 1012 903 πολέμῳ
1044 847 1280 901 γενησόμεθ’
1306 847 1373 887 οὐκ
1398 849 1493 894 ἴσοι,

166 915 254 966 μήτ’
275 918 434 962 ἐκεῖνος,
464 915 509 956 ὃν
533 916 644 967 ἡμεῖς
672 916 949 966 ἐπιβουλεύειν
974 915 1175 967 ἡγούμεθα
1199 918 1281 956 τοῖς
1299 913 1493 965 “Ελλησι,

166 982 237 1032 τὴν
269 986 338 1022 τοῦ
370 983 489 1035 φίλος
523 982 653 1024 αὐτοῖς
688 986 816 1023 δοκεῖν
850 981 950 1023 εῖναι
983 983 1118 1022 πίστιν
1154 980 1341 1033 λήψεται.
1413 985 1495 1023 πῶς
1527 977 1635 1032 [180]

168 1049 235 1089 οὖν
260 1049 365 1089 ταῦτ’
392 1049 523 1095 ἔσται;
563 1048 611 1089 ἂν
635 1049 657 1100 ἡ
685 1051 758 1100 μὲν
784 1049 947 1100 δύναμις
972 1051 1041 1100 τῆς
1065 1050 1220 1089 πόλεως
1245 1047 1492 1099 ἐξητασμένη

167 1116 229 1155 καὶ
263 1114 615 1168 παρεσκευασμένη
654 1118 779 1156 πᾶσιν
814 1115 838 1172 ᾗ
875 1115 1039 1168 φανερά,
1076 1116 1263 1167 φαίνηται
1300 1116 1341 1155 δὲ
1378 1114 1492 1155 δίκαι’

108 1197 144 1230 15
166 1182 230 1222 ἐπὶ
263 1182 383 1238 ταύτῃ
409 1185 572 1234 φρονεῖν
606 1181 827 1234 αἱρουμένη.
898 1186 980 1224 τοῖς
1013 1184 1055 1223 δὲ
1088 1180 1395 1233 θρασυνομένοις
1430 1181 1491 1222 καὶ
1521 1184 1541 1217 8

166 1248 310 1300 σφόδρ’
341 1249 504 1299 ἑτοίμως
538 1252 727 1299 πολεμεῖν
763 1249 993 1289 κελεύουσιν
1026 1250 1152 1289 ἐκεῖνο
1184 1247 1302 1300 λέγω,
1330 1248 1391 1288 ὅτι
1422 1247 1490 1288 οὐκ

165 1315 277 1355 ἔστιν
309 1314 490 1383 χαλὶπὸν
522 1314 603 1354 οὔθ’
631 1315 725 1355 ὅταν
759 1315 1026 1366 βουλεύεσθαι
1055 1314 1134 1370 δέῃ,
1163 1313 1279 1364 δόξαν
1310 1315 1490 1366 ἀνδρείας

162 1385 320 1431 λαβεῖν,
349 1380 430 1421 οὔθ’
456 1382 552 1421 ὅταν
580 1381 753 1423 κίνδυνός
778 1398 836 1423 τις
861 1381 979 1433 ἐγγὺς
1003 1379 1038 1437 ᾖ,
1060 1380 1188 1421 δεινὸν
1215 1382 1339 1421 εἰπεῖν
1360 1383 1486 1433 φανῆ-

162 1464 238 1493 ναι,
275 1446 368 1487 ἀλλ’
402 1449 528 1488 ἐκεῖνο
562 1447 624 1487 καὶ
657 1446 836 1500 χαλεπὸν
872 1447 934 1488 καὶ
970 1450 1182 1499 προσῆκον,
1210 1447 1274 1487 ἐπὶ
1306 1449 1378 1498 μὲν
1410 1451 1488 1488 τῶν

103 1529 142 1552 20
163 1514 350 1554 κινδύνων
374 1513 444 1564 τὴν
471 1514 652 1565 ἀνδρείαν
678 1514 962 1560 ἐνδείκνυσθαι,
985 1515 1027 1554 ἐν
1051 1515 1092 1555 δὲ
1117 1518 1169 1568 τῷ
1197 1514 1488 1565 συμβουλεύειν

161 1580 435 1632 φρονιμώτερα
466 1584 544 1621 τῶν
578 1580 715 1621 ἄλλων
751 1581 876 1621 εἰπεῖν
913 1580 1032 1634 ἔχειν.
1099 1580 1176 1633 ἐγὼ
1209 1579 1256 1627 δ’,
1287 1578 1316 1620 ὦ
1350 1580 1487 1633 ἄνδρες
1516 1597 1538 1632 9

159 1645 375 1697 Ἀθηναῖοι,
403 1647 545 1698 νομίζω
571 1646 639 1688 τὸν
663 1649 736 1697 μὲν
757 1648 934 1698 πόλεμον
953 1646 1020 1687 τὸν
1040 1646 1136 1699 πρὸς
1161 1646 1339 1698 βασιλέα
1363 1653 1484 1701 χαλε-

158 1712 234 1754 πὸν
258 1719 305 1770 τῇ
330 1714 458 1760 πόλει,
485 1713 553 1754 τὸν
579 1713 611 1753 δ’
638 1714 773 1766 ἀγῶνα
797 1713 866 1755 τὸν
897 1715 938 1754 ἐκ
968 1717 1037 1754 τοῦ
1068 1713 1245 1765 πολέμου
1276 1712 1411 1768 ῥᾴδιον
1437 1714 1486 1755 ἂν

159 1782 373 1831 συμβῆναι.
445 1780 507 1820 διὰ
539 1781 595 1827 τί;
635 1781 694 1821 ὅτι
727 1780 817 1823 τοὺς
849 1783 921 1832 μὲν
951 1780 1149 1832 πολέμους
1178 1781 1355 1823 ἅπαντας
1389 1782 1481 1821 ἀνα-

99 1860 136 1893 25
158 1848 304 1898 γκαίως
333 1847 503 1899 ἡγοῦμαι
532 1845 701 1899 τριήρων
726 1847 789 1887 καὶ
807 1846 1032 1909 1χρημάτων
1064 1848 1125 1888 καὶ
1158 1848 1289 1889 τόπων
1314 1850 1480 1894 δεῖσθαι,

155 1916 276 1953 ταῦτα
311 1915 353 1954 δὲ
385 1913 498 1954 πάντ’
532 1913 776 1966 ἀφθονώτερ’
811 1915 960 1955 ἐκεῖνον
993 1913 1124 1968 ἔχονθ’
1156 1914 1265 1965 ἡμῶν
1298 1916 1480 1966 εὑρίσκω·

155 1979 245 2022 τοὺς
269 1979 301 2019 δ’
328 1981 482 2032 ἀγῶνας
508 1979 664 2022 οὐδενὸς
690 1981 788 2021 οὕτω
813 1984 892 2021 τῶν
917 1980 1053 2021 ἄλλων
1083 1981 1157 2033 ὁρῶ
1189 1979 1396 2031 δεομένους
1429 1980 1480 2022 ὡς

155 2046 306 2099 ἀνδρῶν
340 2047 510 2099 ἀγαθῶν,
536 2047 695 2089 τούτους
720 2046 753 2087 δ’
776 2047 870 2098 ἡμῖν
896 2047 959 2088 καὶ
991 2051 1074 2090 τοῖς
1105 2047 1190 2098 μεθ’
1217 2047 1326 2098 ἡμῶν
1352 2049 1475 2087 κινδυ-

196 2165 215 2193 3
246 2156 386 2187 alterum
411 2156 476 2188 οὐδ’
493 2166 557 2187 om.
578 2156 667 2195 vulg.
685 2167 691 2186 :
724 2157 798 2189 add.
820 2157 844 2188 S
866 2157 958 2189 solus
1091 2158 1145 2189 ἀπ’
1163 2157 1290 2189 SAB:
1316 2158 1365 2189 ἐπ’
1383 2157 1471 2197 vulg.

153 2208 171 2237 7
196 2199 260 2231 οὐδ’
278 2199 365 2239 vulg.
385 2211 391 2230 :
416 2202 471 2231 οὐκ
489 2200 512 2231 S
529 2199 622 2231 solus
732 2211 771 2231 10
793 2205 837 2242 τῷ
855 2201 986 2242 πολέμῳ
1003 2227 1010 2234 .
1030 2226 1035 2232 .
1054 2226 1060 2233 .
1080 2203 1145 2233 ἴσοι
1164 2201 1187 2232 S
1205 2200 1293 2240 vulg.
1311 2211 1317 2231 :
1343 2201 1475 2242 πολέμῳ

153 2264 160 2271 .
181 2266 186 2272 .
205 2265 212 2273 .
229 2245 288 2283 ἴσῳ
305 2243 336 2273 Α
494 2253 531 2282 15
557 2245 607 2275 ἐπὶ
624 2242 725 2285 ταύτῃ
744 2247 872 2286 φρονεῖν
889 2244 1056 2286 αἱρουμένη
1075 2245 1100 2274 F
1113 2244 1143 2275 O
1160 2245 1259 2275 Vind.
1285 2254 1297 2274 1
1315 2255 1322 2274 t
1347 2247 1474 2285 φρονεῖν

153 2286 202 2316 ἐπὶ
217 2286 319 2328 ταύτῃ
336 2288 376 2328 τῇ
392 2286 573 2328 προαιρέσει
591 2286 614 2318 S
626 2286 657 2316 A
673 2287 761 2326 vulg.
867 2298 909 2319 20
934 2289 1150 2320 ἐνδείκνυσθαι
1168 2287 1212 2319 S:
1240 2288 1472 2320 ἐπιδείκνυσθαι

152 2333 230 2360 cett.
365 2339 405 2368 23
429 2329 537 2372 ῥᾴδιον
553 2334 591 2363 ἂν
608 2333 767 2370 συμβῆναι
785 2330 893 2362 Cobet
908 2343 915 2362 ε
940 2334 1100 2371 συμβῆναι
1117 2331 1225 2373 ῥᾴδιον
1241 2332 1279 2363 ἂν
1297 2331 1339 2363 S:
1365 2331 1472 2372 ῥᾴδιον

152 2371 189 2401 ἂν
218 2371 385 2411 συμβάντα
411 2377 488 2404 cett.
669 2374 710 2404 28
745 2375 864 2416 ἀνδρῶν
891 2380 970 2406 ante
999 2376 1126 2416 ἀγαθῶν
1154 2374 1200 2405 S:
1239 2379 1314 2414 post
1346 2376 1472 2415 ἀγαθῶν

151 2418 228 2446 cett.

1283 2462 1341 2492 11*
