1731 2844
190 116 246 169 1x]
541 122 700 159 ΚΑΤΑ
749 121 1067 159 ΦΙΛΙΠΠΟΎ
1116 123 1145 158 Γ
1535 124 1628 178 [115]

188 224 256 264 τὸν
289 224 522 274 πολεμοῦνθ’
555 225 644 274 ὑμῖν
677 222 865 276 γενέσθαι
896 222 1039 274 κύριον,
1066 226 1118 276 τῷ
1154 225 1503 273 Πελοποννησίους

188 290 365 330 τάκείνου
394 292 606 341 φρονῆσαι.
678 289 761 330 εἶτα
792 288 861 329 τὸν
893 291 1007 328 τοῦτο
1039 288 1083 328 τὸ
1116 288 1314 341 μηχάνημ’
1339 289 1404 329 ἐπὶ
1433 289 1503 339 τὴν

189 357 306 397 πόλιν
339 355 516 403 ἱστάντα,
551 359 688 396 τοῦτον
721 354 877 407 εἰρήνην
908 354 1020 406 ἄγειν
1053 355 1130 407 ἐγὼ
1160 358 1224 406 φῶ
1258 354 1353 406 πρὸς
1386 356 1502 405 ὑμᾶς;

189 426 341 463 πολλοῦ
364 439 409 474 γε
435 422 496 462 καὶ
521 425 590 469 δεῖ,
619 421 709 462 ἀλλ’
735 421 804 473 ἀφ’
830 421 874 471 ἧς
898 420 1042 473 ἡμέρας
1068 422 1200 461 ἀνεῖλε
1226 420 1401 467 Φωκέας,
1428 420 1505 461 ἀπὸ
1539 437 1580 471 19

150 506 168 537 5
188 488 329 539 ταύτης
353 488 470 540 ἔγωγ’
494 488 612 529 αὐτὸν
636 491 826 538 πολεμεῖν
855 487 1042 538 ὁρίζομαι.
1113 488 1211 538 ὑμᾶς
1241 486 1286 533 δ’,
1314 489 1383 527 ἐὰν
1408 487 1504 537 ἀμύ-

188 555 302 605 νησθ’
334 554 420 605 ἤδη,
456 554 738 606 σωφρονήσειν
771 554 884 606 φημί,
921 554 989 593 ἐὰν
1021 552 1055 593 δ’
1089 552 1245 603 ἐάσητε,
1280 554 1368 594 οὐδὲ
1400 553 1506 593 τοῦθ’

187 622 282 661 ὅταν
326 620 534 671 βούλησθε
581 619 823 670 δυνήσεσθαι
869 621 1045 669 ποιῆσαι.
1118 619 1180 659 καὶ
1225 620 1417 660 τοσοῦτόν
1470 619 1506 671 γ’

187 686 395 738 ἀφέστηκα
426 689 504 726 τῶν
539 685 688 733 ἄλλων,
722 684 752 726 ὦ
788 685 926 738 ἄνδρες
963 685 1177 736 Ἀθηναῖοι,
1212 689 1290 726 τῶν
1327 690 1505 737 συμβου-

187 753 395 798 λευόντων,
416 752 511 792 ὥστ’
533 753 621 793 οὐδὲ
646 755 754 793 δοκεῖ
775 769 842 803 μοι
861 752 950 804 περὶ
969 751 1223 804 Χερρονήσου
1247 756 1316 793 νῦν
1342 756 1506 793 σκοπεῖν

131 835 170 857 10
187 819 277 860 οὐδὲ
302 819 525 869 Βυζαντίου,
553 818 644 859 ἀλλ’
665 820 857 870 ἐπαμῦναι
888 820 960 869 μὲν
989 819 1153 864 τούτοις,
1183 819 1244 858 καὶ
1274 821 1507 872 διατηρῆσαι
1537 832 1582 856 20

187 884 240 936 μή
264 901 301 925 τι
324 884 492 931 πάθωσι,
521 883 580 921 καὶ
605 886 681 924 τοῖς
701 883 806 922 οὖσιν
833 886 908 921 ἐκεῖ
925 886 986 922 νῦν
1015 883 1253 933 στρατιώταις
1280 883 1388 921 πάνθ’
1409 884 1507 922 ὅσων

188 948 232 987 ἂν
251 949 398 988 δέωνται
418 952 651 998 ἀποστεῖλαι,
678 952 944 1003 βουλεύεσθαι
971 951 1105 1002 μέντοι
1129 952 1218 1003 περὶ
1242 951 1399 992 πάντων
1429 956 1507 992 τῶν
1537 948 1637 1005 [116]

187 1017 397 1069 Ἑλλήνων
426 1019 477 1060 ὡς
507 1020 549 1059 ἐν
584 1019 745 1072 κινδύνῳ
777 1017 938 1072 μεγάλῳ
969 1017 1238 1058 καθεστώτων.
1308 1019 1506 1068 βούλομαι

190 1084 222 1124 δ’
242 1086 366 1125 εἰπεῖν
389 1084 485 1136 πρὸς
506 1086 603 1136 ὑμᾶς
628 1083 673 1135 ἐξ
688 1086 742 1125 ὧν
760 1085 856 1136 ὑπὲρ
875 1088 951 1124 τῶν
977 1083 1216 1136 πραγμάτων
1236 1084 1335 1124 οὕτω
1356 1087 1507 1136 φοβοῦ-

131 1165 167 1197 15
187 1167 269 1201 μαι,
295 1150 358 1196 ἵν’,
387 1152 421 1191 εἰ
444 1153 516 1202 μὲν
539 1152 664 1204 ὀρθῶς
693 1151 911 1203 λογίζομαι,
937 1150 1166 1203 μετάσχητε
1195 1153 1273 1190 τῶν
1300 1154 1506 1202 λογισμῶν

189 1217 250 1256 καὶ
286 1216 473 1268 πρόνοιάν
507 1217 579 1258 τιν’
613 1219 718 1268 ὑμῶν
753 1216 789 1269 γ’
825 1216 965 1262 αὐτῶν,
1005 1218 1037 1256 εἰ
1071 1216 1123 1267 μὴ
1161 1216 1222 1256 καὶ
1257 1220 1333 1256 τῶν
1369 1216 1506 1257 ἄλλων

188 1282 261 1334 ἄρα
295 1283 509 1333 βούλεσθε,
548 1282 784 1333 ποιήσησθε,
824 1282 871 1323 ἂν
907 1284 948 1322 δὲ
984 1286 1119 1334 ληρεῖν
1156 1282 1217 1322 καὶ
1253 1285 1506 1335 τετυφῶσθαι

187 1351 298 1396 δοκῶ,
324 1348 421 1399 μήτε
447 1353 515 1390 νῦν
539 1349 626 1400 μήτ’
653 1349 760 1391 αὖθις
785 1349 835 1390 ὡς
860 1349 1078 1401 ὑγιαίνοντί
1097 1365 1164 1399 μοι
1188 1348 1424 1401 προσέχητε.

245 1414 341 1455 “Orc
364 1417 436 1466 μὲν
461 1415 506 1466 δὴ
531 1415 652 1468 μέγας
679 1417 721 1456 ἐκ
745 1418 881 1467 μικροῦ
906 1415 968 1455 καὶ
993 1418 1178 1455 ταπεινοῦ
1203 1414 1247 1454 τὸ
1274 1415 1355 1454 κατ’
1381 1415 1505 1468 ἀρχὰς
1536 1428 1576 1454 21

129 1495 168 1517 20
187 1482 387 1523 Φίλιππος
422 1481 597 1533 ηὔξηται,
634 1482 696 1522 καὶ
732 1482 908 1523 ἀπίστως
940 1482 1004 1522 καὶ
1038 1485 1333 1523 στασιαστικῶς
1366 1481 1506 1534 ἔχουσι

187 1547 282 1599 πρὸς
306 1548 442 1590 αὑτοὺς
467 1550 504 1589 οἱ
522 1547 736 1599 θΈλληνες,
765 1548 827 1589 καὶ
855 1549 916 1588 ὅτι
945 1551 1083 1602 πολλῷ
1114 1546 1428 1600 παραδοξότερον
1458 1547 1505 1598 ἦν

186 1618 375 1655 τοσοῦτον
399 1614 516 1655 αὐτὸν
540 1614 586 1666 ἐξ
611 1617 763 1656 ἐκείνου
791 1613 979 1667 γενέσθαι
1003 1611 1026 1664 ἢ
1051 1617 1133 1660 νῦν,
1160 1613 1218 1654 ὅθ’
1245 1615 1344 1654 οὕτω
1373 1615 1506 1655 πολλὰ

187 1681 418 1733 προείληφε,
447 1682 509 1721 καὶ
541 1683 589 1722 τὰ
622 1683 744 1722 λοιπὰ
772 1681 840 1733 ὑφ’
871 1682 972 1736 αὑτῷ
1006 1679 1264 1731 ποιήσασθαι,
1293 1681 1355 1721 καὶ
1388 1679 1504 1721 πάνθ’

186 1746 263 1786 ὅσα
293 1746 437 1787 τοιαῦτ’
470 1747 518 1788 ἂν
552 1748 683 1802 ἔχοιμι
716 1746 945 1798 διεξελθεῖν,
981 1748 1231 1800 παραλείψω.
1303 1747 1395 1787 ἀλλ’
1430 1747 1504 1799 ὁρῶ
1535 1758 1578 1783 22

129 1827 166 1859 25
187 1815 538 1867 συγκεχωρηκότας
557 1813 731 1856 ἅπαντας
757 1814 997 1866 ἀνθρώπους,
1024 1813 1094 1866 ἀφ’
1121 1815 1226 1865 ὑμῶν
1251 1811 1503 1866 ἀρξαμένους,

186 1879 300 1934 αὐτῷ,
320 1881 415 1933 ὑπὲρ
442 1880 485 1921 οὗ
510 1880 579 1921 τὸν
603 1880 730 1922 ἄλλον
756 1880 910 1922 ἅπαντα
935 1881 1082 1934 χρόνον
1108 1880 1252 1921 πάντες
1277 1882 1313 1920 οἱ
1338 1881 1506 1930 πόλεμοι

186 1947 400 1997 γεγόνασιν
432 1949 467 1987 οἱ
491 1946 734 1998 Ἑλληνικοί.
804 1948 844 1988 τί
874 1948 942 1987 οὗν
971 1949 1058 1988 ε’στι
1086 1950 1219 1993 τοῦτο;
1256 1945 1300 1985 τὸ
1333 1949 1459 1986 ποιεῖν
1485 1946 1507 1984 ὅ

259 2066 279 2095 3
304 2055 442 2088 ἱστάντα
473 2056 568 2088 SL¹:
610 2054 789 2096 ἐφιστάντα
826 2056 876 2088 καὶ
902 2054 1184 2095 κατασκευάζοντα
1210 2054 1276 2094 (vel
1309 2054 1505 2095 παρασκευά-

187 2097 294 2138 ζοντα)
320 2099 410 2138 vulg.
557 2110 576 2137 4
611 2099 674 2139 δεῖ]
699 2098 759 2131 δέω
782 2099 814 2130 Α
968 2108 987 2138 5
1023 2103 1100 2138 post
1125 2099 1180 2130 ἐὰν
1204 2099 1278 2128 add.
1305 2097 1366 2136 μὲν
1389 2097 1506 2136 vulg.:

185 2151 249 2172 om.
269 2142 292 2172 S
305 2142 331 2172 L
478 2144 500 2172 6
524 2142 643 2180 ἐάσητε
662 2143 685 2173 S
699 2143 725 2172 L
742 2154 748 2173 z
773 2142 1003 2180 ἀναβάλλησθε
1021 2142 1111 2181 vulg.
1272 2151 1287 2179 7
1314 2141 1505 2178 δυνήσεσθαι

187 2184 332 2215 Reiske:
357 2185 533 2224 δυνήσεσθε
551 2186 645 2216 codd.
828 2196 863 2215 11
890 2187 941 2218 καὶ
958 2188 1024 2218 τοῖς
1041 2185 1133 2217 οὖσιν
1150 2209 1156 2215 .
1175 2207 1182 2214 .
1201 2207 1207 2214 .
1229 2185 1421 2215 ἀποστεῖλαι
1438 2193 1501 2214 om.

187 2227 210 2258 S
224 2227 249 2257 L
409 2238 445 2267 15
471 2230 499 2260 εἷ
514 2253 521 2259 .
542 2253 548 2259 .
570 2253 576 2259 .
598 2227 766 2270 λογίζομαι
783 2229 892 2268 vulga:
919 2230 946 2261 εἷ
961 2253 968 2259 .
989 2252 996 2260 .
1015 2253 1021 2259 .
1040 2226 1217 2268 λογίζωμαι
1236 2228 1259 2258 S
1277 2226 1318 2257 al.
1335 2237 1341 2256 :
1368 2227 1422 2258 ἐὰν
1438 2250 1445 2257 .
1466 2250 1473 2257 .
1494 2249 1502 2257 .

185 2270 358 2312 λογίζωμαι
377 2271 525 2302 Dindorf
640 2273 678 2303 16
700 2273 743 2311 μὴ
761 2273 811 2304 καὶ
830 2272 853 2303 S
867 2271 996 2302 LAY:
1023 2272 1073 2303 καὶ
1089 2272 1133 2310 μὴ
1150 2270 1238 2309 vulg.
1368 2279 1404 2307 17
1430 2269 1505 2306 βού-

185 2318 284 2352 λησθε
304 2314 367 2345 SA
381 2314 466 2345 FY:
492 2315 649 2352 βούλεσθε
667 2315 754 2354 vulg.
847 2317 884 2347 ἂν
902 2315 990 2354 vulg.
1010 2326 1017 2345 ε
1042 2315 1096 2347 ἐὰν
1116 2315 1150 2353 S,
1167 2313 1337 2344 senarium
1356 2313 1505 2344 efficiens

190 2366 227 2395 19
251 2357 288 2389 τὸ
305 2358 400 2388 codd.
417 2370 423 2390 z
447 2360 504 2390 τοῦ
521 2358 618 2389 Blass
635 2368 709 2389 cum
726 2357 862 2390 Aristid.
883 2359 904 2388 ii
925 2360 984 2397 136
