1731 2844
148 115 176 171 ι]
556 116 971 154 οΛὙΝΘιΑΚοΣ
1020 117 1051 152 Α
1496 113 1572 167 [12]

145 222 283 274 ἄνδρες
301 221 514 272 Ἀθηναῖοι,
536 221 681 260 δίκαιος
706 218 896 270 λογιστὴς
921 222 999 258 τῶν
1019 218 1123 269 παρὰ
1148 220 1224 257 τῶν
1251 218 1349 256 θεῶν
1373 217 1464 266 ἡμῖν
1497 215 1572 270 [12]

146 288 403 341 ὑπηργμένων
429 286 637 332 καταστάς,
667 286 803 337 καίπερ
828 284 896 325 οὐκ
924 285 1099 337 ἐχόντων
1125 283 1176 324 ὡς
1205 286 1264 323 δεῖ
1286 286 1462 328 πολλῶν,

146 356 249 407 ὅμως
278 354 457 407 μεγάλην
486 353 533 394 ἂν
563 353 670 406 ἔχειν
694 352 824 393 αὐτοῖς
854 350 982 404 χάριν,
1011 350 1182 391 εἰκότως·
1221 348 1265 389 τὸ
1295 350 1367 399 μὲν
1391 350 1466 400 γὰρ

147 420 264 463 πόλλ’
281 419 575 461 ἀπολωλεκέναι
594 420 690 459 κατὰ
709 417 776 458 τὸν
798 418 973 476 πόλεμον
988 419 1056 467 τῆς
1074 414 1264 468 ἡμετέρας
1284 416 1468 466 ἀμελείας

108 504 126 536 5
146 487 194 528 ἄν
226 504 283 529 τις
316 488 399 537 θείη
435 487 602 532 δικαίως,
638 485 682 525 τὸ
715 487 756 525 δὲ
794 483 890 535 μήτε
926 483 1052 525 πάλαι
1083 486 1197 522 τοῦτο
1230 480 1469 535 πεπονθέναι

147 553 366 607 πεφηνέναι
398 552 441 593 τέ
472 552 545 592 τιν’
573 552 667 602 ἡμῖν
698 551 926 604 συμμαχίαν
959 550 1108 590 τούτων
1141 549 1390 601 ἀντίρροπον,
1421 546 1469 588 ἂν

146 620 384 671 βουλώμεθα
408 621 595 672 χρῆσθαι,
617 621 686 668 τῆς
713 617 802 669 παρ’
823 618 982 657 ἐκείνων
1002 616 1154 656 εὐνοίας
1179 613 1402 666 εὐεργέτημ’
1421 613 1469 654 ἂν

146 687 272 739 ἔγωγε
292 686 412 736 θείην.
467 684 571 731 ἀλλ’,
589 684 710 735 οἶμαι,
732 684 950 736 παρόμοιόν
969 684 1080 723 ἐστιν
1095 682 1191 733 ὅπερ
1212 681 1274 721 καὶ
1294 681 1382 732 περὶ
1400 682 1469 731 τῆς
1502 695 1539 722 11

145 757 224 793 τῶν
254 751 463 806 χρημάτων
494 750 682 801 κτήσεως·
720 750 768 791 ἂν
796 752 869 801 μὲν
892 749 979 802 γάρ,
1006 748 1068 789 ὅσ’
1092 748 1140 789 ἄν
1168 765 1226 790 τις
1255 746 1379 802 λάβῃ,
1408 747 1469 787 καὶ

91 838 129 861 10
148 817 275 875 σῴσῃ,
308 817 486 871 μεγάλην
519 818 602 871 ἔχει
635 823 682 874 τῇ
715 817 814 873 τύχῃ
847 815 919 866 τὴν
951 815 1081 869 χάριν,
1113 814 1160 855 ἂν
1194 813 1226 854 δ’
1257 813 1469 855 ἀναλώσας

147 885 261 941 λάθῃ,
290 883 552 935 συνανήλωσε
579 884 641 924 καὶ
666 883 711 923 τὸ
736 885 959 934 μεμνῆσθαι
982 879 1066 933 [τὴν
1090 878 1234 934 χάριν].
1294 880 1356 920 καὶ
1381 880 1469 931 περὶ

147 956 225 992 τῶν
244 950 485 1003 πραγμάτων
504 952 625 992 οὕτως
650 952 687 990 οἱ
710 950 763 1001 μὴ
789 949 1035 1003 χρησάμενοι
1054 951 1136 990 τοῖς
1161 950 1306 999 καιροῖς
1330 947 1466 998 ὀρθῶς,

148 1018 226 1059 οὐδ’
260 1019 293 1058 εἰ
326 1017 478 1069 συνέβη
513 1035 549 1057 τι
582 1018 686 1069 παρὰ
718 1019 795 1056 τῶν
829 1019 928 1056 θεῶν
957 1014 1135 1068 χρηστὸν
1165 1012 1467 1064 μνημονεύουσι·

149 1084 244 1137 πρὸς
264 1086 338 1137 γὰρ
360 1084 404 1125 τὸ
423 1087 648 1125 τελευταῖον
669 1084 793 1134 ἐκβὰν
819 1083 984 1123 ἕκαστον
1003 1085 1081 1122 τῶν
1100 1080 1191 1132 πρὶν
1215 1078 1469 1131 ὑπαρξάντων

90 1169 125 1200 15
149 1153 330 1204 κρίνεται.
403 1150 462 1190 διὸ
494 1151 556 1190 καὶ
586 1150 744 1202 σφόδρα
775 1151 834 1189 δεῖ
855 1152 932 1188 τῶν
960 1151 1113 1188 λοιπῶν
1136 1148 1246 1198 ὑμᾶς,
1274 1144 1303 1185 ὦ
1332 1145 1468 1197 ἄνδρες

148 1218 364 1268 Ἀθηναῖοι,
401 1218 627 1269 φροντίσαι,
663 1217 727 1256 ἵνα
759 1214 864 1255 ταῦτ’
900 1213 1271 1267 ἐπανορθωσάμενοι
1302 1211 1373 1262 τὴν
1405 1211 1469 1252 ἐπὶ

146 1288 228 1326 τοῖς
244 1282 534 1336 πεπραγμένοις
554 1281 714 1333 ἀδοξίαν
730 1282 1052 1334 ἀποτριψώμεθα.
1105 1281 1139 1321 εἰ
1155 1282 1196 1321 δὲ
1212 1278 1466 1332 προησόμεθ’,
1503 1295 1543 1321 12

147 1349 176 1391 ὦ
190 1350 328 1402 ἄνδρες
343 1350 558 1401 Ἀθηναῖοι,
577 1349 638 1390 καὶ
653 1349 813 1390 τούτους
827 1348 917 1390 τοὺς
932 1347 1171 1399 ἀνθρώπους,
1190 1344 1469 1387 εἶτ”Όλυνθον

149 1419 295 1459 ἐκεῖνος
326 1416 654 1469 καταστρέψεται,
682 1414 874 1468 φρασάτω
904 1431 961 1455 τις
991 1414 1076 1465 ἐμοὶ
1104 1414 1144 1454 τί
1165 1412 1209 1452 τὸ
1240 1415 1390 1452 κωλῦον
1415 1411 1469 1451 ἔτ’

90 1500 129 1522 20
148 1483 266 1525 αὐτὸν
301 1484 416 1525 ἔσται
451 1484 628 1534 βαδίζειν
664 1484 755 1523 ὅποι
790 1482 994 1533 βούλεται.
1066 1480 1141 1532 ἆρα
1176 1478 1379 1531 λογίζεταί
1411 1494 1468 1520 τις

147 1551 266 1601 ὑμῶν,
301 1548 330 1590 ὦ
366 1550 504 1602 ἄνδρες
537 1550 753 1600 Ἀθηναῖοι,
791 1549 853 1589 καὶ
890 1550 1028 1600 θεωρεῖ
1061 1546 1129 1587 τὸν
1164 1546 1310 1598 τρόπον
1342 1544 1391 1585 δι’
1424 1544 1468 1585 ὃν

147 1616 270 1670 μέγας
305 1617 468 1670 γέγονεν
503 1616 674 1667 ἀσθενὴς
709 1615 762 1656 ὢν
797 1615 841 1655 τὸ
878 1614 959 1655 κατ’
996 1615 1120 1668 ἀρχὰς
1156 1613 1376 1658 Φίλιππος;
1423 1611 1469 1651 τὸ

148 1688 303 1736 πρῶτον
344 1683 590 1737 Ἀμφίπολιν
631 1683 786 1734 λαβών,
830 1683 928 1733 μετὰ
969 1684 1089 1721 ταῦτα
1130 1680 1304 1725 Πύδναν,
1348 1677 1469 1718 πάλιν

149 1752 400 1796 Ποτείδαιαν,
436 1751 632 1800 Μεθώνην
665 1749 786 1795 αὖθις,
822 1748 906 1789 εἶτα
935 1748 1160 1789 Θετταλίας
1193 1745 1335 1797 ἐπέβη’
1372 1746 1469 1796 μετὰ
1504 1756 1542 1790 13

89 1832 127 1865 25
147 1820 268 1857 ταῦτα
309 1816 450 1869 Φεράς,
493 1815 702 1869 Παγασάς,
743 1816 998 1868 Μαγνησίαν,
1042 1812 1158 1855 πάνθ’
1200 1812 1245 1853 ὃν
1287 1810 1468 1863 ἐβούλετ’

149 1883 382 1936 εὐτρεπίσας
414 1884 561 1935 τρόπον
593 1882 708 1937 ᾤχετ’
742 1883 796 1924 εἷς
830 1880 1006 1936 Θρᾴκην·
1056 1879 1125 1921 εἶτ’
1160 1881 1242 1921 ἐκεῖ
1273 1878 1362 1920 τοὺς
1396 1879 1467 1929 μὲν
1499 1873 1575 1929 [13]

149 1951 333 2001 ἐκβαλὼν
348 1950 437 1991 τοὺς
457 1952 498 1990 δὲ
516 1947 767 1999 καταστήσας
781 1952 859 1989 τῶν
878 1946 1086 1999 βασιλέων
1102 1946 1314 1997 ἠσθένησε·
1349 1944 1469 1984 πάλιν

148 2015 275 2071 ῥᾴσας
300 2017 367 2057 οὐκ
393 2017 455 2057 ἐπὶ
479 2015 525 2056 τὸ
548 2017 734 2070 ῥᾳθυμεῖν
759 2015 981 2061 ἀπέκλινεν,
1004 2013 1095 2055 ἀλλ’
1117 2013 1227 2055 εὐθὺς
1246 2012 1470 2052 Ὀλυνθίοις

150 2084 420 2137 ἐπεχείρησεν.
492 2084 560 2124 τὰς
602 2081 634 2123 δ’
676 2081 736 2123 ἐπ’
775 2081 992 2133 Ἰλλυριοὺς
1034 2080 1096 2121 καὶ
1138 2080 1313 2120 Παίονας
1355 2078 1471 2118 αὐτοῦ

193 2203 212 2223 2
237 2192 445 2234 ὑπηργμένων
462 2192 486 2223 S
502 2205 552 2232 γρ.
575 2192 602 2221 Β
619 2205 669 2233 γρ.
686 2203 692 2223 t
719 2189 964 2233 ὑπηρετημένων
982 2190 1006 2221 S
1020 2190 1044 2220 F
1059 2190 1086 2220 B
1213 2189 1233 2219 8
1258 2189 1334 2230 ὅπερ
1350 2187 1447 2218 codd.
1465 2198 1471 2217 z

150 2236 216 2267 del.
237 2236 335 2267 Blass
351 2248 357 2266 ;
381 2238 487 2277 ὥσπερ
507 2235 640 2266 Dobree
756 2245 788 2265 11
817 2235 867 2267 καὶ
884 2235 921 2266 τὸ
938 2236 1115 2273 μεμνῆσθαι
1132 2232 1211 2263 secl.
1234 2232 1332 2263 Blass
1412 2231 1472 2268 τὴν

150 2279 247 2320 χάριν
266 2280 288 2310 S
302 2280 328 2310 B
345 2291 352 2309 ι
375 2282 416 2322 τῇ
433 2279 518 2321 τύχῃ
536 2280 598 2317 τὴν
614 2278 709 2320 χάριν
726 2277 814 2316 vulg.
833 2289 839 2308 ε
864 2277 944 2308 secl.
964 2277 1072 2307 Cobet
1228 2286 1265 2313 14
1290 2276 1361 2317 πρὶν
1378 2276 1471 2314 ὑπαρ-

151 2322 272 2362 ξάντων
290 2324 313 2354 S
328 2334 334 2352 :
360 2322 623 2364 προϋπαρξάντων
640 2321 727 2360 vulg.
746 2333 751 2352 :
779 2320 982 2362 ὑπαρξάντων
998 2320 1028 2350 Y
1188 2329 1225 2357 15
1250 2321 1290 2350 ὡς
1308 2319 1349 2349 τὰ
1365 2317 1474 2348 πολλὰ

152 2370 232 2396 ante
250 2367 389 2407 κρίνεται
405 2366 481 2396 add.
503 2365 591 2404 vulg.
612 2377 619 2395 2
644 2375 709 2395 om.
730 2364 815 2396 5¹13*
974 2375 1016 2394 20
1039 2376 1077 2403 ’γε
1096 2367 1172 2402 post
1189 2362 1249 2403 ἆρα
1265 2362 1340 2392 add.
1359 2359 1447 2398 vulg.
1466 2369 1471 2387 :

153 2418 216 2439 om.
237 2408 260 2439 S
393 2410 434 2438 28
458 2408 556 2450 ῥᾴσας
575 2408 791 2439 Hcrwerden
808 2417 814 2437 :
839 2407 950 2448 ῥαΐσας
968 2406 1064 2436 codd.
