1763 2828
119 153 218 209 [114]

178 271 217 309 15

177 732 218 767 16

120 1390 216 1445 [115]

173 1993 213 2028 18

674 155 1162 194 ΔΗΜΟΣΘΕΝΟΎΣ
1515 151 1570 206 [tx

315 258 432 299 Ἀλλ’
459 259 582 305 ἔστιν,
611 257 641 299 ὦ
673 259 768 311 πρὸς
797 262 864 299 τοῦ
891 260 1000 304 Διός,
1028 260 1138 301 ὅστις
1169 259 1210 299 εὗ
1235 262 1394 311 φρονῶν
1424 260 1465 299 ἐκ
1495 262 1573 300 τῶν

247 324 451 376 ὀνομάτων
483 328 640 375 μᾶλλον
672 323 694 375 ἢ
723 329 800 366 τῶν
834 325 1073 378 πραγμάτων
1106 325 1175 365 τὸν
1209 325 1340 377 ἄγοντ’
1367 324 1523 378 εἰρήνην
1549 322 1572 375 ἢ

248 392 483 442 πολεμοῦνθ’
527 394 627 446 αὑτῷ
671 392 856 444 σκέψαιτ’
899 392 965 439 ἄν;
1018 392 1144 434 οὐδεὶς
1186 391 1322 442 δήπου.
1383 393 1404 431 ὁ
1441 393 1573 433 τοίνυν

248 459 453 501 Φίλιππος
479 457 525 509 ἐξ
546 460 683 512 ἀρχῆς,
709 459 796 511 ἄρτι
821 462 889 509 τῆς
916 458 1069 511 εἰρήνης
1094 460 1314 511 γεγονυίας,
1342 459 1449 499 οὔπω
1477 463 1570 499 Διο-

248 525 404 567 πείθους
437 529 751 578 στρατηγοῦντος
780 526 869 567 οὐδὲ
898 530 976 567 τῶν
1005 527 1131 566 ὄντων
1163 527 1204 566 ἐν
1233 524 1474 580 Χερρονήσῳ
1505 529 1573 566 νῦν

247 591 572 642 ἀπεσταλμένων,
609 592 768 645 Σέρριον
806 593 868 633 καὶ
907 594 1106 644 Δορίσκον
1144 591 1349 643 ἐλάμβανε
1387 593 1448 632 καὶ
1483 592 1574 634 τοὺς

248 659 290 698 ἐκ
316 660 498 711 Σερρείου
522 659 676 711 τείχους
703 659 766 699 καὶ
784 658 907 711 Ἱεροῦ
932 661 1044 711 ὄρους
1065 659 1308 711 στρατιώτας
1335 658 1569 709 ἐξέβαλλεν,

248 725 314 767 οὓς
338 725 359 763 ὁ
383 724 567 776 ὑμέτερος
593 725 814 777 στρατηγὸς
842 725 1099 776 κατέστησεν.
1162 727 1286 766 καίτοι
1305 729 1426 766 ταῦτα
1450 724 1571 777 πράτ-

248 807 325 831 των
361 792 402 831 τί
436 792 578 837 ἐποίει;
631 790 788 843 εἰρήνην
823 794 894 843 μὲν
935 794 1009 844 γὰρ
1049 793 1266 843 ὠμωμόκει.
1339 792 1400 832 καὶ
1437 793 1571 842 μηδεὶς

249 859 350 912 εἴπῃ,
377 860 387 875 ‘
402 858 443 898 τί
459 860 500 898 δὲ
519 858 626 898 ταῦτ’
644 859 767 904 ἐστίν,
787 855 810 908 ἢ
829 859 870 898 τί
886 859 1034 899 τούτων
1053 858 1166 909 μέλει
1186 865 1232 916 τῇ
1249 859 1382 905 πόλει;
1400 858 1410 872 ’
1446 859 1481 899 εἰ
1498 860 1572 909 μὲν

247 925 324 975 γὰρ
347 925 465 976 μικρὰ
489 928 621 970 ταῦτα,
650 921 673 974 ὴ
698 927 819 975 μηδὲν
842 926 932 975 ὑμῖν
958 925 1083 965 αὐτῶν
1109 925 1262 976 ἔμελεν,
1289 925 1414 967 ἄλλος
1437 924 1486 965 ἂν
1511 926 1569 975 εἴη

246 990 368 1042 λόγος
392 990 516 1032 οὗτος·
554 990 598 1030 τὸ
623 990 655 1030 δ’
682 991 848 1042 εὐσεβὲς
874 991 936 1031 καὶ
961 991 1006 1031 τὸ
1030 993 1191 1038 δίκαιον,
1219 991 1267 1032 ἄν
1291 991 1325 1031 τ’
1346 992 1409 1032 ἐπὶ
1433 995 1572 1043 μικροῦ

245 1073 304 1098 τις
328 1056 376 1097 ἄν
400 1056 435 1096 τ’
462 1057 525 1098 ἐπὶ
557 1057 734 1108 μείζονος
762 1058 1005 1113 παραβαίνῃ,
1032 1058 1104 1108 τὴν
1134 1057 1254 1108 αὐτὴν
1284 1057 1368 1111 ἔχει
1392 1057 1569 1108 δύναμιν.

246 1122 345 1175 φέρε
370 1123 415 1174 δὴ
442 1127 521 1170 νῦν,
548 1123 648 1174 ἡνίκ’
675 1125 729 1166 εἰς
755 1125 1023 1177 Χερρόνησον,
1044 1123 1092 1174 ἣν
1117 1123 1315 1175 βασιλεὺς
1340 1125 1402 1165 καὶ
1426 1123 1570 1166 πάντες

246 1191 282 1230 οἱ
313 1188 515 1241 “Ἐλληνες
551 1189 741 1242 ὑμετέραν
777 1191 999 1243 ἐγνώκασιν
1037 1191 1147 1238 εἶναι,
1186 1190 1321 1242 ξένους
1359 1190 1571 1242 εἰσπέμπει

248 1257 309 1296 καὶ
343 1259 508 1307 βοηθεῖν
532 1258 723 1309 ὁμολογεῖ
746 1258 807 1298 καὶ
832 1257 1063 1299 ἐπιστέλλει
1082 1261 1218 1304 ταῦτα,
1244 1259 1285 1298 τί
1306 1261 1428 1304 ποιεῖ;
1468 1258 1571 1309 φησὶ

246 1325 316 1373 μὲν
346 1325 423 1375 γὰρ
448 1324 493 1364 οὐ
522 1327 723 1375 πολεμεῖν,
752 1325 829 1376 ἐγὼ
858 1327 900 1364 δὲ
930 1324 1120 1364 τοσούτου
1147 1324 1221 1365 δέω
1251 1328 1370 1364 ταῦτα
1399 1323 1569 1365 ποιοῦντ’

247 1391 397 1430 ἐκεῖνον
429 1389 540 1442 ἄγειν
574 1391 784 1443 ὁμολογεῖν
817 1390 887 1440 τὴν
920 1390 1015 1442 πρὸς
1040 1392 1139 1441 ὑμᾶς
1171 1390 1339 1443 εἰρήνην,
1371 1391 1474 1431 ὥστε
1507 1390 1569 1430 καὶ

249 1456 445 1509 Μεγάρων
489 1458 709 1508 ἁπτόμενον
752 1459 823 1497 κάν
864 1457 1016 1511 Εὐβοία
1058 1459 1264 1509 τυραννίδα
1326 1456 1565 1498 κατασκευά-

248 1523 361 1572 ζοντα
391 1524 453 1564 καὶ
482 1527 550 1564 νῦν
579 1524 643 1565 ἐπὶ
669 1521 832 1578 Θρᾴκην
858 1524 1048 1574 παριόντα
1078 1524 1140 1564 καὶ
1169 1524 1240 1564 τάν
1266 1522 1567 1578 Πελοποννήσῳ

247 1590 567 1642 σκευωρούμενον
601 1590 664 1631 καὶ
697 1589 812 1631 πάνθ’
842 1592 920 1630 ὅσα
949 1589 1111 1643 πράττει
1142 1592 1241 1641 μετὰ
1269 1592 1337 1640 τῆς
1370 1589 1568 1641 δυνάμεως

245 1660 444 1704 ποιοῦντα,
462 1657 572 1698 λύειν
589 1658 691 1710 φημὶ
707 1657 778 1707 τὴν
798 1657 955 1709 εἰρήνην
976 1657 1037 1697 καὶ
1057 1661 1247 1708 πολεμεῖν
1266 1658 1367 1708 ὑμῖν,
1387 1658 1420 1697 εἰ
1436 1657 1488 1708 μὴ
1506 1657 1567 1697 καὶ

244 1724 334 1765 τοὺς
358 1724 406 1764 τὰ
429 1722 679 1777 μηχανήματ’
707 1723 949 1776 ἐφιστάντας
978 1723 1136 1776 εἰρήνην
1166 1723 1278 1776 ἄγειν
1304 1723 1467 1776 φήσετε,
1496 1725 1569 1764 ἕως

244 1789 292 1830 ἂν
317 1789 413 1831 αὐτὰ
437 1795 518 1832 τοῖς
543 1791 720 1844 τείχεσιν
745 1789 816 1841 ἤδη
839 1790 1164 1843 προσαγάγωσιν,
1225 1790 1317 1831 ἀλλ’
1337 1790 1382 1831 οὐ
1401 1789 1567 1843 φήσετε·

245 1857 265 1895 ὁ
289 1858 365 1909 γὰρ
389 1858 447 1899 οῖς
471 1857 519 1898 ἂν
544 1858 622 1909 ἐγὼ
647 1858 857 1910 ληφθείην,
884 1861 1004 1898 ταῦτα
1029 1857 1211 1909 πράττων
1238 1858 1300 1898 καὶ
1327 1873 1567 1898 κατασκευα-

246 1923 417 1974 ζόμενος,
445 1924 558 1965 οὗτος
583 1925 669 1975 ἐμοὶ
693 1927 871 1975 πολεμεῖ,
900 1924 970 1965 κᾶν
995 1923 1110 1975 μήπω
1136 1924 1275 1981 βάλλῃ
1299 1927 1396 1975 μηδὲ
1414 1922 1567 1980 τοξεύῃ.

243 1990 350 2031 τίσιν
385 1990 453 2031 οῦν
488 1991 598 2042 ὑμεῖς
635 1990 917 2031 κινδυνεύσαιτ’
954 1990 1013 2037 ἄν,
1053 1993 1090 2031 εἴ
1121 2008 1157 2031 τι
1194 1990 1368 2043 γένοιτο;
1411 1995 1465 2046 τῷ
1502 1990 1570 2031 τὸν

242 2055 551 2108 Ἑλλήσποντον
571 2058 901 2110 ἀλλοτριωθῆναι,
922 2061 975 2112 τῷ
996 2057 1193 2110 Μεγάρων
1220 2058 1281 2098 καὶ
1305 2060 1374 2108 τῆς
1394 2057 1569 2108 Εὐβοίας

286 2167 307 2196 6
338 2166 468 2209 Σέρριον
491 2167 541 2199 καὶ
566 2166 648 2197 secl.
669 2166 769 2197 Blass
896 2166 1081 2205 ἐλάμβανεν
1106 2166 1200 2197 SL¹2
1234 2166 1462 2206 κατελάμβανε
1488 2170 1566 2197 cett.

244 2220 260 2248 7
286 2211 434 2252 Σερρείου
452 2210 475 2241 S
488 2210 514 2241 L
531 2222 537 2241 :
561 2210 688 2252 Σερρίου
705 2210 796 2248 vulg.
939 2210 959 2239 8
985 2210 1212 2250 ἐγκατέστησε
1229 2211 1260 2241 Α
1349 2211 1451 2242 καίτοι
1467 2212 1571 2242 ταῦτα

243 2252 318 2283 ΛΟ
351 2254 517 2284 Vrbinast
558 2254 609 2286 καὶ
641 2255 775 2285 τοιαῦτα
807 2252 934 2283 SLY:
973 2254 1077 2285 καίτοι
1109 2256 1244 2286 τοιαῦτα
1274 2252 1330 2291 al.‚
1363 2253 1402 2283 es.
1438 2253 1496 2283 xxi
1531 2254 1571 2282 16

247 2298 286 2326 16
310 2298 390 2338 φησὶ
408 2297 497 2336 vulg.
517 2308 523 2327 :
548 2299 623 2337 φῆις
641 2297 664 2327 S
680 2307 687 2326 t
711 2298 773 2337 φῆς
791 2296 829 2326 L¹
956 2307 992 2335 17
1017 2297 1175 2329 τοσούτου
1190 2296 1280 2336 vulg.
1297 2308 1303 2327 ε
1330 2296 1475 2336 τοσούτῳ
1495 2296 1518 2327 S
1533 2295 1568 2334 L,

244 2340 284 2370 cf.
305 2340 388 2370 xviii
409 2350 442 2370 11
454 2351 465 2370 1
585 2342 623 2370 18
648 2341 738 2381 ἄγειν
754 2344 834 2370 ante
852 2341 1026 2380 ὁμολογεῖν
1044 2341 1066 2371 S
1081 2341 1105 2370 L
1117 2340 1166 2371 A:
1193 2345 1269 2380 post
1286 2342 1460 2381 ὁμολογεῖν
1478 2339 1566 2378 vulg.

248 2393 287 2422 19
310 2384 494 2424 τυραννίδας
521 2383 649 2415 Reiske
679 2383 729 2423 xcf.
750 2383 804 2414 viii
828 2384 898 2422 36,
920 2383 1082 2414 Libanius
1106 2383 1138 2414 iv
1160 2385 1219 2414 821
1239 2394 1245 2414 :
1278 2383 1448 2424 τυραννίδα
1472 2382 1569 2414 codd.

244 2435 285 2464 24
309 2426 516 2468 προσάγωσιν
534 2426 557 2457 S

1593 545 1610 577 5

1593 876 1631 899 10

1593 1209 1630 1242 ¹5

1591 1541 1630 1563 20

1592 1873 1628 1906 ²5
