1731 2844
570 562 1092 616 PRAEFATIO

222 740 419 780 TEXTVS
471 739 801 780 Demosthenici
853 739 1036 792 origines
1087 750 1219 791 quam
1281 734 1491 776 altissime

164 809 457 862 repetentibus
502 808 607 849 illud
655 809 757 850 satis
802 808 948 862 liquet,
981 806 1281 848 Alexandriae
1328 804 1490 856 (ibique

163 878 363 932 primum,
396 884 443 919 ut
474 878 664 932 videtur)
694 878 901 919 adhibitis
942 878 1135 930 optimae
1174 882 1301 916 notae
1342 886 1491 913 exem-

161 947 354 1000 plaribus
410 948 450 988 in
494 961 627 988 unum
681 961 836 1001 corpus
884 948 1080 988 redactas
1133 958 1225 986 esse
1275 943 1492 984 orationes

161 1016 398 1069 titulosque
412 1016 455 1056 in
471 1015 732 1057 Callimachi
747 1016 949 1069 catalogo
966 1016 1055 1055 sive
1074 1012 1233 1064 πίναξιν
1248 1011 1491 1064 inscriptos.

162 1084 221 1125 Et
264 1086 372 1126 ordo
418 1085 594 1138 quidem
639 1085 897 1133 orationum,
939 1084 1138 1137 quamvis
1186 1082 1228 1122 in
1269 1079 1491 1121 codicibus

160 1152 432 1206 aliquatenus
455 1154 686 1206 discrepet,
709 1155 742 1194 is
764 1161 827 1194 est
859 1154 988 1195 hodie
1020 1160 1065 1194 ut
1096 1157 1229 1192 restet
1259 1161 1490 1191 commune

159 1222 323 1275 aliquid
368 1223 484 1275 quod
535 1223 590 1263 ad
641 1223 808 1264 πίνακας
860 1221 955 1263 illos
1006 1227 1240 1262 revocetur.
1320 1216 1488 1257 Eodem

159 1297 326 1344 spectat
358 1291 468 1332 ratio
500 1290 852 1341 stichometrica3
905 1304 1005 1331 nam
1038 1302 1240 1331 versuum
1273 1300 1489 1335 numerus,

158 1361 231 1414 qui
283 1360 418 1415 στίχοι
478 1360 767 1414 appellantur,
817 1360 994 1414 singulis
1060 1357 1328 1400 orationibus
1389 1355 1489 1395 sub-

158 1430 342 1483 scriptus
389 1443 446 1470 ex
493 1429 807 1470 Alexandrinis
854 1428 1180 1483 exemplaribus
1223 1427 1364 1480 primo
1414 1425 1488 1465 de-

157 1505 369 1552 sumptus,
402 1499 557 1540 deinde
595 1499 636 1540 in
669 1499 754 1540 alia
784 1500 1025 1553 descriptus
1056 1511 1192 1551 usque
1224 1497 1279 1537 ad
1312 1494 1487 1534 undeci-

159 1581 279 1609 mum
323 1568 542 1609 saeculum
584 1581 720 1621 paene
765 1567 992 1609 incolumis
1045 1566 1280 1620 permansit
1298 1562 1324 1604 ¹.
1402 1561 1489 1603 Sed

157 1637 282 1678 huius
315 1637 580 1686 recensionis,
604 1637 717 1677 unde
750 1643 842 1677 tota
874 1644 1031 1685 nostra,
1056 1636 1135 1675 nisi
1165 1634 1302 1682 fallor,
1325 1631 1486 1685 pendet

157 1706 390 1758 παράδοσις,
412 1705 616 1747 deficiunt
648 1693 898 1746 testimonia
931 1705 1087 1758 quibus
1119 1704 1310 1744 fortunas
1342 1714 1486 1755 perse-

157 1788 358 1828 quamur.

216 1844 398 1885 Constat
444 1843 549 1883 alias
596 1843 830 1897 compluris
874 1844 1092 1885 exstitisse
1139 1841 1327 1894 antiquis
1373 1846 1483 1879 tem-

155 1913 333 1966 poribus
364 1912 642 1962 recensiones,
664 1912 774 1953 Sicut
794 1911 1023 1954 Ἀττικιανά
1045 1911 1118 1965 (SC.
1142 1908 1375 1963 ἀπόγραφα)
1398 1907 1485 1957 illa,

155 1983 209 2023 de
232 1982 387 2035 quibus
411 1980 548 2021 multa
569 1981 898 2036 disputaverunt
916 1982 994 2022 viri
1016 1980 1270 2028 doctissimi,
1286 1977 1484 2019 certatim

155 2052 260 2091 enisi
306 2059 352 2092 ut
398 2051 588 2103 optimos
635 2058 805 2092 nostros
848 2051 1034 2101 codices,
1074 2049 1315 2092 Parisinum
1365 2045 1394 2086 S
1441 2051 1483 2086 et

155 2120 497 2162 Laurentianum
531 2118 583 2171 L,
615 2120 742 2161 huius
775 2121 1009 2161 memoriae
1051 2120 1173 2160 testis
1211 2131 1304 2158 esse
1336 2120 1482 2156 osten-

154 2191 318 2232 derent.
393 2190 532 2231 Tenui
566 2203 668 2231 sane
700 2190 797 2231 freti
830 2190 988 2231 indicio
1019 2203 1108 2230 rem
1142 2199 1345 2242 magnam
1381 2197 1481 2224 con-

154 2260 278 2302 ficere
300 2259 554 2310 voluerunt;
590 2258 695 2300 nihil
728 2260 842 2301 enim
878 2259 963 2301 fere
994 2266 1059 2301 est
1091 2272 1165 2299 cur
1191 2253 1480 2311 praestantius

198 2368 208 2388 ¹
234 2367 291 2399 W.
312 2367 438 2406 Christ,
455 2367 517 2398 Die
533 2367 814 2407 Attiknsausgabe
834 2367 889 2398 des
904 2367 1149 2405 Demosthenes,
1172 2366 1354 2397 Munchen,
1377 2365 1458 2394 1882
1475 2374 1480 2395 z

156 2412 301 2450 Usener,
323 2411 431 2443 Unser
445 2411 642 2451 Platontcxt‚
659 2411 811 2450 Gotting.
834 2411 1072 2450 Nachrichten‚
1097 2412 1186 2450 1892,
1209 2420 1263 2450 pp.
1288 2419 1345 2449 192
1363 2418 1435 2447 sqq.

804 2478 825 2500 V
