1731 2844
169 127 228 182 ιχ]
525 134 684 170 ΚΑΤΑ
733 133 1050 170 ΦιΛιΠΠοτ
1099 135 1128 170 Γ
1519 131 1621 185 [122]

169 234 255 274 ποθ’
280 234 302 284 ἡ
329 234 479 275 διάνοια
503 239 580 276 τῶν
605 235 822 285 Ἀθηναίων
847 239 923 275 τῶν
949 235 1048 280 τότε,
1071 237 1189 274 ταῦτα
1214 235 1443 279 ποιούντων,
1465 232 1487 283 ἢ

169 301 209 340 τί
244 300 287 339 τὸ
326 300 488 352 ἀξίωμα.
562 304 703 342 ἐκεῖνοι
745 302 935 351 Ζελείτην
971 300 1070 346 τινά,
1104 300 1310 352 “Ἀρθμιον,
1348 303 1488 340 δοῦλον

166 366 371 418 βασιλέως
395 367 432 419 (ἡ
463 370 537 419 γὰρ
563 367 708 408 Ζέλειά
733 369 820 408 ἐστι
852 370 921 418 τῆς
945 364 1115 417 Ἀσίας),
1142 367 1201 406 ὅτι
1231 371 1283 421 τῷ
1314 367 1488 422 δεσπότῃ

166 435 358 473 διακονῶν
383 435 549 486 χρυσίον
573 434 722 486 ἤγαγεν
753 435 808 475 εἰς
834 434 1164 483 Πελοπόννησον,
1191 432 1260 472 οὐκ
1283 431 1487 482 Ἀθήναζε,

129 514 146 545 5
167 499 310 552 ἐχθρὸν
329 501 455 540 αὐτῶν
474 500 706 552 ἀνέγραψαν
723 501 785 540 καὶ
803 503 881 540 τῶν
900 499 1119 551 συμμάχων
1139 498 1258 539 αὐτὸν
1279 498 1341 538 καὶ
1360 497 1487 550 γένος,

167 566 230 606 καὶ
253 566 425 616 ἀτίμους.
488 570 602 607 τοῦτο
627 565 660 605 δ’
687 566 798 606 ἐστὶν
822 566 895 618 οὐχ
920 565 968 616 ἢν
992 566 1142 606 οὑτωσί
1163 582 1221 607 τις
1245 564 1292 605 ἂν
1321 563 1489 617 φήσειεν
1520 578 1566 611 44

165 631 335 681 ἀτιμίαν·
378 633 419 672 τί
443 632 520 684 γὰρ
549 635 602 686 τῷ
633 633 811 687 Ζελείτῃ,
843 635 921 672 τῶν
951 631 1172 682 Ἀθηναίων
1206 634 1345 671 κοινῶν
1375 632 1407 671 εἰ
1436 630 1488 681 μὴ

163 695 343 747 μεθέξειν
369 698 555 748 ἕμελλεν,·
593 697 685 738 ἀλλ’
712 699 753 738 ἐν
776 701 857 739 τοῖς
887 702 1066 750 φονικοῖς
1094 697 1315 750 γέγραπται
1340 697 1487 748 νόμοις,

163 763 258 814 ὑπὲρ
294 764 346 803 ὧν
382 763 430 804 ἂν
453 764 505 814 μὴ
542 767 632 818 διδῷ
669 765 795 816 φόνου
830 764 1084 810 δικάσασθαι,
1121 764 1208 802 ἀλλ’
1239 767 1364 817 εὐαγὲς
1394 764 1418 816 ᾗ
1446 766 1489 803 τὸ

107 844 145 867 10
164 833 382 876 ἀποκτεῖναι,
410 832 421 848 ‘
438 831 500 870 καὶ
530 830 691 881 ἄτιμος’
715 832 818 883 φησὶ
846 833 855 848 ‘
872 830 1072 871 τεθνάτω.’
1142 835 1255 871 τοῦτο
1285 831 1332 881 δὴ
1362 830 1485 883 λέγει,

165 896 334 947 καθαρὸν
366 896 434 936 τὸν
463 897 611 937 τούτων
639 896 713 937 τιν’
742 897 1016 937 ἀποκτείναντ’
1047 898 1157 938 εῖναι.
1229 897 1367 937 οὐκοῦν
1401 899 1485 937 ἐνό-
1518 906 1561 941 45

163 962 274 1013 μιζον
308 964 448 1003 ἐκεῖνοι
484 965 552 1012 τῆς
587 963 745 1003 πάντων
778 967 854 1004 τῶν
886 962 1095 1013 Ἑλλήνων
1128 965 1324 1015 σωτηρίας
1359 965 1488 1005 αὑτοῖς

164 1028 422 1079 ἐπιμελητέον
452 1028 563 1069 εἶναι·
600 1029 646 1069 οὐ
668 1031 745 1082 γὰρ
769 1030 817 1070 ἂν
847 1030 975 1072 αὐτοῖς
1005 1030 1113 1080 ἔμελ’
1138 1032 1175 1070 εἴ
1200 1046 1259 1071 τις
1288 1031 1330 1069 ἐν
1354 1033 1485 1069 Πελο-

163 1094 349 1149 ποννήσῳ
383 1097 491 1137 τινὰς
528 1095 681 1136 ὠνεῖται
718 1097 781 1136 καὶ
817 1097 1049 1148 διαφθείρει,
1083 1096 1135 1147 μὴ
1172 1096 1276 1136 τοῦθ’
1308 1097 1485 1146 ὑπολαμ-

108 1173 144 1204 15
163 1160 375 1211 βάνουσιν·
412 1161 600 1211 ἐκόλαζον
624 1162 657 1202 δ’
682 1163 781 1202 οὕτω
812 1164 874 1203 καὶ
905 1162 1153 1214 ἐτιμωροῦνθ’
1178 1162 1244 1203 οὓς
1269 1164 1485 1208 αἴσθοιντο,

164 1228 268 1267 ὥστε
300 1228 363 1267 καὶ
395 1229 584 1277 στηλίτας
616 1232 754 1269 ποιεῖν.
826 1230 868 1268 ἐκ
899 1231 940 1269 δὲ
972 1229 1120 1268 τούτων
1148 1229 1306 1270 εἰκότως
1334 1230 1382 1267 τὰ
1408 1232 1486 1268 τῶν

163 1292 371 1342 Ἑλλήνων
403 1293 449 1342 ἧν
481 1298 532 1348 τῷ
565 1294 760 1349 βαρβάρῳ
793 1294 963 1347 φοβερά,
998 1296 1071 1348 οὐχ
1108 1296 1128 1333 ὁ
1163 1294 1372 1347 βάρβαρος
1407 1298 1487 1335 τοῖς

155 1357 371 1409 ”Ελλησιν.
442 1359 534 1400 ἀλλ’
565 1361 610 1401 οὐ
647 1364 728 1401 νῦν·
776 1361 820 1401 οὐ
856 1362 931 1413 γὰρ
966 1361 1088 1402 οὕτως
1120 1360 1226 1414 ἔχεθ’
1258 1362 1365 1411 ὑμεῖς
1399 1361 1487 1401 οὔτε

163 1425 258 1476 πρὸς
289 1427 336 1465 τὰ
361 1426 505 1466 τοιαῦτ’
529 1427 618 1467 οὔτε
647 1427 744 1479 πρὸς
772 1426 914 1473 τᾶλλα,
942 1428 1049 1468 ἀλλὰ
1073 1431 1174 1474 πῶς,·
1218 1427 1290 1467 ἴστ’
1307 1429 1421 1466 αὐτοί·
1452 1429 1492 1466 τί
1517 1430 1562 1471 46

105 1502 144 1523 20
161 1486 233 1536 γὰρ
248 1485 302 1523 δεῖ
317 1486 399 1535 περὶ
417 1488 563 1525 πάντων
580 1489 681 1537 ὑμῶν
701 1490 928 1539 κατηγορεῖιν;
957 1488 1228 1538 παραπλησίως
1248 1488 1285 1526 δὲ
1306 1488 1365 1525 καὶ
1385 1488 1487 1526 οὐδὲν

159 1540 313 1588 βέλτιον
332 1542 431 1590 ὑμῶν
450 1542 605 1582 ἅπαντες
625 1544 659 1579 οἶ
678 1542 803 1579 λοιποὶ
812 1540 1006 1591 εΈλληνες·
1040 1542 1165 1591 διόπερ
1183 1541 1277 1592 φήμ’
1293 1543 1407 1594 ἔγωγε
1428 1542 1486 1579 καὶ

161 1593 323 1643 σπουδῆς
355 1597 501 1645 πολλῆς
535 1596 593 1634 καὶ
625 1597 769 1645 βουλῆς
802 1596 943 1648 ἀγαθῆς
979 1597 1026 1634 τὰ
1059 1597 1224 1645 παρόντα
1261 1597 1461 1648 πράγματα
1517 1597 1620 1652 [123]

160 1657 414 1706 προσδεῖσθαι.
464 1659 584 1702 τίνος;
634 1659 729 1697 ε’ίπω
756 1657 954 1704 κελεύετε;
995 1657 1056 1697 καὶ
1081 1656 1149 1696 οὐκ
1175 1657 1393 1710 ὀργιεῖσθε;

209 1775 222 1794 Ι
249 1765 422 1804 Ἀθηναίων
437 1769 502 1798 τῶν
518 1766 595 1798 τότε
613 1767 637 1797 S
650 1766 718 1797 LA
732 1781 738 1798 :
763 1767 842 1799 τότε
860 1765 1034 1805 Ἀθηναίων
1049 1769 1114 1798 τῶν
1128 1766 1218 1806 vulg.
1365 1766 1386 1795 6
1409 1771 1485 1804 post

162 1809 292 1848 ἀτίμους
308 1810 383 1841 add.
404 1810 480 1842 εἶναι
497 1810 586 1848 vulg.
605 1822 612 1840 :
636 1820 700 1841 om.
722 1810 745 1840 S
758 1810 796 1840 L1
808 1810 839 1840 Y
1014 1820 1030 1848 7
1057 1813 1121 1842 τῶν
1138 1809 1312 1848 Ἀθηναίων
1328 1812 1441 1840 κοινῶν
1458 1811 1486 1840 εἶ

164 1852 199 1881 S¹
213 1853 249 1882 L¹
269 1852 434 1892 Harpocr.
450 1864 456 1883 2
482 1854 570 1885 τοῦτ’
588 1853 703 1893 ἔμελεν
720 1855 748 1885 εἷ
762 1857 828 1885 τῶν
845 1854 995 1892 Ἀθήνησι
1014 1856 1126 1885 κοινῶν
1143 1857 1220 1883 cett.
1363 1854 1383 1882 8
1408 1853 1483 1883 ἀλλ’

162 1897 197 1926 οὐ
214 1898 310 1927 τοῦτο
327 1895 417 1936 λέγει
434 1902 513 1926 ante
531 1897 606 1928 ἀλλ’
625 1899 659 1928 ἐν
674 1897 750 1927 add.
769 1897 857 1936 vulg.
874 1911 880 1928 :
906 1907 969 1927 om.
988 1896 1023 1927 Sl
1036 1896 1073 1926 L¹
1090 1897 1256 1936 Harpocr.
1348 1906 1369 1934 9
1386 1895 1483 1936 φόνου

163 1938 246 1968 AY¹
275 1939 331 1977 (cf.
363 1939 444 1968 xxiii
472 1940 553 1979 67):
588 1940 675 1972 δίκας
702 1939 801 1980 φόνου
830 1940 892 1969 SL
918 1939 1030 1979 vulg:
1068 1940 1160 1978 δίκην
1186 1939 1286 1980 φόνου
1314 1938 1480 1976 Harpocr.

163 1982 237 2013 ἀλλ’
260 1981 372 2022 εὐαγὲς
390 2006 396 2013 .
416 2006 424 2013 .
444 2006 450 2012 .
471 1983 653 2014 ἀποκτεῖναι
678 1993 742 2013 οιη.
764 1983 798 2013 S¹
812 1983 892 2013 L¹Y
912 1982 1078 2022 Harpocr.
1260 1991 1297 2020 15
1331 1986 1407 2020 post
1432 1981 1483 2012 οὓς

162 2025 237 2055 add.
258 2026 296 2056 ἂν
312 2025 399 2064 vulg.
415 2037 421 2054 2
448 2035 512 2056 om.
534 2025 556 2055 S
569 2025 594 2055 L
606 2026 636 2055 Y
733 2031 808 2065 post
826 2028 987 2058 αἴσθοιντο
1004 2027 1079 2056 add.
1100 2027 1352 2068 δωροδοκοῦντας
1369 2023 1457 2062 vulg.
1475 2035 1482 2054 ς

162 2077 225 2098 οῐη.
248 2068 320 2097 SL¹
340 2068 403 2098 Soli
583 2078 686 2107 19-23
716 2070 781 2101 ἴστ’
799 2069 900 2101 αὐτοί·
926 2093 932 2100 .
953 2093 960 2100 .
981 2093 988 2100 .
1015 2071 1230 2111 προσδεῖσθαι.
1278 2069 1385 2103 τίνος;
1416 2077 1479 2097 om.

164 2110 250 2140 ΞΙΙ,1
279 2111 349 2142 soli.
411 2111 586 2151 Duplicem
619 2112 718 2142 huius
746 2112 809 2142 loci
839 2113 1071 2142 recensionem
1100 2112 1205 2142 fuisse
1234 2115 1482 2150 perspexerunt

163 2153 311 2193 Spengel
330 2159 363 2184 et
379 2154 481 2193 weil,
498 2155 635 2185 alteram
654 2157 730 2186 εἴπω
747 2155 896 2187 κελεύετε
913 2156 964 2187 καὶ
983 2157 1038 2186 οὐκ
1058 2155 1236 2196 ὀργιεῖσθε,·
1260 2154 1398 2184 alteram
1415 2153 1480 2183 ἴστ’

163 2197 264 2227 αὐτοί·
286 2221 293 2227 .
313 2220 320 2227 .
340 2220 347 2227 .
371 2200 587 2238 προσδεῖσθαι,
610 2208 707 2236 quam
731 2198 849 2238 inepte
872 2198 1081 2228 commiscuit
1104 2197 1343 2235 grammaticus
1364 2195 1481 2226 nescio

162 2239 248 2277 quis,
265 2240 379 2270 addito
396 2241 501 2277 τίνος,·
521 2241 591 2281 (23)
