1747 2844
192 128 311 181 xvm]
506 132 647 169 ΠΕΡΙ
695 132 818 169 ΤΟΎ
866 132 1206 170 ΣΤΕΦΑΝΟΎ

189 236 260 288 τὴν
284 239 353 277 τοῦ
378 237 612 288 συμβούλου
630 234 808 276 διάνοιαν
834 238 961 286 δηλοῖ.
1021 235 1074 286 μὴ
1096 235 1140 285 δὴ
1161 234 1266 275 τοῦθ’
1289 235 1340 277 ὡς
1367 235 1520 287 ἀδίκημ’

189 303 285 355 ε’μὸν
318 305 400 360 θῇς,
429 305 462 344 εἶ
496 305 690 355 κρατῆσαι
723 302 876 353 συνέβη
905 303 1095 357 Φιλίππῳ
1129 307 1177 358 τῇ
1209 301 1331 358 μάχῃ·
1371 304 1413 342 ἐν
1445 303 1521 354 γὰρ

188 374 242 426 τῷ
268 372 342 425 θεῷ
368 370 412 410 τὸ
437 370 577 410 τούτου
601 369 715 411 τέλος
740 368 800 419 ἦν,
827 368 895 409 οὐκ
923 370 1022 420 ἐμοί.
1084 368 1176 408 ἀλλ’
1204 368 1255 410 ὡς
1281 368 1353 422 οὐχ
1379 367 1520 409 ἅπανθ’

190 436 254 477 ὅσ’
289 439 380 487 ἐνῆν
418 436 501 477 κατ’
535 436 782 488 ἀνθρώπινον
817 435 1016 488 λογισμὸν
1052 435 1229 486 εἱλόμην,
1265 435 1328 476 καὶ
1364 437 1521 477 δικαίως

152 522 169 554 5
190 507 312 544 ταῦτα
346 504 407 544 καὶ
441 505 637 555 ἐπιμελῶς
670 501 822 554 ἔπραξα
856 503 918 543 καὶ
949 503 1182 554 φιλοπόνως
1213 504 1310 554 ὑπὲρ
1344 502 1519 553 δύναμιν,

190 568 213 621 ἢ
240 571 291 612 ὡς
316 571 360 611 οὐ
386 572 487 610 καλὰ
518 571 581 610 καὶ
610 571 678 620 τῆς
708 570 865 611 πόλεως
897 568 987 620 ἄξια
1018 569 1215 622 πράγματ’
1242 569 1521 620 ἐνεστησάμην

192 638 254 678 καὶ
289 638 496 689 ἀναγκαῖα,
534 636 655 677 ταῦτά
693 653 760 687 μοι
801 635 943 688 δεῖξον,
984 637 1046 676 καὶ
1085 636 1166 677 τότ’
1203 636 1274 687 ἤδη
1313 637 1520 688 κατηγόρει

188 721 275 756 μου.
347 705 380 744 εἰ
409 703 442 744 δ’
469 705 489 743 ὁ
515 705 675 755 συμβὰς
710 703 886 754 σκηπτὸς
912 700 948 753 [ἢ
981 701 1146 757 χειμὼν]
1170 704 1222 755 μὴ
1255 704 1378 754 μόνον
1409 703 1519 754 ἡμῶν

190 771 296 811 ἀλλὰ
321 771 383 811 καὶ
413 769 573 811 πάντων
607 774 685 811 τῶν
720 770 857 811 ἄλλων
883 770 1093 821 Ἑλλήνων
1125 771 1269 822 μείζων
1301 770 1455 823 γέγονε,
1483 771 1523 811 τί

131 853 170 874 10
189 837 264 890 χρὴ
291 841 438 885 ποιεῖν;
477 837 612 889 ὥσπερ
638 837 687 878 ἂν
716 839 751 878 εἴ
774 854 832 880 τις
857 837 1081 889 ναύκληρον
1107 837 1221 878 πάντ’
1247 837 1311 878 ἐπὶ
1345 839 1520 892 σωτηρίᾳ

189 904 392 957 πράξαντα
426 904 488 945 καὶ
523 904 878 946 κατασκευάσαντα
907 905 952 945 τὸ
985 908 1127 945 πλοῖον
1162 904 1232 957 ἀφ’
1258 905 1312 944 ὧν
1344 903 1520 956 ὑπελάμ-

188 976 291 1023 βανε
311 970 584 1022 σωθήσεσθαι,
609 971 694 1012 εἶτα
712 975 878 1025 χειμῶνι
898 971 1155 1025 χρησάμενον
1176 972 1238 1012 καὶ
1258 970 1520 1022 πονησάντων

190 1038 292 1094 αὐτῷ
323 1043 401 1080 τῶν
433 1036 634 1089 σκευῶνῆ
663 1040 724 1079 καὶ
756 1039 1053 1090 συντριβέντων
1087 1040 1204 1085 ὅλως,
1232 1041 1301 1089 τῆς
1334 1040 1521 1091 ναυαγίας

190 1106 362 1160 αἰτιῷτο.
433 1105 526 1146 ἀλλ’
552 1105 631 1146 οὔτ’
659 1105 886 1158 ἐκυβέρνων
917 1106 988 1156 τὴν
1018 1109 1124 1153 ναῦν,
1153 1105 1323 1158 φήσειεν
1351 1105 1399 1146 ἄν
1424 1104 1517 1155 (ὥσ-

131 1187 168 1218 15
189 1190 262 1225 περ
286 1172 366 1212 οὐδ’
392 1172 662 1225 ἐστρατήγουν
689 1173 794 1225 ἐγώ),
825 1173 913 1213 οὔτε
939 1175 1006 1223 τῆς
1032 1174 1154 1226 τύχης
1184 1173 1314 1225 κύριος
1340 1171 1400 1223 ἦν,
1427 1172 1519 1213 ἀλλ’

189 1240 318 1290 ἐκείνη
344 1243 422 1280 τῶν
447 1239 619 1280 πάντων.
692 1239 784 1280 ἀλλ’
812 1241 939 1280 ἐκεῖνο
965 1240 1124 1293 λογίζου
1153 1241 1214 1280 καὶ
1239 1241 1323 1292 ὅρα·
1364 1241 1396 1280 εἰ
1421 1242 1519 1291 μετὰ

190 1307 388 1357 Θηβαίων
406 1307 500 1358 ἡμῖν
525 1306 827 1359 ἀγωνιζομένοις
848 1308 971 1348 οὕτως
992 1308 1152 1359 εἵμαρτο
1177 1305 1334 1358 πρᾶξαι,
1356 1308 1397 1347 τί
1418 1309 1518 1360 χρῆν

189 1376 416 1425 προσδοκᾶν
445 1375 479 1414 εἰ
510 1376 609 1425 μηδὲ
641 1374 803 1415 τούτους
837 1374 1012 1427 ἔσχομεν
1048 1373 1282 1427 συμμάχους
1314 1374 1420 1414 ἀλλὰ
1445 1377 1516 1414 Φι-

187 1441 321 1495 λίππῳ
365 1440 622 1493 προσέθεντο,
666 1442 763 1492 ὑπὲρ
808 1441 851 1481 οὗ
894 1440 975 1480 τότ’
1018 1442 1168 1482 ἐκεῖνος
1211 1440 1342 1482 πάσας
1389 1441 1517 1493 ἀφῆκε

129 1522 169 1544 20
188 1507 343 1560 φωνάς;
389 1507 452 1548 καὶ
489 1509 522 1548 εἰ
558 1511 626 1549 νῦν
662 1511 778 1560 τριῶν
812 1508 967 1559 ἡμερῶν
1002 1508 1080 1548 ἀπὸ
1113 1509 1182 1558 τῆς
1212 1507 1394 1558 Ἀττικῆς
1427 1507 1518 1548 ὁδὸν

187 1577 255 1625 τῆς
279 1573 410 1628 μάχης
435 1574 649 1627 γενομένης
674 1578 865 1617 τοσοῦτος
893 1576 1069 1616 κίνδυνος
1096 1575 1159 1615 καὶ
1180 1575 1311 1627 φόβος
1331 1574 1517 1627 περιέστη

186 1641 258 1692 τὴν
295 1642 427 1687 πόλιν,
462 1643 504 1683 τί
535 1641 595 1688 ἄν,
636 1643 672 1683 εἴ
705 1659 779 1682 που
811 1644 880 1692 τῆς
916 1643 1049 1695 χώρας
1086 1641 1206 1682 ταύτὸ
1243 1645 1356 1682 τοῦτο
1394 1641 1518 1683 πάθος

187 1708 354 1759 συνέβη,
381 1711 656 1761 προσδοκῆσαι
689 1711 809 1762 χρῆν;
849 1708 908 1761 ἆρ’
935 1708 1039 1749 οἶσθ’
1066 1710 1126 1750 ὅτι
1157 1712 1224 1749 νῦν
1257 1711 1329 1759 μὲν
1360 1711 1516 1759 στῆναι,

187 1778 410 1822 συνελθεῖν,
438 1776 696 1822 ἀναπνεῦσαι,
725 1778 859 1817 πολλὰ
884 1776 945 1827 μί’
971 1775 1097 1828 ἡμέρα
1128 1777 1190 1816 καὶ
1222 1776 1288 1816 δύο
1322 1776 1383 1816 καὶ
1414 1779 1518 1828 τρεῖς

127 1855 165 1887 25
186 1842 330 1883 ἔδοσαν
367 1846 445 1883 τῶν
485 1844 540 1885 εἰς
579 1844 779 1896 σωτηρίαν
817 1844 863 1900 τῇ
903 1844 1033 1889 πόλει,
1075 1844 1165 1884 τότε
1205 1842 1367 1883 δ’·-οὐκ
1407 1842 1517 1894 ἄξιον

187 1911 323 1955 εἰπεῖν,
352 1909 376 1949 ἅ
407 1927 453 1962 γε
484 1911 581 1961 μηδὲ
611 1914 750 1962 πεῖραν
780 1910 901 1951 ἔδωκε
936 1912 1036 1951 θεῶν
1069 1910 1177 1952 τινὸς
1211 1910 1342 1964 εὐνοίᾳ
1377 1911 1516 1964 καὶτῷ

185 1976 467 2028 προβαλέσθαι
513 1977 585 2027 τὴν
627 1977 746 2018 πόλιν
788 1978 932 2027 ταύτην
974 1977 1047 2028 τὴν
1091 1979 1333 2031 συμμαχίαν,
1378 1977 1424 2027 ἧς
1466 1977 1517 2017 σὺ

187 2047 427 2096 κατηγορεῖς.

227 2164 246 2183 2
278 2157 321 2196 τῇ
343 2154 433 2196 μάχῃ
460 2154 483 2185 S
499 2154 568 2184 LA
585 2154 631 2185 F:
664 2156 726 2193 τὴν
748 2154 860 2196 μάχην
884 2156 974 2195 vulg.
1132 2166 1151 2195 3
1185 2158 1218 2187 ἐν
1242 2160 1320 2186 ante
1346 2155 1416 2194 ἐμοί
1439 2155 1514 2186 add.

185 2198 273 2236 vulg.
293 2209 299 2228 :
323 2208 386 2228 om.
409 2198 432 2229 S
449 2198 474 2228 L
616 2199 635 2227 8
660 2199 679 2236 ἢ
697 2200 819 2239 χειμὼν
835 2200 913 2230 secl.
936 2199 1065 2230 Reiske
1213 2209 1247 2229 11
1275 2202 1354 2230 πᾶσι
1372 2204 1447 2238 post
1465 2199 1515 2231 καὶ

184 2241 259 2271 add.
282 2241 370 2280 vulg.
390 2253 397 2272 t
421 2252 485 2273 om.
505 2241 528 2272 S
544 2241 583 2271 L¹
600 2242 662 2272 soli
801 2253 836 2281 17
862 2245 945 2284 χρῆν
963 2243 1138 2274 Markland
1157 2253 1231 2273 cum
1249 2243 1320 2274 cod.
1338 2252 1405 2272 uno
1423 2254 1429 2273 x
1452 2243 1516 2284 χρὴ

186 2284 249 2315 SL
273 2285 362 2324 vulg.
526 2296 568 2315 20
599 2286 658 2316 ἀπὸ
682 2288 741 2323 τῆς
766 2284 916 2325 Ἀττικῆς
941 2292 1020 2317 ante
1045 2288 1118 2318 ὁδὸν
1144 2287 1190 2317 S:
1225 2291 1299 2325 post
1324 2288 1397 2317 ὁδὸν
1425 2286 1513 2324 vulg.

184 2338 226 2358 22
250 2342 308 2360 που
325 2329 465 2366 πλησίον
481 2328 511 2358 Α
645 2339 686 2368 23
710 2330 791 2361 οἶσθ’
811 2330 835 2359 L
850 2341 856 2360 :
882 2330 973 2361 οἶσθα
990 2331 1020 2360 Α
1036 2342 1042 2360 z
1068 2331 1163 2361 οἴεσθ’
1183 2329 1206 2360 S
1223 2330 1246 2359 F
1259 2329 1289 2368 Q
1304 2329 1334 2359 O
1351 2341 1357 2360 τ
1382 2330 1468 2361 οῑσθε
1486 2329 1516 2359 Y

185 2373 228 2401 26
266 2373 370 2414 εὐνοίᾳ
400 2371 535 2410 AFQ:
576 2374 680 2404 εὔνοια
712 2372 776 2403 SF
807 2373 895 2411 vulg.
1054 2378 1098 2413 τῷ
1132 2373 1236 2403 SAF
1267 2373 1380 2412 vulg:
1419 2375 1458 2405 τὸ
1492 2373 1516 2402 L

185 2425 224 2454 27
257 2415 477 2456 προβαλέσθαι
503 2415 615 2454 vu1g.:
648 2415 890 2457 προβάλλεσθαι
917 2415 1023 2454 SLQ
1039 2416 1068 2444 O

1554 132 1668 185 [292]

1557 249 1620 284 193

1554 715 1619 751 194

1553 837 1669 892 [293]

1554 1256 1616 1293 Ῑ95
