1731 2844
131 135 188 189 1v]
489 141 649 180 ΚΑΤΑ
698 141 1016 179 ΦΙΛΙΠΠΟΎ
1066 143 1098 178 Α

131 245 280 286 ἐκείνου
311 245 443 298 πόρων
473 244 765 298 ἀφαιρήσεσθε.
837 245 926 285 ἔστι
955 244 988 284 δ’
1014 244 1126 286 οὗτος
1155 244 1233 289 τίς;
1272 242 1350 283 ἀπὸ
1379 247 1457 284 τῶν

128 311 327 364 ὑμετέρων
361 313 454 364 ὑμῖν
489 315 658 364 πολεμεῖ
691 310 925 365 συμμάχων,
959 311 1068 364 ἄγων
1106 311 1168 352 καὶ
1202 309 1336 363 φέρων
1368 310 1457 352 τοὺς

128 378 325 421 πλέοντας
343 379 414 430 τὴν
434 379 646 420 θάλατταν.
701 379 837 420 ἔπειτα
855 380 897 419 τί
911 379 1008 431 πρὸς
1024 378 1167 432 τούτου
1200 381 1267 417 τοῦ
1284 377 1457 431 πάσχειν

127 445 237 487 αὐτοὶ
278 450 401 489 κακῶς
440 445 514 497 ἔξω
550 445 784 499 γενήσεσθε,
823 446 896 499 οὐχ
934 446 1070 498 ὥσπερ
1105 445 1172 485 τὸν
1207 445 1456 497 παρελθόντα

90 530 107 563 5
127 514 272 567 χρόνον
297 515 358 555 εἰς·
371 516 532 565 Λῆμνον
552 512 797 565 καὶἼμβρον
823 514 1014 564 ἐμβαλὼν
1039 512 1316 565 αἰχμαλώτους
1339 512 1453 552 πολί-

127 597 196 622 τας
233 579 443 633 ὑμετέρους
480 579 594 635 ᾤχετ’
631 580 749 633 ἔχων,
786 579 883 632 πρὸς
919 584 971 635 τῷ
1009 583 1210 633 Γεραιστῷ
1249 580 1297 619 τὰ
1335 581 1456 619 πλοῖα

128 647 349 698 συλλαβὼν
369 647 547 698 ἀμύθητα
571 646 740 701 χρήματ’
762 645 933 698 ἐξέλεξε,
954 648 1002 688 τὰ
1026 645 1221 687 τελευταῖ’
1239 647 1294 687 εἰς
1314 648 1453 697 Μαρα-

128 713 218 754 θῶν’
239 713 370 765 ἀπέβη
392 715 454 754 καὶ
478 714 548 765 τὴν
569 716 677 767 ἱερὰν
697 713 775 755 ἀπὸ
800 716 868 764 τῆς
893 714 1025 768 χώρας
1044 712 1159 769 ᾤχετ’
1180 713 1286 766 ἔχων
1304 710 1453 764 τριήρη,

126 782 236 832 ὑμεῖς
263 780 295 821 δ’
323 781 412 822 οὔτε
442 785 561 822 ταῦτα
591 781 764 822 δύνασθε
789 781 956 822 κωλύειν
981 779 1061 821 οὔτ’
1081 781 1136 822 εἷς
1160 780 1250 821 τοὺς
1274 780 1453 832 χρόνους,

70 867 108 889 10
128 848 194 890 οὓς
230 846 279 888 ἂν
317 850 534 901 προθῆσθε,
574 850 752 900 βοηθεῖν.
826 848 950 888 καίτοι
988 848 1029 888 τί
1063 845 1213 897 δήποτ’,
1253 844 1282 886 ὦ
1319 845 1456 898 ἄνδρες

126 914 342 965 Ἀθηναῖοι,
375 915 552 966 νομίζετε
584 915 655 965 τὴν
688 917 760 966 μὲν
790 919 867 955 τῶν
898 915 1189 965 Παναθηναίων
1222 913 1361 965 ἑορτὴν
1395 913 1456 953 καὶ

127 981 198 1032 τὴν
227 985 303 1023 τῶν
335 983 560 1023 Διονυσίων
593 983 653 1023 ἀεὶ
686 985 754 1022 τοῦ
786 981 1023 1032 καθήκοντος
1055 981 1202 1034 χρόνου
1232 981 1454 1032 γίγνεσθαι,

127 1048 175 1089 ἄν
210 1065 253 1089 τε
288 1050 407 1090 δεινοὶ
442 1048 628 1103 λάχωσιν
664 1049 711 1090 ἄν
748 1048 781 1088 τ’
821 1050 969 1089 ἰδιῶται
1007 1050 1043 1089 οἱ
1078 1048 1226 1088 τούτων
1263 1046 1457 1099 ἑκατέρων

128 1115 442 1167 ἐπιμελούμενοι,
471 1117 525 1157 εἷς
551 1117 575 1157 ἃ
598 1116 757 1156 τοσαῦτ’
784 1117 1042 1157 ἀναλίσκεται
1067 1113 1263 1169 χρήματα,
1290 1113 1352 1153 ὅσ’
1378 1113 1458 1153 οὐδ’

72 1201 107 1233 15
128 1183 182 1224 εἷς
207 1182 275 1223 ἕνα
299 1186 377 1223 τῶν
396 1184 649 1230 ἀποστόλων,
674 1183 735 1224 καὶ
760 1186 951 1223 τοσοῦτον
977 1184 1102 1235 ὄχλον
1124 1181 1186 1221 καὶ
1205 1181 1459 1233 παρασκευὴν

127 1250 228 1300 ὅσην
257 1249 326 1290 οὐκ
359 1249 432 1290 οἶδ’
458 1251 495 1290 εἴ
521 1267 559 1291 τι
587 1253 665 1291 τῶν
695 1248 879 1291 ἁπάντων
906 1249 1002 1303 ἔχει,
1029 1248 1118 1290 τοὺς
1149 1248 1182 1288 δ’
1208 1248 1458 1289 ἀποστόλους

127 1315 276 1358 πάντας
303 1317 394 1368 ὑμῖν
423 1317 642 1370 ὑστερίζειν
673 1321 752 1358 τῶν
782 1320 939 1369 καιρῶν,
967 1315 1036 1357 τὸν
1067 1317 1121 1358 εἷς
1152 1315 1361 1365 Μεθώνην,
1390 1315 1457 1355 τὸν

128 1385 182 1425 εἰς
200 1382 412 1436 Παγασάς,
426 1383 494 1424 τὸν
511 1385 566 1426 εἷς
581 1384 822 1425 Ποτείδαιαν
829 1400 841 1431 ;
873 1385 932 1424 ὅτι
949 1385 1079 1424 ἐκεῖνα
1093 1384 1166 1434 μὲν
1182 1382 1337 1423 ἅπαντα
1352 1383 1457 1436 νόμῳ

127 1449 321 1497 τέτακται,
352 1451 413 1492 καὶ
439 1452 623 1503 πρόοιδεν
643 1451 812 1493 ἕκαστος
836 1451 942 1502 ὑμῶν
962 1452 1005 1491 ἐκ
1023 1452 1178 1491 πολλοῦ
1204 1450 1263 1491 τίς
1288 1448 1459 1502 χορηγὸς

70 1514 150 1567 εοῆ
192 1518 490 1572 γυμνασίαρχος
531 1520 599 1569 τῆς
639 1520 783 1571 φυλῆς,
823 1518 919 1559 πότε
962 1517 1024 1557 καὶ
1067 1518 1172 1568 παρὰ
1210 1519 1278 1556 τοῦ
1319 1516 1382 1555 καὶ
1422 1517 1464 1556 τί

127 1585 310 1636 λαβόντα
337 1586 378 1626 τί
403 1588 465 1627 δεῖ
490 1589 630 1632 ποιεῖν,
659 1584 772 1625 οὐδὲν
802 1583 1071 1636 ἀνεξέταστον
1097 1583 1176 1623 οὐδ’
1203 1583 1392 1635 ἀόριστον
1418 1583 1460 1623 ἐν

127 1652 278 1695 τούτοις
297 1652 502 1704 ἠμέληται·
541 1655 583 1694 ἐν
603 1655 645 1694 δὲ
664 1657 747 1695 τοῖς
766 1654 854 1705 περὶ
880 1655 947 1692 τοῦ
966 1650 1143 1703 πολέμου
1169 1652 1231 1691 καὶ
1256 1656 1304 1707 τῇ
1322 1650 1461 1690 τούτου

127 1720 356 1776 παρασκευῇ
381 1719 542 1766 ἄτακτα,
572 1720 803 1773 ἀδιόρθωτα,
830 1718 984 1772 ἀόρισθ’
1014 1717 1182 1760 ἅπαντα.
1253 1719 1461 1769 τοιγαροῦν

127 1784 193 1837 ἅμ’
222 1786 443 1838 ἀκηκόαμέν
475 1804 511 1827 τι
546 1787 609 1828 καὶ
644 1786 905 1841 τριηράρχους
941 1787 1183 1837 καθίσταμεν
1213 1785 1276 1825 καὶ
1308 1785 1461 1826 τούτοις

69 1869 107 1901 25
127 1853 350 1895 ἀντιδόσεις
373 1854 591 1906 ποιούμεθα
622 1855 683 1895 καὶ
711 1855 801 1906 περὶ
829 1852 1044 1908 χρημάτων
1067 1853 1190 1905 πόρου
1220 1854 1457 1903 σκοποῦμεν,

128 1920 190 1960 καὶ
213 1921 312 1971 μετὰ
330 1920 437 1962 ταῦτ’
457 1922 662 1973 ἐμβαίνειν
681 1921 770 1963 τοὺς
789 1922 992 1972 μετοίκους
1012 1917 1121 1970 ἔδοξε
1143 1920 1205 1960 καὶ
1223 1919 1313 1961 τοὺς
1338 1919 1460 1972 χωρὶς

126 1987 342 2034 οἰκοῦντας,
370 1988 439 2029 εἶτ’
465 1988 604 2031 αὐτοὺς
629 1988 764 2034 πάλιν,
787 1987 856 2028 εἶτ’
877 1986 1202 2039 ἀντεμβιβάζειν,
1225 1985 1294 2027 εἶτ’
1314 1987 1356 2026 ἐν
1375 1986 1458 2040 ὅσῳ

169 2099 191 2128 6
215 2098 299 2139 ἔχων
318 2098 341 2129 S
353 2098 383 2128 A
395 2097 448 2129 Y:
474 2100 561 2140 ἄγων
576 2097 666 2138 vulg.
792 2102 870 2137 post
888 2098 974 2138 ἔχων
993 2097 1061 2128 (vel
1079 2097 1180 2139 ἄγων)
1200 2096 1275 2127 add.
1294 2096 1344 2127 καὶ
1363 2095 1458 2125 codd.

128 2151 246 2172 omnes
264 2141 288 2173 S
305 2147 454 2182 excepto
558 2153 580 2182 9
603 2142 740 2174 δύνασθε
759 2141 782 2172 S
794 2141 867 2172 AY
881 2141 931 2173 0:
960 2141 1114 2174 ἐδύνασθε
1131 2140 1219 2179 vulg.
1324 2149 1362 2169 10
1385 2151 1458 2180 προ-

127 2186 223 2223 θῆσθε
240 2185 264 2216 S
278 2197 284 2216 :
302 2185 461 2228 πρόθησθε
475 2185 499 2216 F
511 2185 538 2216 B
552 2198 558 2218 1
575 2185 759 2227 πρόσθησθε
773 2184 805 2216 Α
821 2197 828 2216 t
845 2184 1028 2227 προέλησθε
1038 2185 1126 2224 vulg.
1235 2193 1273 2222 14
1293 2182 1459 2222 ἐπιμελού-

126 2242 214 2268 μενοι
233 2228 360 2260 SAY:
387 2229 658 2270 ἐπιμελησόμενοι
676 2229 764 2268 vulg.
903 2229 1114 2261 ἀναλίσκεται
1140 2227 1164 2258 S
1177 2226 1228 2258 A:
1263 2227 1458 2259 ἀναλίσκετε

127 2272 216 2312 vulg.
352 2274 457 2312 17—18
488 2275 547 2306 τὸν
573 2299 579 2305 .
606 2297 613 2304 .
641 2297 649 2304 .
674 2274 734 2306 τὸν
757 2297 764 2304 .
792 2297 799 2303 .
828 2298 835 2304 .
863 2272 937 2313 τὸν]
962 2276 1028 2305 τῶν
1052 2297 1059 2304 .
1090 2297 1095 2302 .
1124 2296 1130 2302 .
1156 2275 1221 2303 τῶν
1246 2295 1252 2301 .
1277 2294 1284 2301 .
1312 2294 1320 2302 .
1344 2273 1409 2302 τῶν
1434 2269 1458 2298 S

131 2325 170 2354 19
199 2319 346 2358 προοῐδεν
371 2316 510 2348 SA¹Y:
544 2320 691 2359 πρηςῖδεν
714 2317 802 2355 vulg.
942 2327 985 2346 20
1015 2317 1048 2348 τί
1076 2315 1185 2354 vulg:
1218 2315 1292 2346 τίνα
1317 2313 1340 2343 S
1365 2313 1458 2343 solus

128 2369 169 2398 23
187 2359 361 2402 ἀδιόρθωτα
376 2365 455 2391 ante
472 2360 608 2403 ἀόριστα
622 2360 646 2391 S
659 2360 689 2390 A
701 2360 752 2393 Y:
772 2365 849 2400 post
867 2360 1001 2402 ἀόριστα
1012 2359 1100 2398 vulg.
1216 2359 1258 2387 26
1276 2356 1455 2397 ἐμβαίνεινἾ1

129 2403 193 2433 huc
218 2404 387 2434 transtulit
411 2403 470 2436 εἶτ’
496 2403 746 2444 ἀντεμβιβάζειν
771 2403 864 2435 Weil
999 2413 1039 2442 27
1074 2403 1142 2435 εἶτα
1169 2406 1243 2442 post
1269 2401 1366 2433 πάλιν
1391 2410 1457 2430 om.

128 2446 238 2485 vulga:
265 2448 339 2479 add.
361 2447 385 2477 S
402 2447 502 2479 Vind.
528 2457 539 2477 t

1487 139 1579 194 [49]

1489 708 1576 762 [50]

1488 855 1530 892 33

1490 1385 1533 1429 36

1490 1992 1533 2028 37
