1731 2844
145 152 208 207 111]
554 154 972 193 ΟΛΎΝΘΙΑΚΟΣ
1020 155 1049 190 Γ
1497 152 1588 207 [29]

146 262 208 303 καὶ
232 259 394 301 τάλανθ’
420 258 594 310 ἑξήκοντ’
614 257 830 310 εἰσφέρειν.
894 258 954 297 καὶ
979 258 1076 308 μετὰ
1103 259 1222 296 ταῦτα
1243 258 1467 298 διελθόντος
1499 268 1515 304 5

143 331 211 369 τοῦ
227 329 403 368 ἐνιαυτοῦ
423 326 560 366 τούτου
577 324 865 375 ἑκατομβαιών,
888 322 1181 375 μεταγειτνιών,
1203 324 1466 374 βοηδρομιών·

144 395 281 436 τούτου
304 397 372 433 τοῦ
403 392 524 443 μηνὸς
555 392 669 443 μόγις
701 393 800 442 μετὰ
824 391 871 430 τὰ
905 388 1098 441 μυστήρια
1127 387 1220 429 δέκα
1250 392 1341 430 ναῦς
1371 390 1465 429 ἀπε-

145 460 321 502 στείλατ’
338 459 483 512 ἔχοντα
500 459 613 500 κενὰς
629 458 857 509 Χαρίδημον
880 456 941 496 καὶ
958 455 1074 497 πέντε
1089 454 1249 495 τάλαντ’
1269 456 1465 507 ἀργυρίου.
1500 452 1588 508 [30]

106 544 123 576 5
145 528 196 570 ὡς
231 529 304 579 γὰρ
336 524 512 578 ἠγγέλθη
545 525 747 565 Φίλιππος
782 525 962 563 ἀσθενῶν
994 519 1017 571 ἢ
1051 522 1218 563 τεθνεώς
1246 520 1359 573 (ἦλθε
1392 524 1467 574 γὰρ

143 590 374 646 ἀμφότερα),
412 590 540 631 οὐκέτι
579 589 713 642 καιρὸν
748 589 887 630 οὐδένα
925 592 991 629 τοῦ
1032 591 1197 639 βοηθεῖν
1233 588 1469 638 νομίσαντες

144 658 286 713 ἀφεῖτ’,
321 657 350 698 ὦ
382 658 519 709 ἄνδρες
553 657 770 707 Ἀθηναῖοι,
804 656 872 697 τὸν
905 656 1144 696 ἀπόστολον.
1216 653 1263 704 ἧν
1295 654 1329 694 δ’
1356 654 1469 697 οὗτος

144 727 164 765 ὁ
201 725 331 777 καιρὸς
367 724 494 765 αὐτός·
545 725 577 764 εἰ
613 725 688 775 γὰρ
725 723 804 763 τότ’
842 721 963 762 ἐκεῖσ’
1000 720 1294 771 ἐβοηθήσαμεν,
1332 721 1467 773 ὥσπερ

142 790 444 844 ἐψηφισάμεθα,
462 790 682 842 προθύμως,
698 790 767 830 οὐκ
783 789 831 829 ἂν
846 789 1021 841 ἠνώχλει
1038 791 1106 828 νῦν
1121 787 1214 838 ἡμῖν
1229 788 1250 826 ὁ
1266 788 1468 829 Φίλιππος

85 875 124 898 10
143 859 297 900 σωθείς.

206 926 269 965 Τὰ
300 926 372 975 μὲν
402 923 447 973 δὴ
481 924 570 963 τότε
604 922 816 976 πραχθέντ’
849 923 917 962 οὐκ
950 922 998 961 ἂν
1031 921 1163 962 ἄλλως
1196 921 1293 972 ἕχοι·
1338 924 1405 960 νῦν
1435 920 1467 960 δ’
1497 922 1520 957 6

142 990 276 1044 ἑτέρου
295 990 470 1041 πολέμου
497 990 628 1041 καιρὸς
652 989 737 1040 ἥκει
762 1006 832 1033 τις,
854 988 901 1028 δι’
920 988 964 1028 ὃν
986 988 1047 1027 καὶ
1073 988 1159 1039 περὶ
1179 987 1326 1027 τούτων
1350 986 1467 1038 ἐμνή-

143 1061 256 1108 σθην,
289 1059 352 1098 ἵνα
384 1056 436 1107 μὴ
474 1056 595 1096 ταύτὰ
628 1055 790 1106 πάθητε.
860 1057 901 1095 τί
930 1054 974 1104 δὴ
1008 1053 1237 1107 χρησόμεθ’,
1269 1051 1298 1093 ὦ
1331 1053 1469 1106 ἄνδρες

142 1124 358 1175 Ἀθηναῖοι,
397 1123 540 1177 τούτου
594 1124 627 1163 εἰ
663 1125 737 1175 γὰρ
772 1122 824 1173 μὴ
861 1120 1085 1172 βοηθήσετε
1125 1121 1268 1161 παντὶ
1308 1119 1468 1161 σθένει

85 1206 120 1238 15
142 1192 256 1231 κατὰ
288 1190 332 1230 τὸ
367 1190 577 1235 δυνατόν,
608 1188 803 1229 θεάσασθ’
829 1188 873 1229 ὃν
905 1189 1049 1240 τρόπον
1082 1187 1191 1237 ὑμεῖς
1223 1188 1466 1239 ἐστρατηγη-

142 1258 250 1299 κότες
292 1256 406 1298 πάντ’
448 1255 585 1297 ἔσεσθ’
621 1256 718 1307 ὑπὲρ
759 1256 974 1295 Φιλίππου.
1046 1255 1223 1306 ὑπῆρχον
1265 1253 1468 1294 Ὀλύνθιοι
1499 1260 1519 1297 7

141 1324 304 1375 δύναμίν
339 1340 426 1364 τινα
463 1322 702 1374 κεκτημένοι,
739 1323 800 1362 καὶ
837 1320 991 1361 διέκειθ’
1026 1321 1124 1360 οὕτω
1160 1321 1208 1359 τὰ
1244 1318 1467 1372 πράγματα·

142 1391 229 1431 οὔτε
253 1392 455 1431 Φίλιππος
479 1390 634 1442 ἐθάρρει
657 1389 817 1431 τούτους
842 1387 923 1428 οὔθ’
948 1387 1052 1428 οὗτοι
1073 1388 1288 1427 Φίλιππον.
1349 1386 1466 1438 ἐπρά-

140 1456 263 1509 ξαμεν
294 1458 405 1508 ἡμεῖς
438 1457 608 1497 κάκεῖνοι
641 1456 738 1508 πρὸς
770 1456 870 1507 ἡμᾶς
900 1453 1069 1507 εἰρήνην·
1118 1452 1164 1503 ἦν
1197 1452 1300 1493 τοῦθ’
1334 1453 1470 1505 ὥσπερ

83 1539 122 1562 20
141 1524 366 1576 ἐμπόδισμά
407 1541 444 1565 τι
481 1528 534 1578 τῷ
573 1524 761 1577 Φιλίππῳ
800 1522 861 1562 καὶ
896 1520 1098 1574 δυσχερές,
1135 1520 1256 1561 πόλιν
1290 1519 1470 1572 μεγάλην

142 1593 329 1644 ἐφορμεῖν
370 1595 451 1633 τοῖς
498 1593 634 1631 ἑαυτοῦ
683 1592 828 1642 καιροῖς
875 1586 1170 1640 διηλλαγμένην
1211 1587 1308 1639 πρὸς
1356 1587 1468 1637 ἡμᾶς.

142 1660 417 1710 ἐκπολεμῶσαι
442 1661 523 1698 δεῖν
541 1657 693 1713 ᾠόμεθα
715 1656 806 1698 τοὺς
828 1655 1055 1707 ἀνθρώπους
1079 1655 1122 1695 ἐκ
1148 1653 1293 1695 παντὸς
1311 1654 1468 1705 τρόπου,

142 1726 204 1766 καὶ
234 1725 255 1765 ὃ
286 1725 430 1767 πάντες
460 1725 662 1777 ἐθρύλουν,
694 1723 914 1775 πέπρακται
944 1722 1027 1762 νυνὶ
1059 1720 1162 1761 τοῦθ’
1193 1719 1466 1770 ὁπωσδήποτε.

126 1786 182 1832 fri
206 1792 274 1833 οὗν
298 1793 529 1838 ὑπόλοιπον,
558 1789 587 1831 ὦ
615 1791 753 1843 ἄνδρες
778 1789 992 1840 Ἀθηναῖοι,
1019 1787 1126 1837 πλὴν
1155 1790 1320 1838 βοηθεῖν
1349 1788 1466 1839 ἐρρω-
1499 1792 1520 1826 8

83 1858 267 1910 25ἐμένως
304 1860 365 1900 καὶ
402 1858 642 1911 προθύμως;Ἰ
677 1857 754 1910 ἐγὼ
790 1859 862 1908 μὲν
894 1856 967 1909 οὐχ
1005 1856 1095 1907 ὁρῶί
1142 1854 1262 1907 χωρὶς
1293 1855 1369 1906 γὰρ
1400 1855 1469 1903 τῆς

141 1925 392 1978 περιστάσης
432 1925 480 1966 ἂν
521 1925 622 1976 ἡμᾶς
669 1923 875 1977 αἰσχύνης,
919 1924 952 1962 εἰ
995 1920 1263 1980 καθυφείμεθά
1309 1937 1345 1960 τι
1392 1924 1469 1960 τῶν

142 1992 394 2045 πραγμάτων,
430 1992 517 2032 οὐδὲ
553 1991 622 2032 τὸν
658 1991 806 2044 φόβον,
842 1987 871 2029 ὦ
906 1989 1045 2041 ἄνδρες
1079 1988 1294 2038 Ἀθηναῖοι,
1332 1986 1469 2039 μικρὸν

142 2059 217 2110 ὁρῶ
246 2059 313 2099 τὸν
338 2063 414 2099 τῶν
439 2061 536 2114 μετὰ
564 2061 696 2115 ταῦτα,
725 2058 900 2110 ἐχόντων
925 2058 997 2107 μὲν
1023 2055 1073 2097 ὡς
1103 2055 1241 2108 ἔχουσι
1273 2054 1469 2104 Θηβαίων

184 2180 203 2207 4
228 2169 320 2200 κενὰς
335 2172 414 2198 ante
431 2168 612 2210 Χαρίδημον
631 2167 654 2197 S
671 2178 676 2197 :
702 2170 778 2206 post
796 2167 977 2207 Χαρίδημον
994 2164 1082 2203 vulg.
1198 2174 1213 2202 7
1240 2165 1353 2204 ἀφεῖτε
1371 2163 1402 2194 Α
1414 2162 1445 2193 Y
1461 2175 1468 2194 τ

142 2212 253 2252 ἀφίετε
272 2212 314 2243 S:
341 2212 486 2253 ἀφήκατε
502 2211 590 2250 vulg.
722 2220 761 2240 10
785 2210 896 2241 σωθείς
914 2209 937 2239 S
951 2208 999 2238 B:
1025 2208 1101 2239 τότε
1121 2208 1231 2240 σωθείς
1249 2207 1337 2245 vulg.
1355 2218 1361 2237 ε
1387 2207 1466 2237 secl.

142 2254 251 2285 Cobet
397 2265 435 2293 14
461 2255 643 2292 βοηθήσετε
660 2254 747 2292 vulg.
765 2264 770 2284 :
797 2254 983 2291 βοηθήσητε
1002 2251 1026 2282 S
1175 2260 1216 2281 22
1242 2253 1466 2290 ἐκπολεμῶσαι

142 2297 232 2336 vulg.
248 2310 255 2328 t
281 2299 501 2338 ἐκπολεμῆσαι
520 2297 554 2328 S¹
572 2297 677 2336 solus,
695 2297 735 2328 cf.
756 2297 764 2326 i
784 2306 799 2334 7
958 2305 997 2333 23
1022 2294 1159 2326 ἅπαντες
1178 2297 1278 2333 (corr.
1297 2295 1314 2325 ὃ
1331 2294 1464 2326 πάντες)

144 2341 294 2382 ἐθρύλουν
321 2342 431 2381 (τοῦτο
464 2342 575 2379 eraso)
605 2340 784 2383 πέπρακται
818 2340 883 2371 νυνὶ
912 2341 1007 2370 τοῦτο
1038 2338 1094 2367 5’ῑ
1127 2339 1143 2369 ὃ
1168 2337 1286 2368 πάντες
1316 2337 1466 2377 ἐθρύλουν

143 2383 231 2421 τέως,
262 2387 358 2416 τοῦτο
389 2384 566 2426 πέπρακται
600 2386 665 2416 νυνὶ
694 2383 796 2422 vulg„
826 2383 866 2413 cs.
899 2383 906 2411 i
938 2392 974 2420 7:
1012 2381 1149 2412 ἅπαντες
1179 2380 1329 2420 ἐθρύλουν
1357 2382 1465 2410 τοῦτο’

144 2426 319 2466 πέπρακται
345 2429 410 2459 νυνὶ
435 2428 521 2459 τοῦθ’
541 2427 639 2458 BlaSS
