1731 2844
123 131 184 186 111]
537 134 948 172 ΟΛὙΝΘῙΑΚΟΣ
998 135 1026 170 Γ
1476 132 1566 186 [36]

121 239 158 278 οἱ
181 237 214 277 δ’
239 236 286 288 ἐξ
307 236 458 288 ἀδόξων
482 237 643 287 ἔντιμοι,
671 236 766 276 ἔνιοι
791 238 833 276 δὲ
855 236 924 276 τὰς
951 236 1049 276 ἰδίας
1074 235 1197 275 οἰκίας
1222 238 1299 274 τῶν
1324 237 1441 284 δημο-

121 305 219 345 σίων
244 303 564 355 οἰκοδομημάτων
591 302 829 354 σεμνοτέρας
855 301 931 342 εἰσὶ
963 300 1333 351 κατεσκευασμένοι,
1361 301 1442 355 ὅσῳ

120 372 162 411 δὲ
196 372 245 410 τὰ
280 372 349 421 τῆς
385 371 539 412 πόλεως
581 368 731 411 ἐλάττω
773 367 952 421 γέγονεν,
990 368 1165 421 τοσούτῳ
1208 367 1255 407 τὰ
1297 367 1444 407 τούτων

118 435 291 487 ηὔξηται.

81 520 99 551 5
185 504 238 544 Τί
265 503 309 553 δὴ
342 503 388 543 τὸ
419 502 576 544 πάντων
605 503 729 543 αἴτιον
762 502 922 548 τούτων,
955 501 1017 541 καὶ
1045 501 1086 540 τί
1113 498 1158 550 δή
1189 499 1275 540 ποθ’
1306 498 1444 539 ἅπαντ’
1477 517 1521 551 30

119 569 203 624 εἶχε
229 573 356 611 καλῶς
381 570 482 616 τότε,
510 569 571 610 καὶ
595 572 664 611 νῦν
690 569 757 609 οὐκ
781 570 923 620 ὀρθῶς,·
961 568 1021 607 ὅτι
1045 567 1135 606 τότε
1163 568 1235 617 μὲν
1261 565 1445 618 πράττειν

119 637 181 677 καὶ
207 635 494 687 στρατεύεσθαι
516 639 673 686 τολμῶν
693 634 808 677 αὐτὸς
833 635 853 674 ὁ
878 636 996 685 δῆμος
1016 633 1213 683 δεσπότης
1237 636 1315 673 τῶν
1335 638 1445 672 πολι·

117 701 336 754 τευομένων
365 702 413 753 ἦν
444 702 505 742 καὶ
540 702 668 754 κύριος
697 701 812 742 αὐτὸς
845 700 1029 741 ἁπάντων
1062 703 1139 739 τῶν
1174 700 1346 750 ἀγαθῶν,
1383 700 1445 740 καὶ

118 767 321 820 ἀγαπητὸν
346 768 393 818 ἦν
417 770 523 820 παρὰ
551 772 619 808 τοῦ
648 767 770 818 δήμου
798 771 875 808 τῶν
900 766 1036 807 ἄλλων
1061 765 1214 820 ἑκάστῳ
1242 766 1303 806 καὶ
1333 768 1445 818 τιμῆς

61 850 98 871 10
118 834 179 874 καὶ
212 835 337 887 ἀρχῆς
368 835 430 875 καὶ
461 835 610 886 ἀγαθοῦ
634 851 738 876 τινος
762 837 1019 884 μεταλαβεῖν·
1058 836 1127 873 νῦν
1151 834 1193 873 δὲ
1217 831 1446 872 τούναντίον
1477 804 1561 905 ἐξῆ

117 901 239 952 κύριοι
270 903 343 952 μὲν
376 902 412 941 οἱ
445 902 744 951 πολιτευόμενοι
779 904 855 940 τῶν
888 901 1059 951 ἀγαθῶν,
1101 898 1162 938 καὶ
1198 900 1261 938 διὰ
1296 899 1445 939 τούτων

116 966 273 1007 ἅπαντα
310 966 532 1020 πράττεται,
571 968 678 1018 ὑμεῖς
715 966 747 1006 δ’
782 967 802 1005 ὁ
839 969 972 1016 δῆμος,
1009 963 1347 1016 ἐκνενευρισμένοι
1384 964 1444 1005 καὶ

118 1032 392 1088 περιῃρημένοι
416 1032 610 1086 χρήματα,
634 1032 878 1086 συμμάχους,
901 1034 944 1072 ἐν
962 1031 1154 1083 ὑπηρέτου
1181 1032 1243 1071 καὶ
1267 1030 1441 1082 προσθή-

118 1116 185 1149 κης
213 1099 322 1151 μέρει
352 1099 583 1152 γεγένησθε,
617 1100 846 1151 ἀγαπῶντες
879 1100 948 1139 ἐὰν
979 1100 1218 1149 μεταδιδῶσι
1248 1099 1444 1146 θεωρικῶν

58 1178 96 1212 15
116 1166 205 1216 ὑμῖν
229 1163 252 1215 ἦ
278 1166 499 1217 Βοηδρόμια
522 1165 740 1218 πέμψωσιν
766 1165 884 1211 οὗτοι,
915 1165 977 1205 καὶ
1007 1164 1051 1204 τὸ
1082 1163 1240 1204 πάντων
1266 1164 1441 1215 ἀνδρειό-

115 1248 245 1277 τατον,
277 1236 353 1272 τῶν
378 1231 574 1284 ὑμετέρων
599 1233 726 1272 αὐτῶν
756 1231 872 1285 χάριν
901 1230 1204 1283 προσοφείλετε.
1277 1232 1313 1270 οἱ
1342 1229 1375 1269 δ’
1400 1231 1443 1270 ἐν

115 1297 211 1354 αὐτῇ
244 1299 290 1353 τῇ
325 1299 441 1338 πόλει
475 1297 748 1350 καθείρξαντες
780 1299 878 1349 ὑμᾶς
913 1296 1102 1350 ἐπάγουσ’
1133 1297 1198 1337 ἐπὶ
1229 1300 1348 1336 ταῦτα
1382 1296 1443 1336 καὶ

114 1365 368 1405 τιθασεύουσι
393 1364 612 1418 χειροήθεις
637 1366 767 1406 αὑτοῖς
792 1367 1007 1406 ποιοῦντες.
1078 1364 1165 1404 ἔστι
1192 1362 1223 1403 δ’
1250 1362 1440 1409 οὐδέποτ’,
1474 1376 1519 1412 32

114 1430 233 1481 οἶμαι,
261 1430 362 1483 μέγα
393 1431 456 1471 καὶ
485 1431 665 1471 νεανικὸν
690 1431 874 1483 φρόνημα
903 1433 1049 1482 λαβεῖν
1073 1431 1190 1482 μικρὰ
1222 1429 1283 1469 καὶ
1309 1433 1444 1481 φαῦλα

55 1516 96 1538 20
114 1496 370 1549 πράττοντας·
408 1497 514 1538 ὁποῖ’
539 1497 637 1537 ἄττα
666 1499 740 1550 γὰρ
770 1497 818 1538 ἂν
843 1497 1161 1547 τάπιτηδεύματα
1190 1500 1268 1536 τῶν
1293 1496 1439 1547 ἀνθρώ-

114 1580 199 1605 πων
226 1563 262 1620 ᾗ,
295 1567 470 1604 τοιοῦτον
496 1563 647 1616 ἀνάγκη
679 1564 740 1604 καὶ
770 1564 814 1604 τὸ
844 1563 1014 1616 φρόνημ’
1047 1563 1166 1617 ἔχειν.
1237 1565 1358 1602 ταῦτα
1389 1563 1443 1612 μὰ

113 1629 185 1680 τὴν
212 1629 386 1682 Δήμητρ’
412 1631 480 1670 οὐκ
505 1630 553 1671 ἂν
579 1630 818 1681 θαυμάσαιμ’
846 1632 879 1671 εἰ
910 1631 1053 1681 μείζων
1080 1630 1229 1670 εἰπόντι
1259 1629 1344 1679 ἐμοὶ
1373 1628 1437 1681 γέ-

113 1713 220 1737 νοιτο
255 1695 344 1748 παρ’
376 1698 482 1748 ὑμῶν
518 1696 659 1748 βλάβη
692 1701 770 1737 τῶν
803 1697 1076 1747 πεποιηκότων
1109 1696 1207 1736 αὐτὰ
1240 1695 1440 1748 γενέσθαι·

113 1763 203 1803 οὐδὲ
233 1764 307 1815 γὰρ
337 1765 535 1815 παρρησία
567 1763 654 1816 περὶ
684 1762 842 1804 πάντων
873 1763 933 1803 ἀεὶ
962 1763 1052 1814 παρ’
1076 1763 1166 1813 ὑμῖν
1196 1763 1323 1808 ἐστιν,
1349 1760 1441 1801 ἀλλ’

54 1845 92 1877 25
114 1829 230 1881 ἔγωγ’
256 1830 315 1870 ὅτι
341 1830 404 1869 καὶ
428 1833 495 1870 νῦν
519 1830 684 1882 γέγονεν
710 1829 903 1881 θαυμάζω.

178 1895 275 1936 Ἐὰν
312 1896 379 1936 οὖν
415 1898 522 1937 ἀλλὰ
558 1901 625 1938 νῦν
661 1896 697 1949 γ’
734 1897 791 1937 ἔτι
831 1894 1131 1947 ἀπαλλαγέντες
1173 1895 1321 1935 τούτων
1362 1898 1440 1933 τῶν
1471 1905 1515 1939 33

156 2013 174 2041 4
199 2005 330 2044 ηὔξηται
349 2003 415 2041 (vel
434 2006 574 2045 εὔξηται)
592 2003 682 2042 vulg.
700 2015 705 2035 :
733 2005 866 2045 ηὔξηκεν
885 2004 908 2035 S
923 2003 957 2034 F¹
972 2002 1023 2041 B¹,
1043 2003 1083 2034 cf.
1102 2003 1133 2032 iv
1155 2013 1187 2032 11
1318 2003 1339 2031 6
1363 2000 1438 2031 τότε

114 2046 276 2085 Hel-mog.
296 2046 329 2076 iii
355 2048 439 2077 266:
470 2048 509 2079 τὸ
533 2048 628 2078 codd.
775 2047 926 2088 πράττειν
952 2047 1145 2082 Rehdantz‚
1165 2046 1205 2076 cf.
1228 2050 1242 2082 ᾗ
1262 2054 1315 2083 33,
1335 2044 1355 2073 ii
1378 2053 1438 2082 15:

112 2093 237 2131 πρῶτον
261 2090 376 2121 codd.:
410 2090 564 2131 πρότερον
589 2091 726 2130 Sauppe
900 2101 937 2129 13
970 2091 1020 2121 καὶ
1045 2094 1123 2120 ante
1150 2088 1335 2128 συμμάχους
1360 2087 1433 2117 add-

111 2132 206 2163 AY:
243 2143 305 2164 om.
339 2133 484 2164 SFBO
677 2145 712 2172 14
749 2136 942 2173 μεταδιδῶσι
972 2133 996 2164 S
1025 2133 1138 2171 Vulg.:
1172 2133 1334 2171 μεταδῶσι
1363 2129 1437 2160 ΑΥ

111 2179 267 2217 θεωρικῶν
294 2176 394 2207 SB¹:
431 2178 578 2217 θεωρικὸν
608 2177 649 2207 A'
665 2177 728 2207 FB
753 2187 838 2207 corr.
1022 2186 1057 2214 15
1091 2174 1267 2215 Βοηδρόμια
1292 2174 1315 2203 S
1331 2173 1436 2203 FBO

114 2218 306 2258 Harpocr.:
338 2220 444 2256 βοΐδια
466 2220 556 2259 vulg.
583 2220 606 2251 S
630 2234 683 2261 γρ.
711 2220 737 2250 Β
761 2233 810 2261 γρ.
840 2220 869 2250 O
894 2233 955 2261 γρ..
985 2220 1029 2250 ita
1055 2220 1117 2249 iam
1146 2218 1285 2256 Dionys.
1306 2216 1382 2247 Hal.
1403 2221 1436 2246 et

113 2261 275 2301 Hermog.
323 2263 507 2303 Vtramque
534 2264 714 2294 lectionem
739 2264 891 2302 agnoscit
915 2263 1020 2294 schol.
1161 2262 1387 2302 ἀνδρειότατον
1411 2260 1435 2289 S

111 2305 202 2336 solus
241 2311 275 2337 et
313 2307 417 2337 schol.
450 2317 480 2346 p.
521 2317 593 2346 134,
626 2317 687 2346 27:
728 2306 963 2347 ἀνανδρότατον
994 2305 1062 2336 OS
1094 2318 1143 2345 γρ.
1182 2304 1318 2342 Dionys.
1356 2302 1433 2333 Hal.

112 2358 153 2378 22
179 2350 245 2388 ἐμοὶ
263 2350 287 2380 S
304 2349 414 2388 vulg:
440 2364 492 2389 μοι
512 2350 685 2381 Palatinus
705 2360 764 2388 142
783 2350 926 2389 Dionys.
949 2348 1028 2380 Hal.
1125 2358 1166 2387 23
1191 2349 1209 2385 ἢ
1227 2352 1305 2385 post
1322 2346 1434 2383 βλάβη

112 2391 188 2423 add.
207 2392 230 2422 S
246 2403 253 2421 ε
277 2403 341 2423 om.
359 2393 451 2432 vulg.
