1763 2828
105 111 212 166 [331]

149 697 214 733 321

151 1097 218 1132 322

106 1215 219 1272 [332]

155 1565 223 1602 323

671 109 1155 146 ΔΗΜΟΣΘΕΝΟΎΣ
1451 103 1569 157 [xvm

975 211 1005 225 κ’

247 214 406 268 σβείαις
435 213 590 254 ἅπαντα
619 215 807 267 διῳκεῖτο,
836 214 942 263 ὑμῶν
972 225 992 251 ο
1031 212 1157 254 οὐδεὶς
1186 211 1234 263 ἦν
1260 213 1442 263 οὐδαμοῦ,
1469 213 1574 263 πλὴν

247 282 281 321 εἰ
313 281 462 323 τούτοις
500 279 717 331 ἐπηρεάσαι
749 297 786 320 τι
819 278 912 320 δέοι·
951 278 1083 330 ἐπειδὴ
1118 279 1151 318 δ’
1186 279 1210 320 ἃ
1241 277 1383 330 μήποτ’
1418 280 1575 332 ὤφελεν

247 347 414 399 συνέβη,
437 348 499 388 καὶ
518 346 647 389 οὐκέτι
666 347 909 398 συμβούλων
929 347 1035 387 ἀλλὰ
1055 350 1132 387 τῶν
1152 349 1233 388 τοῖς
1258 346 1575 398 ἐπιταττομένοις

246 415 544 467 ὑπηρετούντων
567 415 628 455 καὶ
647 418 724 455 τῶν
745 416 842 454 κατὰ
861 416 928 464 τῆς
949 415 1134 465 πατρίδος
1159 416 1391 465 μισθαρνεῖν
1411 415 1577 465 ἑτοίμων

249 482 311 522 καὶ
342 485 419 522 τῶν
451 481 677 522 κολακεύειν
706 482 839 532 ἕτερον
873 481 1132 532 βουλομένων
1166 479 1346 531 ἐξέτασις
1380 479 1441 532 ἦν,
1468 497 1574 530 τηνι·
1597 499 1615 530 5

249 552 369 590 καῦτα
388 548 438 589 σὺ
460 549 521 588 καὶ
541 547 691 588 τούτων
711 548 880 590 ἕκαστος
900 549 942 588 ἐν
959 547 1068 599 τάξει
1089 548 1150 588 καὶ
1171 546 1294 600 μέγας
1316 548 1378 588 καὶ
1396 547 1577 600 λαμπρὸς

248 616 508 668 ἱπποτρόφος,
537 615 614 667 ἐγὼ
644 614 675 656 δ’
702 614 886 665 ἀσθενής,
914 615 1108 667 ὁμολογῶ,
1137 614 1228 655 ἀλλ’
1257 614 1389 656 εὔνους
1421 617 1578 666 μᾶλλον

248 684 356 734 ὑμῶν
379 683 566 722 τουτοισί.
630 682 697 722 δύο
722 681 768 728 δ’,
789 681 927 734 ἄνδρες
947 681 1163 732 Ἀθηναῖοι,
1185 681 1253 721 τὸν
1275 681 1395 734 φύσει
1420 680 1578 733 μέτριον

251 750 419 799 πολίτην
458 748 566 801 ἔχειν
609 751 671 789 δεῖ
703 746 816 799 (οὕτω
859 747 935 800 γάρ
972 765 1037 799 μοι
1080 749 1166 800 περὶ
1211 749 1377 799 ἐμαυτοῦ
1419 747 1579 800 λέγοντι

250 815 625 867 ἀνεπιφθονώτατον
665 813 815 863 εἰπεῖν),
853 816 896 855 ἐν
933 817 1005 865 μὲν
1045 818 1128 857 ταῖς
1166 814 1363 865 ἐξουσίαις
1403 815 1474 865 τὴν
1512 818 1580 855 τοῦ

251 883 433 934 γενναίου
454 882 514 922 καὶ
534 885 603 922 τοῦ
622 882 813 934 πρωτείου
832 882 878 937 τῇ
895 882 1011 922 πόλει
1032 882 1264 933 προαίρεσιν
1283 881 1577 933 διαφυλάττειν,

251 951 293 990 ἐν
326 949 442 989 παντὶ
476 951 518 990 δὲ
551 952 668 1003 καιρῷ
705 948 765 988 καὶ
799 947 937 1000 πράξει
969 947 1040 998 τὴν
1074 948 1240 988 εὔνοιαν·
1279 948 1417 989 τούτου
1450 949 1523 1000 γὰρ
1556 948 1579 999 ἡ

250 1016 372 1068 φύσις
403 1016 525 1067 κυρία,
556 1019 623 1055 τοῦ
657 1015 849 1056 δύνασθαι
878 1017 920 1056 δὲ
955 1015 1017 1055 καὶ
1050 1014 1205 1068 ἰσχύειν
1240 1016 1365 1067 ἕτερα.
1436 1015 1581 1065 ταύτην

250 1084 383 1123 τοίνυν
415 1081 506 1134 παρ’
537 1083 623 1133 ἐμοὶ
655 1085 917 1134 μεμενηκυῖαν
948 1081 1128 1134 εὑρήσεθ’
1160 1084 1308 1124 ἁπλῶς.
1379 1082 1492 1134 ὁρᾶτε
1526 1081 1580 1122 δέ.

251 1150 319 1190 οὐκ
340 1149 627 1200 ἐξαιτούμενος,
650 1150 718 1190 οὐκ
739 1150 793 1191 εἷς
810 1148 1103 1201 Ἀμφικτύονας
1125 1149 1234 1191 δίκας
1255 1150 1496 1201 ἐπαγόντων,
1513 1148 1582 1188 οὐκ

252 1216 535 1263 ἀπειλούντων,
575 1215 642 1256 οὐκ
678 1215 1054 1268 ἐπαγγελλομένων,
1095 1217 1183 1270 οὐχὶ
1219 1216 1308 1258 τοὺς
1345 1215 1582 1268 καταράτους

251 1283 411 1326 τούτους
453 1283 587 1335 ὥσπερ
627 1284 741 1335 θηρία
778 1300 846 1334 μοι
886 1283 1248 1335 προσβαλλόντων,
1286 1282 1462 1334 οὐδαμῶς
1505 1283 1582 1335 ἐγὼ

252 1349 479 1403 προδέδωκα
506 1349 577 1400 τὴν
608 1351 662 1392 εἰς
691 1350 790 1400 ὑμᾶς
822 1350 989 1391 εὔνοιαν.
1061 1349 1105 1390 τὸ
1137 1352 1212 1402 γὰρ
1245 1349 1291 1401 ἐξ
1319 1351 1442 1404 ἀρχῆς
1471 1349 1582 1390 εὐθὺς

252 1417 372 1469 ὀρθὴν
394 1418 455 1458 καὶ
481 1417 631 1458 δικαίαν
651 1416 722 1467 τὴν
742 1417 833 1457 ὁδὸν
853 1419 922 1467 τῆς
941 1418 1144 1459 πολιτείας
1171 1417 1347 1468 εἱλόμην,
1367 1418 1437 1459 τὰς
1453 1415 1580 1467 τιμάς,

253 1485 322 1526 τὰς
352 1484 593 1531 δυναστείας,
620 1485 690 1526 τὰς
720 1483 896 1534 εὐδοξίας
927 1485 995 1526 τὰς
1025 1486 1093 1534 τῆς
1124 1484 1311 1535 πατρίδος
1341 1483 1581 1535 θεραπεύειν,

254 1551 395 1592 ταύτας
421 1549 565 1600 αὔξειν,
585 1552 683 1600 μετὰ
708 1550 856 1591 τούτων
882 1550 995 1591 εἶναι.
1055 1550 1123 1591 οὐκ
1149 1551 1212 1591 ἐπὶ
1238 1553 1310 1601 μὲν
1335 1554 1415 1593 τοῖς
1441 1549 1584 1601 ἑτέρων

257 1616 501 1671 εὐτυχήμασι
539 1616 705 1669 φαιδρὸς
748 1618 824 1669 ἐγὼ
869 1617 931 1657 καὶ
973 1618 1152 1669 γεγηθὼς
1194 1619 1290 1657 κατὰ
1327 1616 1397 1667 τὴν
1435 1617 1584 1668 ἀγορὰν

258 1683 526 1738 περιέρχομαι,
547 1683 619 1734 τὴν
644 1683 776 1735 δεξιὰν
797 1685 1012 1735 προτείνων
1039 1685 1101 1725 καὶ
1127 1684 1476 1736 εὐαγγελιζόμενος
1495 1683 1581 1724 τού-

257 1767 338 1793 τοις
367 1750 433 1792 οὒς
463 1750 511 1791 ἂν
540 1749 661 1791 ἐκεῖσ’
692 1751 937 1803 ἀπαγγελεῖν
967 1752 1120 1802 οἴωμαι,
1153 1754 1230 1791 τῶν
1260 1752 1301 1791 δὲ
1333 1752 1402 1800 τῆς
1431 1750 1585 1792 πόλεως

257 1818 415 1870 ἀγαθῶν
435 1817 636 1870 πεφρικὼς
661 1818 787 1859 ἀκούω
809 1818 871 1858 καὶ
891 1817 1043 1859 στένων
1065 1818 1128 1858 καὶ
1154 1818 1307 1858 κύπτων
1333 1818 1388 1859 εἰς
1406 1817 1476 1868 τὴν
1496 1819 1584 1869 γῆν,

257 1885 393 1936 ὥσπερ
423 1886 459 1925 οἱ
492 1886 707 1935 δυσσεβεῖς
738 1885 857 1931 οὗτοι,
889 1886 926 1926 οἳ
957 1885 1028 1936 τὴν
1057 1887 1130 1937 μὲν
1162 1885 1282 1925 πόλιν
1315 1884 1583 1936 διασύρουσιν,

257 1951 392 2003 ὥσπερ
417 1950 490 2004 οὐχ
514 1950 653 1993 αὑτοὺς
681 1952 947 2004 διασύροντες,
975 1954 1070 1993 ὅταν
1094 1955 1210 1992 τοῦτο
1236 1955 1415 1997 ποιῶσιν,
1443 1949 1518 2002 ἔξω
1544 1952 1585 1991 δὲ

257 2016 470 2069 βλέπουσι,
500 2018 562 2059 καὶ
592 2020 634 2060 ἐν
663 2020 721 2062 οἷς
750 2018 1036 2073 ἀτυχησάντων
1061 2023 1137 2060 τῶν
1160 2017 1371 2070 Ἑλλήνων
1395 2016 1585 2070 ηὐτύχησ’

302 2137 323 2166 5
340 2126 450 2169 ἕτερον
463 2127 581 2160 SLY:
601 2127 726 2170 ἑτέρους
739 2128 827 2167 vulg.
930 2127 969 2165 ἧν
987 2133 1063 2168 post
1076 2128 1221 2169 ἐξέτασις
1234 2138 1301 2160 om.
1317 2127 1341 2158 S
1355 2127 1399 2158 L:
1416 2127 1493 2158 add.
1505 2130 1582 2158 cett.

259 2172 280 2201 8
303 2170 326 2202 ὦ
343 2175 422 2202 ante
440 2172 550 2213 ἄνδρες
566 2172 643 2203 add.
660 2171 748 2210 vulg.
768 2183 774 2202 :
799 2181 864 2202 om.
884 2171 908 2203 S
922 2171 947 2202 L
960 2171 985 2202 F
1101 2182 1138 2211 13
1164 2171 1258 2212 ἕτερα
1275 2171 1299 2202 S
1313 2171 1339 2202 L
1355 2170 1441 2210 vulg.
1459 2182 1466 2200 z
1491 2170 1586 2211 ἑτέρα

261 2213 335 2245 AY
352 2214 457 2246 schol.
477 2225 508 2255 p.
523 2216 599 2255 338,
612 2215 632 2245 8
649 2213 758 2256 ἑτέρα]
776 2215 795 2253 ἡ
812 2214 899 2255 τύχη
1051 2224 1089 2254 15
1114 2216 1158 2247 εἷς
1176 2214 1408 2255 Ἀμφικτύονας
1425 2214 1462 2251 S,
1480 2214 1519 2245 cf.
1538 2213 1585 2244 lix

261 2259 318 2296 98:
357 2257 624 2300 Ἀμφικτυονικὰς
650 2258 676 2289 L
701 2258 789 2297 vulg.
908 2271 960 2297 μοι
985 2263 1063 2298 post
1088 2257 1276 2299 ἐπαγόντων
1299 2257 1372 2288 add.
1403 2257 1482 2287 LF:
1518 2267 1582 2288 om.

263 2301 288 2332 S
299 2301 329 2332 A
470 2304 525 2334 οὐκ
542 2301 759 2334 ἀπειλούντων
775 2311 839 2332 om.
858 2300 896 2331 S¹
914 2301 1006 2332 Solus
1196 2311 1236 2339 24
1261 2301 1460 2341 ἀπαγγελεῖν
1476 2300 1586 2331 Mark-

263 2345 362 2377 land:
398 2344 624 2386 ἀπαγγέλλειν
648 2345 672 2377 S
686 2344 711 2376 L
735 2344 845 2384 vulg.:
881 2343 1082 2386 ἀπαγγέλειν
1105 2344 1149 2383 O,
1166 2344 1205 2376 cs.
1226 2346 1242 2382 §
1261 2345 1337 2383 267,
1356 2344 1413 2374 xix
1438 2354 1490 2384 59,
1512 2354 1581 2384 152,

263 2399 339 2428 209,
355 2398 419 2428 324
1153 2397 1158 2400 ”

1602 831 1639 853 10

1606 1167 1642 1198 ¹5

1607 1502 1646 1524 20
