<?xml version="1.0" encoding="UTF-8"?>
<!DOCTYPE html PUBLIC "-//W3C//DTD XHTML 1.0 Transitional//EN"
    "http://www.w3.org/TR/xhtml1/DTD/xhtml1-transitional.dtd">
<html xmlns="http://www.w3.org/1999/xhtml" xml:lang="en" lang="en">
 <head>
  <title>
</title>
<meta http-equiv="Content-Type" content="text/html;charset=utf-8" />
  <meta name='ocr-system' content='tesseract 3.04.00' />
  <meta name='ocr-capabilities' content='ocr_page ocr_carea ocr_par ocr_line ocrx_word'/>
</head>
<body>
  <div class='ocr_page' id='page_1' title='image "./orationesrecogno01demouoft_0271.png"; bbox 0 0 1747 2844; ppageno 0'>
   <div class='ocr_carea' id='block_1_1' title="bbox 100 867 139 888">
    <p class='ocr_par' dir='ltr' id='par_1_1' title="bbox 100 867 139 888">
     <span class='ocr_line' id='line_1_1' title="bbox 100 867 139 888; baseline 0 0"><span class='ocrx_word' id='word_1_1' title='bbox 100 867 139 888; x_wconf 83' lang='lat'>10</span> 
     </span>
    </p>
   </div>
   <div class='ocr_carea' id='block_1_2' title="bbox 100 1199 135 1230">
    <p class='ocr_par' dir='ltr' id='par_1_2' title="bbox 100 1199 135 1230">
     <span class='ocr_line' id='line_1_2' title="bbox 100 1199 135 1230; baseline 0 0"><span class='ocrx_word' id='word_1_2' title='bbox 100 1199 135 1230; x_wconf 85' lang='grc' dir='ltr'>Ι5</span> 
     </span>
    </p>
   </div>
   <div class='ocr_carea' id='block_1_3' title="bbox 97 1529 136 1552">
    <p class='ocr_par' dir='ltr' id='par_1_3' title="bbox 97 1529 136 1552">
     <span class='ocr_line' id='line_1_3' title="bbox 97 1529 136 1552; baseline -0.051 0"><span class='ocrx_word' id='word_1_3' title='bbox 97 1529 136 1552; x_wconf 86' lang='grc'>’20</span> 
     </span>
    </p>
   </div>
   <div class='ocr_carea' id='block_1_4' title="bbox 164 148 1172 201">
    <p class='ocr_par' dir='ltr' id='par_1_4' title="bbox 164 148 1172 201">
     <span class='ocr_line' id='line_1_4' title="bbox 164 148 1172 201; baseline 0 -12"><span class='ocrx_word' id='word_1_4' title='bbox 164 148 283 201; x_wconf 74' lang='lat' dir='ltr'>xvm]</span> <span class='ocrx_word' id='word_1_5' title='bbox 477 153 619 190; x_wconf 87' lang='grc' dir='ltr'>ΠΕΡΙ</span> <span class='ocrx_word' id='word_1_6' title='bbox 667 152 788 191; x_wconf 78' lang='grc' dir='ltr'>ΤΟΎ</span> <span class='ocrx_word' id='word_1_7' title='bbox 836 153 1172 190; x_wconf 71' lang='grc' dir='ltr'>ΣΤΕΦΑΝΟΎ</span> 
     </span>
    </p>
   </div>
   <div class='ocr_carea' id='block_1_5' title="bbox 154 254 1496 2200">
    <p class='ocr_par' dir='ltr' id='par_1_5' title="bbox 158 254 1496 974">
     <span class='ocr_line' id='line_1_5' title="bbox 161 254 1490 307; baseline 0.001 -12"><span class='ocrx_word' id='word_1_8' title='bbox 161 254 233 306; x_wconf 81' lang='grc' dir='ltr'>ἤδη</span> <span class='ocrx_word' id='word_1_9' title='bbox 268 254 300 294; x_wconf 91' lang='grc' dir='ltr'>δ’</span> <span class='ocrx_word' id='word_1_10' title='bbox 336 255 398 295; x_wconf 85' lang='grc' dir='ltr'>ἐπὶ</span> <span class='ocrx_word' id='word_1_11' title='bbox 435 259 554 296; x_wconf 80' lang='grc' dir='ltr'>ταῦτα</span> <span class='ocrx_word' id='word_1_12' title='bbox 596 255 852 307; x_wconf 84' lang='grc' dir='ltr'>πορεύσομαι,</span> <span class='ocrx_word' id='word_1_13' title='bbox 889 258 1083 295; x_wconf 74' lang='grc' dir='ltr'>τοσοῦτον</span> <span class='ocrx_word' id='word_1_14' title='bbox 1120 254 1238 295; x_wconf 81' lang='grc' dir='ltr'>αὐτὸν</span> <span class='ocrx_word' id='word_1_15' title='bbox 1277 254 1490 306; x_wconf 81' lang='grc' dir='ltr'>ἐρωτήσας.</span> 
     </span>
     <span class='ocr_line' id='line_1_6' title="bbox 163 318 1492 375; baseline -0.001 -13"><span class='ocrx_word' id='word_1_16' title='bbox 163 322 329 372; x_wconf 90' lang='grc' dir='ltr'>πότερόν</span> <span class='ocrx_word' id='word_1_17' title='bbox 356 321 404 362; x_wconf 87' lang='grc' dir='ltr'>σέ</span> <span class='ocrx_word' id='word_1_18' title='bbox 428 338 499 367; x_wconf 86' lang='grc' dir='ltr'>τις,</span> <span class='ocrx_word' id='word_1_19' title='bbox 528 323 716 375; x_wconf 81' lang='grc' dir='ltr'>Αἰσχίνη,</span> <span class='ocrx_word' id='word_1_20' title='bbox 750 323 818 371; x_wconf 89' lang='grc' dir='ltr'>τῆς</span> <span class='ocrx_word' id='word_1_21' title='bbox 851 322 1005 362; x_wconf 86' lang='grc' dir='ltr'>πόλεως</span> <span class='ocrx_word' id='word_1_22' title='bbox 1039 320 1183 373; x_wconf 85' lang='grc' dir='ltr'>ἐχθρὸν</span> <span class='ocrx_word' id='word_1_23' title='bbox 1213 318 1235 370; x_wconf 77' lang='grc' dir='ltr'>ἢ</span> <span class='ocrx_word' id='word_1_24' title='bbox 1271 321 1365 371; x_wconf 85' lang='grc' dir='ltr'>ἐμὸν</span> <span class='ocrx_word' id='word_1_25' title='bbox 1395 321 1492 362; x_wconf 78' lang='grc' dir='ltr'>εῖναι</span> 
     </span>
     <span class='ocr_line' id='line_1_7' title="bbox 163 386 1493 445; baseline 0.001 -18"><span class='ocrx_word' id='word_1_26' title='bbox 163 393 240 445; x_wconf 79' lang='grc' dir='ltr'>φῇ,·</span> <span class='ocrx_word' id='word_1_27' title='bbox 291 388 385 439; x_wconf 86' lang='grc' dir='ltr'>ἐμὸν</span> <span class='ocrx_word' id='word_1_28' title='bbox 406 390 527 438; x_wconf 87' lang='grc' dir='ltr'>δῆλον</span> <span class='ocrx_word' id='word_1_29' title='bbox 555 389 627 428; x_wconf 89' lang='grc' dir='ltr'>ὅτι.</span> <span class='ocrx_word' id='word_1_30' title='bbox 701 387 770 428; x_wconf 73' lang='grc' dir='ltr'>εἶθ’</span> <span class='ocrx_word' id='word_1_31' title='bbox 791 387 835 427; x_wconf 77' lang='grc' dir='ltr'>οὗ</span> <span class='ocrx_word' id='word_1_32' title='bbox 860 389 931 437; x_wconf 76' lang='grc' dir='ltr'>μὲν</span> <span class='ocrx_word' id='word_1_33' title='bbox 957 386 1004 437; x_wconf 74' lang='grc' dir='ltr'>ἦν</span> <span class='ocrx_word' id='word_1_34' title='bbox 1029 387 1119 439; x_wconf 88' lang='grc' dir='ltr'>παρ’</span> <span class='ocrx_word' id='word_1_35' title='bbox 1143 388 1236 438; x_wconf 81' lang='grc' dir='ltr'>ἐμοῦ</span> <span class='ocrx_word' id='word_1_36' title='bbox 1262 388 1371 437; x_wconf 88' lang='grc' dir='ltr'>δίκην</span> <span class='ocrx_word' id='word_1_37' title='bbox 1398 390 1493 428; x_wconf 79' lang='grc' dir='ltr'>κατὰ</span> 
     </span>
     <span class='ocr_line' id='line_1_8' title="bbox 161 453 1495 507; baseline 0 -13"><span class='ocrx_word' id='word_1_38' title='bbox 161 454 251 495; x_wconf 81' lang='grc' dir='ltr'>τοὺς</span> <span class='ocrx_word' id='word_1_39' title='bbox 276 455 417 505; x_wconf 87' lang='grc' dir='ltr'>νόμους</span> <span class='ocrx_word' id='word_1_40' title='bbox 432 455 529 507; x_wconf 81' lang='grc' dir='ltr'>ὑπὲρ</span> <span class='ocrx_word' id='word_1_41' title='bbox 551 454 699 494; x_wconf 88' lang='grc' dir='ltr'>τούτων</span> <span class='ocrx_word' id='word_1_42' title='bbox 715 457 873 503; x_wconf 94' lang='grc' dir='ltr'>λαβεῖν,</span> <span class='ocrx_word' id='word_1_43' title='bbox 898 455 1004 505; x_wconf 78' lang='grc' dir='ltr'>ε’ίπερ</span> <span class='ocrx_word' id='word_1_44' title='bbox 1025 453 1193 504; x_wconf 87' lang='grc' dir='ltr'>ἠδίκουν,</span> <span class='ocrx_word' id='word_1_45' title='bbox 1217 453 1431 504; x_wconf 82' lang='grc' dir='ltr'>ἐξέλειπες,</span> <span class='ocrx_word' id='word_1_46' title='bbox 1454 455 1495 494; x_wconf 87' lang='grc' dir='ltr'>ἐν</span> 
     </span>
     <span class='ocr_line' id='line_1_9' title="bbox 162 519 1495 572; baseline 0 -12"><span class='ocrx_word' id='word_1_47' title='bbox 162 524 247 562; x_wconf 89' lang='grc' dir='ltr'>ταῖς</span> <span class='ocrx_word' id='word_1_48' title='bbox 272 520 460 566; x_wconf 75' lang='grc' dir='ltr'>εὐθύναις,</span> <span class='ocrx_word' id='word_1_49' title='bbox 485 522 526 562; x_wconf 84' lang='grc' dir='ltr'>ἐν</span> <span class='ocrx_word' id='word_1_50' title='bbox 552 524 636 562; x_wconf 84' lang='grc' dir='ltr'>ταῖς</span> <span class='ocrx_word' id='word_1_51' title='bbox 662 523 847 572; x_wconf 82' lang='grc' dir='ltr'>γραφαῖς,</span> <span class='ocrx_word' id='word_1_52' title='bbox 877 521 918 560; x_wconf 83' lang='grc' dir='ltr'>ἐν</span> <span class='ocrx_word' id='word_1_53' title='bbox 944 523 1028 562; x_wconf 90' lang='grc' dir='ltr'>ταῖς</span> <span class='ocrx_word' id='word_1_54' title='bbox 1052 519 1195 562; x_wconf 83' lang='grc' dir='ltr'>ἄλλαις</span> <span class='ocrx_word' id='word_1_55' title='bbox 1222 521 1414 572; x_wconf 79' lang='grc' dir='ltr'>κρίσεσιν·</span> <span class='ocrx_word' id='word_1_56' title='bbox 1452 521 1495 560; x_wconf 78' lang='grc' dir='ltr'>οὗ</span> 
     </span>
     <span class='ocr_line' id='line_1_10' title="bbox 161 586 1493 643; baseline 0.001 -17"><span class='ocrx_word' id='word_1_57' title='bbox 161 586 194 626; x_wconf 87' lang='grc' dir='ltr'>δ’</span> <span class='ocrx_word' id='word_1_58' title='bbox 221 587 298 639; x_wconf 84' lang='grc' dir='ltr'>ἐγὼ</span> <span class='ocrx_word' id='word_1_59' title='bbox 327 589 399 637; x_wconf 81' lang='grc' dir='ltr'>μὲν</span> <span class='ocrx_word' id='word_1_60' title='bbox 425 587 550 641; x_wconf 79' lang='grc' dir='ltr'>ἀθῷος</span> <span class='ocrx_word' id='word_1_61' title='bbox 581 586 720 632; x_wconf 80' lang='grc' dir='ltr'>ἅπασι,</span> <span class='ocrx_word' id='word_1_62' title='bbox 750 590 830 629; x_wconf 87' lang='grc' dir='ltr'>τοῖς</span> <span class='ocrx_word' id='word_1_63' title='bbox 856 587 1001 637; x_wconf 86' lang='grc' dir='ltr'>νόμοις,</span> <span class='ocrx_word' id='word_1_64' title='bbox 1029 590 1081 641; x_wconf 79' lang='grc' dir='ltr'>τῷ</span> <span class='ocrx_word' id='word_1_65' title='bbox 1112 587 1255 641; x_wconf 83' lang='grc' dir='ltr'>χρόνῳ,</span> <span class='ocrx_word' id='word_1_66' title='bbox 1282 592 1329 643; x_wconf 79' lang='grc' dir='ltr'>τῇ</span> <span class='ocrx_word' id='word_1_67' title='bbox 1353 589 1493 638; x_wconf 90' lang='grc' dir='ltr'>προθε-</span> 
     </span>
     <span class='ocr_line' id='line_1_11' title="bbox 162 652 1494 707; baseline 0 -15"><span class='ocrx_word' id='word_1_68' title='bbox 162 654 272 706; x_wconf 79' lang='grc' dir='ltr'>σμίᾳ,</span> <span class='ocrx_word' id='word_1_69' title='bbox 312 653 364 707; x_wconf 77' lang='grc' dir='ltr'>τῷ</span> <span class='ocrx_word' id='word_1_70' title='bbox 402 654 607 704; x_wconf 83' lang='grc' dir='ltr'>κεκρίσθαι</span> <span class='ocrx_word' id='word_1_71' title='bbox 643 654 730 704; x_wconf 86' lang='grc' dir='ltr'>περὶ</span> <span class='ocrx_word' id='word_1_72' title='bbox 768 652 927 694; x_wconf 83' lang='grc' dir='ltr'>πάντων</span> <span class='ocrx_word' id='word_1_73' title='bbox 965 652 1159 695; x_wconf 80' lang='grc' dir='ltr'>πολλάκις</span> <span class='ocrx_word' id='word_1_74' title='bbox 1201 654 1404 705; x_wconf 84' lang='grc' dir='ltr'>πρότερον,</span> <span class='ocrx_word' id='word_1_75' title='bbox 1442 657 1494 707; x_wconf 81' lang='grc' dir='ltr'>τῷ</span> 
     </span>
     <span class='ocr_line' id='line_1_12' title="bbox 159 717 1495 775; baseline 0.001 -18"><span class='ocrx_word' id='word_1_76' title='bbox 159 718 409 769; x_wconf 82' lang='grc' dir='ltr'>μηδεπώποτ’</span> <span class='ocrx_word' id='word_1_77' title='bbox 436 718 725 772; x_wconf 71' lang='grc' dir='ltr'>ἐξελεγχθῆναι</span> <span class='ocrx_word' id='word_1_78' title='bbox 749 721 872 770; x_wconf 78' lang='grc' dir='ltr'>μηδὲν</span> <span class='ocrx_word' id='word_1_79' title='bbox 897 720 996 770; x_wconf 75' lang='grc' dir='ltr'>ὑμᾶς</span> <span class='ocrx_word' id='word_1_80' title='bbox 1021 720 1175 764; x_wconf 84' lang='grc' dir='ltr'>ἀδικῶν,</span> <span class='ocrx_word' id='word_1_81' title='bbox 1203 720 1248 775; x_wconf 78' lang='grc' dir='ltr'>τῇ</span> <span class='ocrx_word' id='word_1_82' title='bbox 1275 720 1389 760; x_wconf 91' lang='grc' dir='ltr'>πόλει</span> <span class='ocrx_word' id='word_1_83' title='bbox 1415 719 1447 759; x_wconf 86' lang='grc' dir='ltr'>δ’</span> <span class='ocrx_word' id='word_1_84' title='bbox 1472 717 1495 769; x_wconf 81' lang='grc' dir='ltr'>ἦ</span> 
     </span>
     <span class='ocr_line' id='line_1_13' title="bbox 160 782 1496 839; baseline 0 -14"><span class='ocrx_word' id='word_1_85' title='bbox 160 784 284 825; x_wconf 83' lang='grc' dir='ltr'>πλέον</span> <span class='ocrx_word' id='word_1_86' title='bbox 326 782 349 834; x_wconf 80' lang='grc' dir='ltr'>ἢ</span> <span class='ocrx_word' id='word_1_87' title='bbox 396 785 563 826; x_wconf 78' lang='grc' dir='ltr'>ἔλαττον</span> <span class='ocrx_word' id='word_1_88' title='bbox 606 785 755 837; x_wconf 84' lang='grc' dir='ltr'>ἀνάγκη</span> <span class='ocrx_word' id='word_1_89' title='bbox 795 789 874 826; x_wconf 86' lang='grc' dir='ltr'>τῶν</span> <span class='ocrx_word' id='word_1_90' title='bbox 914 803 959 838; x_wconf 90' lang='grc' dir='ltr'>γε</span> <span class='ocrx_word' id='word_1_91' title='bbox 1000 787 1169 839; x_wconf 75' lang='grc' dir='ltr'>δημοσία</span> <span class='ocrx_word' id='word_1_92' title='bbox 1210 785 1496 837; x_wconf 81' lang='grc' dir='ltr'>πεπραγμένων</span> 
     </span>
     <span class='ocr_line' id='line_1_14' title="bbox 158 851 1495 905; baseline 0.001 -14"><span class='ocrx_word' id='word_1_93' title='bbox 158 855 333 902; x_wconf 87' lang='grc' dir='ltr'>μετεῖναι</span> <span class='ocrx_word' id='word_1_94' title='bbox 362 854 431 902; x_wconf 86' lang='grc' dir='ltr'>τῆς</span> <span class='ocrx_word' id='word_1_95' title='bbox 457 851 587 902; x_wconf 83' lang='grc' dir='ltr'>δόξης,</span> <span class='ocrx_word' id='word_1_96' title='bbox 616 851 767 892; x_wconf 79' lang='grc' dir='ltr'>ἐνταῦθ’</span> <span class='ocrx_word' id='word_1_97' title='bbox 793 851 1037 903; x_wconf 85' lang='grc' dir='ltr'>ἀπήντηκας;</span> <span class='ocrx_word' id='word_1_98' title='bbox 1079 853 1149 905; x_wconf 87' lang='grc' dir='ltr'>ὅρα</span> <span class='ocrx_word' id='word_1_99' title='bbox 1173 852 1225 903; x_wconf 75' lang='grc' dir='ltr'>μὴ</span> <span class='ocrx_word' id='word_1_100' title='bbox 1252 852 1399 892; x_wconf 86' lang='grc' dir='ltr'>τούτων</span> <span class='ocrx_word' id='word_1_101' title='bbox 1423 854 1495 903; x_wconf 78' lang='grc' dir='ltr'>μὲν</span> 
     </span>
     <span class='ocr_line' id='line_1_15' title="bbox 160 917 804 974; baseline 0.005 -18"><span class='ocrx_word' id='word_1_102' title='bbox 160 917 301 971; x_wconf 84' lang='grc' dir='ltr'>ἐχθρὸς</span> <span class='ocrx_word' id='word_1_103' title='bbox 326 917 383 973; x_wconf 81' lang='grc' dir='ltr'>ᾗς,</span> <span class='ocrx_word' id='word_1_104' title='bbox 413 919 498 969; x_wconf 83' lang='grc' dir='ltr'>ἐμοὶ</span> <span class='ocrx_word' id='word_1_105' title='bbox 524 921 564 959; x_wconf 78' lang='grc' dir='ltr'>δὲ</span> <span class='ocrx_word' id='word_1_106' title='bbox 592 919 804 974; x_wconf 80' lang='grc' dir='ltr'>προσποιῇ.</span> 
     </span>
    </p>

    <p class='ocr_par' dir='ltr' id='par_1_6' title="bbox 154 983 1494 2101">
     <span class='ocr_line' id='line_1_16' title="bbox 227 983 1494 1038; baseline 0 -14"><span class='ocrx_word' id='word_1_107' title='bbox 227 983 387 1034; x_wconf 73' lang='grc' dir='ltr'>Ἐπειδὴ</span> <span class='ocrx_word' id='word_1_108' title='bbox 424 987 556 1025; x_wconf 82' lang='grc' dir='ltr'>τοίνυν</span> <span class='ocrx_word' id='word_1_109' title='bbox 584 986 607 1036; x_wconf 87' lang='grc' dir='ltr'>ἡ</span> <span class='ocrx_word' id='word_1_110' title='bbox 637 987 711 1036; x_wconf 80' lang='grc' dir='ltr'>μὲν</span> <span class='ocrx_word' id='word_1_111' title='bbox 743 984 915 1035; x_wconf 74' lang='grc' dir='ltr'>εὐσεβὴς</span> <span class='ocrx_word' id='word_1_112' title='bbox 949 986 1010 1025; x_wconf 82' lang='grc' dir='ltr'>καὶ</span> <span class='ocrx_word' id='word_1_113' title='bbox 1041 987 1170 1025; x_wconf 85' lang='grc' dir='ltr'>δικαία</span> <span class='ocrx_word' id='word_1_114' title='bbox 1199 987 1341 1038; x_wconf 76' lang='grc' dir='ltr'>ψῆφος</span> <span class='ocrx_word' id='word_1_115' title='bbox 1366 985 1494 1025; x_wconf 82' lang='grc' dir='ltr'>ἅπασι</span> 
     </span>
     <span class='ocr_line' id='line_1_17' title="bbox 159 1049 1491 1104; baseline 0.002 -15"><span class='ocrx_word' id='word_1_116' title='bbox 159 1049 361 1096; x_wconf 80' lang='grc' dir='ltr'>δέδεικται,</span> <span class='ocrx_word' id='word_1_117' title='bbox 392 1054 451 1091; x_wconf 89' lang='grc' dir='ltr'>δεῖ</span> <span class='ocrx_word' id='word_1_118' title='bbox 474 1051 516 1092; x_wconf 89' lang='grc' dir='ltr'>δέ</span> <span class='ocrx_word' id='word_1_119' title='bbox 539 1051 593 1102; x_wconf 88' lang='grc' dir='ltr'>μ’,</span> <span class='ocrx_word' id='word_1_120' title='bbox 622 1051 673 1093; x_wconf 82' lang='grc' dir='ltr'>ὡς</span> <span class='ocrx_word' id='word_1_121' title='bbox 700 1052 816 1097; x_wconf 81' lang='grc' dir='ltr'>ἔοικε,</span> <span class='ocrx_word' id='word_1_122' title='bbox 845 1053 982 1103; x_wconf 91' lang='grc' dir='ltr'>καίπερ</span> <span class='ocrx_word' id='word_1_123' title='bbox 1008 1051 1051 1091; x_wconf 83' lang='grc' dir='ltr'>οὐ</span> <span class='ocrx_word' id='word_1_124' title='bbox 1078 1052 1359 1104; x_wconf 86' lang='grc' dir='ltr'>φιλολοίδορον</span> <span class='ocrx_word' id='word_1_125' title='bbox 1385 1053 1491 1097; x_wconf 83' lang='grc' dir='ltr'>ὄντα,</span> 
     </span>
     <span class='ocr_line' id='line_1_18' title="bbox 160 1117 1494 1170; baseline 0.002 -14"><span class='ocrx_word' id='word_1_126' title='bbox 160 1118 223 1156; x_wconf 80' lang='grc' dir='ltr'>διὰ</span> <span class='ocrx_word' id='word_1_127' title='bbox 249 1119 317 1159; x_wconf 81' lang='grc' dir='ltr'>τὰς</span> <span class='ocrx_word' id='word_1_128' title='bbox 341 1117 416 1158; x_wconf 83' lang='grc' dir='ltr'>ὑπὸ</span> <span class='ocrx_word' id='word_1_129' title='bbox 442 1118 579 1158; x_wconf 88' lang='grc' dir='ltr'>τούτου</span> <span class='ocrx_word' id='word_1_130' title='bbox 607 1118 874 1170; x_wconf 83' lang='grc' dir='ltr'>βλασφημίας</span> <span class='ocrx_word' id='word_1_131' title='bbox 902 1118 1106 1170; x_wconf 84' lang='grc' dir='ltr'>εἰρημένας</span> <span class='ocrx_word' id='word_1_132' title='bbox 1131 1118 1218 1159; x_wconf 83' lang='grc' dir='ltr'>ἀντὶ</span> <span class='ocrx_word' id='word_1_133' title='bbox 1243 1121 1406 1159; x_wconf 83' lang='grc' dir='ltr'>πολλῶν</span> <span class='ocrx_word' id='word_1_134' title='bbox 1434 1119 1494 1159; x_wconf 87' lang='grc' dir='ltr'>καὶ</span> 
     </span>
     <span class='ocr_line' id='line_1_19' title="bbox 159 1183 1494 1237; baseline 0.002 -14"><span class='ocrx_word' id='word_1_135' title='bbox 159 1187 319 1235; x_wconf 82' lang='grc' dir='ltr'>ψευδῶν</span> <span class='ocrx_word' id='word_1_136' title='bbox 338 1184 435 1224; x_wconf 82' lang='grc' dir='ltr'>αὐτὰ</span> <span class='ocrx_word' id='word_1_137' title='bbox 463 1184 763 1237; x_wconf 83' lang='grc' dir='ltr'>τάναγκαιότατ’</span> <span class='ocrx_word' id='word_1_138' title='bbox 784 1186 907 1225; x_wconf 84' lang='grc' dir='ltr'>εἰπεῖν</span> <span class='ocrx_word' id='word_1_139' title='bbox 932 1185 1020 1237; x_wconf 82' lang='grc' dir='ltr'>περὶ</span> <span class='ocrx_word' id='word_1_140' title='bbox 1046 1185 1173 1230; x_wconf 82' lang='grc' dir='ltr'>αὐτοῦ,</span> <span class='ocrx_word' id='word_1_141' title='bbox 1201 1186 1263 1225; x_wconf 83' lang='grc' dir='ltr'>καὶ</span> <span class='ocrx_word' id='word_1_142' title='bbox 1289 1183 1411 1234; x_wconf 82' lang='grc' dir='ltr'>δεῖξαι</span> <span class='ocrx_word' id='word_1_143' title='bbox 1429 1185 1494 1230; x_wconf 71' lang='grc' dir='ltr'>,τίς</span> 
     </span>
     <span class='ocr_line' id='line_1_20' title="bbox 160 1249 1493 1305; baseline 0.002 -16"><span class='ocrx_word' id='word_1_144' title='bbox 160 1249 213 1290; x_wconf 81' lang='grc' dir='ltr'>ὢν</span> <span class='ocrx_word' id='word_1_145' title='bbox 252 1251 322 1290; x_wconf 84' lang='grc' dir='ltr'>κάκ</span> <span class='ocrx_word' id='word_1_146' title='bbox 356 1252 475 1291; x_wconf 90' lang='grc' dir='ltr'>τίνων</span> <span class='ocrx_word' id='word_1_147' title='bbox 508 1252 651 1305; x_wconf 77' lang='grc' dir='ltr'>ῥαδίως</span> <span class='ocrx_word' id='word_1_148' title='bbox 684 1251 805 1293; x_wconf 80' lang='grc' dir='ltr'>οὕτως</span> <span class='ocrx_word' id='word_1_149' title='bbox 843 1251 956 1304; x_wconf 82' lang='grc' dir='ltr'>ἄρχει</span> <span class='ocrx_word' id='word_1_150' title='bbox 990 1255 1057 1291; x_wconf 81' lang='grc' dir='ltr'>τοῦ</span> <span class='ocrx_word' id='word_1_151' title='bbox 1090 1255 1214 1293; x_wconf 89' lang='grc' dir='ltr'>κακῶς</span> <span class='ocrx_word' id='word_1_152' title='bbox 1247 1250 1394 1303; x_wconf 85' lang='grc' dir='ltr'>λέγειν,</span> <span class='ocrx_word' id='word_1_153' title='bbox 1431 1252 1493 1291; x_wconf 84' lang='grc' dir='ltr'>καὶ</span> 
     </span>
     <span class='ocr_line' id='line_1_21' title="bbox 158 1317 1494 1369; baseline 0.002 -14"><span class='ocrx_word' id='word_1_154' title='bbox 158 1317 302 1368; x_wconf 81' lang='grc' dir='ltr'>λόγους</span> <span class='ocrx_word' id='word_1_155' title='bbox 331 1319 439 1358; x_wconf 73' lang='grc' dir='ltr'>τινας</span> <span class='ocrx_word' id='word_1_156' title='bbox 464 1318 654 1369; x_wconf 86' lang='grc' dir='ltr'>διασύρει,</span> <span class='ocrx_word' id='word_1_157' title='bbox 683 1318 799 1360; x_wconf 82' lang='grc' dir='ltr'>αὐτὸς</span> <span class='ocrx_word' id='word_1_158' title='bbox 833 1318 994 1369; x_wconf 85' lang='grc' dir='ltr'>εἰρηκὼς</span> <span class='ocrx_word' id='word_1_159' title='bbox 1019 1319 1042 1358; x_wconf 77' lang='grc' dir='ltr'>δι</span> <span class='ocrx_word' id='word_1_160' title='bbox 1066 1320 1124 1360; x_wconf 91' lang='grc' dir='ltr'>τίς</span> <span class='ocrx_word' id='word_1_161' title='bbox 1150 1318 1216 1358; x_wconf 74' lang='grc' dir='ltr'>οἰκ</span> <span class='ocrx_word' id='word_1_162' title='bbox 1243 1317 1290 1358; x_wconf 75' lang='grc' dir='ltr'>ἂν</span> <span class='ocrx_word' id='word_1_163' title='bbox 1316 1318 1494 1368; x_wconf 86' lang='grc' dir='ltr'>ὤκνησεν</span> 
     </span>
     <span class='ocr_line' id='line_1_22' title="bbox 158 1381 1492 1436; baseline 0.001 -14"><span class='ocrx_word' id='word_1_164' title='bbox 158 1386 234 1422; x_wconf 89' lang='grc' dir='ltr'>τῶν</span> <span class='ocrx_word' id='word_1_165' title='bbox 280 1385 448 1435; x_wconf 86' lang='grc' dir='ltr'>μετρίων</span> <span class='ocrx_word' id='word_1_166' title='bbox 494 1384 710 1435; x_wconf 84' lang='grc' dir='ltr'>ἀνθρώπων</span> <span class='ocrx_word' id='word_1_167' title='bbox 756 1382 1123 1435; x_wconf 39' lang='grc' dir='ltr'>φθέγξασθακῂεί</span> <span class='ocrx_word' id='word_1_168' title='bbox 1166 1386 1240 1436; x_wconf 71' lang='grc' dir='ltr'>γὰρ</span> <span class='ocrx_word' id='word_1_169' title='bbox 1283 1384 1427 1426; x_wconf 83' lang='grc' dir='ltr'>Αἰακὸς</span> <span class='ocrx_word' id='word_1_170' title='bbox 1470 1381 1492 1434; x_wconf 75' lang='grc' dir='ltr'>ἢ</span> 
     </span>
     <span class='ocr_line' id='line_1_23' title="bbox 157 1447 1489 1502; baseline 0.002 -15"><span class='ocrx_word' id='word_1_171' title='bbox 157 1447 424 1499; x_wconf 81' lang='grc' dir='ltr'>Ῥαδάμανθυς</span> <span class='ocrx_word' id='word_1_172' title='bbox 448 1447 470 1499; x_wconf 81' lang='grc' dir='ltr'>ἢ</span> <span class='ocrx_word' id='word_1_173' title='bbox 498 1451 635 1492; x_wconf 87' lang='grc' dir='ltr'>Μίνως</span> <span class='ocrx_word' id='word_1_174' title='bbox 663 1449 710 1500; x_wconf 83' lang='grc' dir='ltr'>ἦν</span> <span class='ocrx_word' id='word_1_175' title='bbox 739 1451 759 1489; x_wconf 91' lang='grc' dir='ltr'>ὁ</span> <span class='ocrx_word' id='word_1_176' title='bbox 787 1453 1025 1502; x_wconf 87' lang='grc' dir='ltr'>κατηγορῶν,</span> <span class='ocrx_word' id='word_1_177' title='bbox 1053 1451 1158 1491; x_wconf 74' lang='grc' dir='ltr'>ἀλλὰ</span> <span class='ocrx_word' id='word_1_178' title='bbox 1183 1451 1235 1501; x_wconf 74' lang='grc' dir='ltr'>μὴ</span> <span class='ocrx_word' id='word_1_179' title='bbox 1263 1452 1489 1502; x_wconf 89' lang='grc' dir='ltr'>σπερμολό-</span> 
     </span>
     <span class='ocr_line' id='line_1_24' title="bbox 157 1516 1490 1569; baseline 0.001 -14"><span class='ocrx_word' id='word_1_180' title='bbox 157 1531 237 1566; x_wconf 88' lang='grc' dir='ltr'>γος,</span> <span class='ocrx_word' id='word_1_181' title='bbox 266 1516 485 1568; x_wconf 83' lang='grc' dir='ltr'>περίτριμμ’</span> <span class='ocrx_word' id='word_1_182' title='bbox 517 1517 676 1569; x_wconf 79' lang='grc' dir='ltr'>ἀγορᾶς,</span> <span class='ocrx_word' id='word_1_183' title='bbox 713 1518 878 1569; x_wconf 83' lang='grc' dir='ltr'>ὄλεθρος</span> <span class='ocrx_word' id='word_1_184' title='bbox 911 1517 1171 1568; x_wconf 89' lang='grc' dir='ltr'>γραμματεύς,</span> <span class='ocrx_word' id='word_1_185' title='bbox 1200 1517 1268 1557; x_wconf 81' lang='grc' dir='ltr'>οὐκ</span> <span class='ocrx_word' id='word_1_186' title='bbox 1297 1516 1344 1557; x_wconf 81' lang='grc' dir='ltr'>ἂν</span> <span class='ocrx_word' id='word_1_187' title='bbox 1374 1516 1490 1557; x_wconf 85' lang='grc' dir='ltr'>αὐτὸν</span> 
     </span>
     <span class='ocr_line' id='line_1_25' title="bbox 156 1580 1488 1637; baseline 0.003 -18"><span class='ocrx_word' id='word_1_188' title='bbox 156 1580 264 1631; x_wconf 69' lang='grc' dir='ltr'>οἶμαι</span> <span class='ocrx_word' id='word_1_189' title='bbox 281 1582 387 1622; x_wconf 77' lang='grc' dir='ltr'>ταῦτ’</span> <span class='ocrx_word' id='word_1_190' title='bbox 406 1584 530 1623; x_wconf 86' lang='grc' dir='ltr'>εἰπεῖν</span> <span class='ocrx_word' id='word_1_191' title='bbox 550 1583 629 1623; x_wconf 84' lang='grc' dir='ltr'>οὐδ’</span> <span class='ocrx_word' id='word_1_192' title='bbox 647 1583 693 1623; x_wconf 81' lang='grc' dir='ltr'>ἂν</span> <span class='ocrx_word' id='word_1_193' title='bbox 715 1584 837 1625; x_wconf 82' lang='grc' dir='ltr'>οὕτως</span> <span class='ocrx_word' id='word_1_194' title='bbox 859 1584 1046 1637; x_wconf 87' lang='grc' dir='ltr'>ἐπαχθεῖς</span> <span class='ocrx_word' id='word_1_195' title='bbox 1067 1585 1211 1635; x_wconf 88' lang='grc' dir='ltr'>λόγους</span> <span class='ocrx_word' id='word_1_196' title='bbox 1232 1585 1488 1635; x_wconf 88' lang='grc' dir='ltr'>πορίσασθαι,</span> 
     </span>
     <span class='ocr_line' id='line_1_26' title="bbox 155 1647 1490 1704; baseline 0.002 -17"><span class='ocrx_word' id='word_1_197' title='bbox 155 1648 290 1700; x_wconf 81' lang='grc' dir='ltr'>ὥσπερ</span> <span class='ocrx_word' id='word_1_198' title='bbox 322 1650 364 1689; x_wconf 89' lang='grc' dir='ltr'>ἐν</span> <span class='ocrx_word' id='word_1_199' title='bbox 393 1651 589 1704; x_wconf 77' lang='grc' dir='ltr'>τραγῳδίᾳ</span> <span class='ocrx_word' id='word_1_200' title='bbox 615 1653 776 1701; x_wconf 82' lang='grc' dir='ltr'>βοῶντα</span> <span class='ocrx_word' id='word_1_201' title='bbox 804 1652 812 1667; x_wconf 93' lang='lat'>‘</span> <span class='ocrx_word' id='word_1_202' title='bbox 831 1647 860 1689; x_wconf 74' lang='grc' dir='ltr'><em>ὦ</em></span> <span class='ocrx_word' id='word_1_203' title='bbox 886 1651 936 1702; x_wconf 87' lang='grc' dir='ltr'>γῆ</span> <span class='ocrx_word' id='word_1_204' title='bbox 965 1651 1028 1690; x_wconf 87' lang='grc' dir='ltr'>καὶ</span> <span class='ocrx_word' id='word_1_205' title='bbox 1054 1651 1143 1700; x_wconf 84' lang='grc' dir='ltr'>ἥλιε</span> <span class='ocrx_word' id='word_1_206' title='bbox 1169 1651 1231 1690; x_wconf 87' lang='grc' dir='ltr'>καὶ</span> <span class='ocrx_word' id='word_1_207' title='bbox 1257 1649 1373 1702; x_wconf 76' lang='grc' dir='ltr'>ἀρετὴ</span> <span class='ocrx_word' id='word_1_208' title='bbox 1391 1649 1400 1663; x_wconf 86' lang='grc'>’</span> <span class='ocrx_word' id='word_1_209' title='bbox 1429 1650 1490 1690; x_wconf 86' lang='grc' dir='ltr'>καὶ</span> 
     </span>
     <span class='ocr_line' id='line_1_27' title="bbox 155 1715 1487 1761; baseline 0.002 -8"><span class='ocrx_word' id='word_1_210' title='bbox 155 1715 201 1753; x_wconf 84' lang='grc' dir='ltr'>τὰ</span> <span class='ocrx_word' id='word_1_211' title='bbox 240 1718 411 1761; x_wconf 83' lang='grc' dir='ltr'>τοιαῦτα,</span> <span class='ocrx_word' id='word_1_212' title='bbox 448 1716 508 1756; x_wconf 88' lang='grc' dir='ltr'>καὶ</span> <span class='ocrx_word' id='word_1_213' title='bbox 548 1716 669 1756; x_wconf 85' lang='grc' dir='ltr'>πάλιν</span> <span class='ocrx_word' id='word_1_214' title='bbox 705 1715 897 1756; x_wconf 71' lang='grc' dir='ltr'>ζσύνεσιν</span> <span class='ocrx_word' id='word_1_215' title='bbox 938 1718 1001 1757; x_wconf 88' lang='grc' dir='ltr'>καὶ</span> <span class='ocrx_word' id='word_1_216' title='bbox 1040 1716 1244 1757; x_wconf 84' lang='grc' dir='ltr'>παιδείαν’</span> <span class='ocrx_word' id='word_1_217' title='bbox 1279 1717 1487 1757; x_wconf 89' lang='grc' dir='ltr'>ἐπικαλού-</span> 
     </span>
     <span class='ocr_line' id='line_1_28' title="bbox 154 1780 1489 1837; baseline 0.002 -17"><span class='ocrx_word' id='word_1_218' title='bbox 154 1797 285 1830; x_wconf 85' lang='grc' dir='ltr'>μενον,</span> <span class='ocrx_word' id='word_1_219' title='bbox 316 1780 363 1837; x_wconf 74' lang='grc' dir='ltr'>’ᾗ</span> <span class='ocrx_word' id='word_1_220' title='bbox 392 1784 438 1821; x_wconf 80' lang='grc' dir='ltr'>τὰ</span> <span class='ocrx_word' id='word_1_221' title='bbox 468 1784 568 1822; x_wconf 76' lang='grc' dir='ltr'>καλὰ</span> <span class='ocrx_word' id='word_1_222' title='bbox 600 1783 661 1822; x_wconf 85' lang='grc' dir='ltr'>καὶ</span> <span class='ocrx_word' id='word_1_223' title='bbox 691 1784 739 1822; x_wconf 77' lang='grc' dir='ltr'>τὰ</span> <span class='ocrx_word' id='word_1_224' title='bbox 764 1784 912 1835; x_wconf 81' lang='grc' dir='ltr'>αἰσχρὰ</span> <span class='ocrx_word' id='word_1_225' title='bbox 941 1782 1300 1836; x_wconf 85' lang='grc' dir='ltr'>διαγιγνώσκεται·’</span> <span class='ocrx_word' id='word_1_226' title='bbox 1370 1786 1489 1823; x_wconf 77' lang='grc' dir='ltr'>ταῦτα</span> 
     </span>
     <span class='ocr_line' id='line_1_29' title="bbox 154 1846 1487 1902; baseline 0.002 -15"><span class='ocrx_word' id='word_1_227' title='bbox 154 1848 230 1898; x_wconf 78' lang='grc' dir='ltr'>γὰρ</span> <span class='ocrx_word' id='word_1_228' title='bbox 264 1846 456 1896; x_wconf 89' lang='grc' dir='ltr'>δήπουθεν</span> <span class='ocrx_word' id='word_1_229' title='bbox 489 1848 640 1898; x_wconf 79' lang='grc' dir='ltr'>ἠκούετ’</span> <span class='ocrx_word' id='word_1_230' title='bbox 675 1848 792 1889; x_wconf 82' lang='grc' dir='ltr'>αὐτοῦ</span> <span class='ocrx_word' id='word_1_231' title='bbox 824 1849 1027 1902; x_wconf 86' lang='grc' dir='ltr'>λέγοντος.</span> <span class='ocrx_word' id='word_1_232' title='bbox 1103 1850 1169 1889; x_wconf 83' lang='grc' dir='ltr'>σοὶ</span> <span class='ocrx_word' id='word_1_233' title='bbox 1207 1849 1239 1890; x_wconf 88' lang='grc' dir='ltr'>δ’</span> <span class='ocrx_word' id='word_1_234' title='bbox 1270 1850 1421 1902; x_wconf 80' lang='grc' dir='ltr'>ἀρετῆς,</span> <span class='ocrx_word' id='word_1_235' title='bbox 1459 1848 1487 1889; x_wconf 70' lang='grc' dir='ltr'><em>ὦ</em></span> 
     </span>
     <span class='ocr_line' id='line_1_30' title="bbox 155 1911 1484 1966; baseline 0.002 -14"><span class='ocrx_word' id='word_1_236' title='bbox 155 1912 346 1965; x_wconf 86' lang='grc' dir='ltr'>κάθαρμα,</span> <span class='ocrx_word' id='word_1_237' title='bbox 379 1911 401 1964; x_wconf 76' lang='grc' dir='ltr'>ἦ</span> <span class='ocrx_word' id='word_1_238' title='bbox 431 1919 512 1956; x_wconf 89' lang='grc' dir='ltr'>τοῖς</span> <span class='ocrx_word' id='word_1_239' title='bbox 547 1918 634 1957; x_wconf 91' lang='grc' dir='ltr'>σοῖς</span> <span class='ocrx_word' id='word_1_240' title='bbox 663 1917 721 1957; x_wconf 83' lang='grc' dir='ltr'>τίς</span> <span class='ocrx_word' id='word_1_241' title='bbox 749 1917 958 1966; x_wconf 87' lang='grc' dir='ltr'>μετουσία;</span> <span class='ocrx_word' id='word_1_242' title='bbox 1003 1913 1026 1966; x_wconf 82' lang='grc' dir='ltr'>ἢ</span> <span class='ocrx_word' id='word_1_243' title='bbox 1060 1920 1192 1957; x_wconf 87' lang='grc' dir='ltr'>καλῶν</span> <span class='ocrx_word' id='word_1_244' title='bbox 1220 1913 1243 1966; x_wconf 80' lang='grc' dir='ltr'>ἦ</span> <span class='ocrx_word' id='word_1_245' title='bbox 1274 1916 1326 1966; x_wconf 75' lang='grc' dir='ltr'>μὴ</span> <span class='ocrx_word' id='word_1_246' title='bbox 1360 1917 1484 1956; x_wconf 90' lang='grc' dir='ltr'>τοιού-</span> 
     </span>
     <span class='ocr_line' id='line_1_31' title="bbox 154 1979 1486 2033; baseline 0.005 -15"><span class='ocrx_word' id='word_1_247' title='bbox 154 1995 232 2020; x_wconf 88' lang='grc' dir='ltr'>των</span> <span class='ocrx_word' id='word_1_248' title='bbox 250 1981 308 2022; x_wconf 91' lang='grc' dir='ltr'>τίς</span> <span class='ocrx_word' id='word_1_249' title='bbox 327 1980 560 2032; x_wconf 85' lang='grc' dir='ltr'>διάγνωσις,·</span> <span class='ocrx_word' id='word_1_250' title='bbox 598 1983 720 2022; x_wconf 90' lang='grc' dir='ltr'>πόθεν</span> <span class='ocrx_word' id='word_1_251' title='bbox 739 1979 762 2032; x_wconf 77' lang='grc' dir='ltr'>ἢ</span> <span class='ocrx_word' id='word_1_252' title='bbox 782 1985 864 2024; x_wconf 86' lang='grc' dir='ltr'>πῶς</span> <span class='ocrx_word' id='word_1_253' title='bbox 882 1981 1108 2033; x_wconf 79' lang='grc' dir='ltr'>ἀξιωθέντι;</span> <span class='ocrx_word' id='word_1_254' title='bbox 1149 1986 1223 2023; x_wconf 84' lang='grc' dir='ltr'>ποῦ</span> <span class='ocrx_word' id='word_1_255' title='bbox 1243 1985 1283 2023; x_wconf 82' lang='grc' dir='ltr'>δὲ</span> <span class='ocrx_word' id='word_1_256' title='bbox 1310 1983 1486 2024; x_wconf 82' lang='grc' dir='ltr'>παιδείας</span> 
     </span>
     <span class='ocr_line' id='line_1_32' title="bbox 155 2046 1484 2101; baseline 0.004 -18"><span class='ocrx_word' id='word_1_257' title='bbox 155 2046 220 2085; x_wconf 84' lang='grc' dir='ltr'>σοὶ</span> <span class='ocrx_word' id='word_1_258' title='bbox 251 2046 359 2097; x_wconf 85' lang='grc' dir='ltr'>θέμις</span> <span class='ocrx_word' id='word_1_259' title='bbox 387 2050 632 2098; x_wconf 84' lang='grc' dir='ltr'>μνησθῆναι,·</span> <span class='ocrx_word' id='word_1_260' title='bbox 670 2048 715 2098; x_wconf 79' lang='grc' dir='ltr'>ἧς</span> <span class='ocrx_word' id='word_1_261' title='bbox 744 2051 820 2089; x_wconf 88' lang='grc' dir='ltr'>τῶν</span> <span class='ocrx_word' id='word_1_262' title='bbox 845 2051 917 2099; x_wconf 78' lang='grc' dir='ltr'>μὲν</span> <span class='ocrx_word' id='word_1_263' title='bbox 943 2049 994 2091; x_wconf 85' lang='grc' dir='ltr'>ὡς</span> <span class='ocrx_word' id='word_1_264' title='bbox 1023 2050 1181 2099; x_wconf 86' lang='grc' dir='ltr'>ἀληθῶς</span> <span class='ocrx_word' id='word_1_265' title='bbox 1212 2049 1484 2101; x_wconf 86' lang='grc' dir='ltr'>τετυχηκότων</span> 
     </span>
    </p>

    <p class='ocr_par' dir='ltr' id='par_1_7' title="bbox 197 2156 1482 2200">
     <span class='ocr_line' id='line_1_33' title="bbox 197 2156 1482 2200; baseline 0.002 -11"><span class='ocrx_word' id='word_1_266' title='bbox 197 2166 216 2195; x_wconf 90' lang='grc'>3</span> <span class='ocrx_word' id='word_1_267' title='bbox 241 2156 301 2199; x_wconf 80' lang='grc' dir='ltr'>φῆ]</span> <span class='ocrx_word' id='word_1_268' title='bbox 320 2159 357 2199; x_wconf 81' lang='grc' dir='ltr'>θῇ</span> <span class='ocrx_word' id='word_1_269' title='bbox 375 2157 405 2187; x_wconf 88' lang='grc' dir='ltr'><strong>Α</strong></span> <span class='ocrx_word' id='word_1_270' title='bbox 575 2169 593 2196; x_wconf 84' lang='grc'>4</span> <span class='ocrx_word' id='word_1_271' title='bbox 619 2157 777 2198; x_wconf 81' lang='grc' dir='ltr'>ἐξέλειπες</span> <span class='ocrx_word' id='word_1_272' title='bbox 797 2158 840 2189; x_wconf 84' lang='lat' dir='ltr'>S:</span> <span class='ocrx_word' id='word_1_273' title='bbox 868 2158 1011 2200; x_wconf 81' lang='grc' dir='ltr'>ἐξέλιπες</span> <span class='ocrx_word' id='word_1_274' title='bbox 1028 2164 1104 2190; x_wconf 75' lang='lat' dir='ltr'>cett.</span> <span class='ocrx_word' id='word_1_275' title='bbox 1286 2169 1301 2197; x_wconf 93' lang='lat'>7</span> <span class='ocrx_word' id='word_1_276' title='bbox 1328 2159 1482 2200; x_wconf 85' lang='grc' dir='ltr'>πρότερον</span> 
     </span>
    </p>
   </div>
   <div class='ocr_carea' id='block_1_6' title="bbox 153 2200 1483 2242">
    <p class='ocr_par' dir='ltr' id='par_1_8' title="bbox 153 2200 1483 2242">
     <span class='ocr_line' id='line_1_34' title="bbox 153 2200 1483 2242; baseline 0.004 -13"><span class='ocrx_word' id='word_1_277' title='bbox 153 2209 218 2230; x_wconf 84' lang='lat' dir='ltr'>om.</span> <span class='ocrx_word' id='word_1_278' title='bbox 235 2200 265 2229; x_wconf 86' lang='grc' dir='ltr'>Α</span> <span class='ocrx_word' id='word_1_279' title='bbox 425 2211 458 2231; x_wconf 86' lang='grc' dir='ltr'>ῐῐ</span> <span class='ocrx_word' id='word_1_280' title='bbox 487 2202 553 2240; x_wconf 79' lang='grc' dir='ltr'>ἐμοὶ</span> <span class='ocrx_word' id='word_1_281' title='bbox 573 2201 596 2232; x_wconf 84' lang='lat' dir='ltr'>S</span> <span class='ocrx_word' id='word_1_282' title='bbox 612 2201 648 2231; x_wconf 81' lang='lat' dir='ltr'>F¹</span> <span class='ocrx_word' id='word_1_283' title='bbox 663 2201 690 2231; x_wconf 89' lang='lat' dir='ltr'>B</span> <span class='ocrx_word' id='word_1_284' title='bbox 704 2201 755 2240; x_wconf 75' lang='lat' dir='ltr'>Q:</span> <span class='ocrx_word' id='word_1_285' title='bbox 783 2203 855 2241; x_wconf 81' lang='grc' dir='ltr'>ἐμὸς</span> <span class='ocrx_word' id='word_1_286' title='bbox 875 2202 941 2232; x_wconf 85' lang='lat' dir='ltr'>LA</span> <span class='ocrx_word' id='word_1_287' title='bbox 954 2202 985 2233; x_wconf 91' lang='lat' dir='ltr'>O</span> <span class='ocrx_word' id='word_1_288' title='bbox 1137 2211 1174 2240; x_wconf 83' lang='lat'>13</span> <span class='ocrx_word' id='word_1_289' title='bbox 1199 2202 1291 2242; x_wconf 80' lang='grc' dir='ltr'>φύσει</span> <span class='ocrx_word' id='word_1_290' title='bbox 1312 2207 1387 2241; x_wconf 78' lang='lat' dir='ltr'>post</span> <span class='ocrx_word' id='word_1_291' title='bbox 1406 2202 1483 2234; x_wconf 79' lang='grc' dir='ltr'>ὄντα</span> 
     </span>
    </p>
   </div>
   <div class='ocr_carea' id='block_1_7' title="bbox 153 2243 1480 2373">
    <p class='ocr_par' dir='ltr' id='par_1_9' title="bbox 153 2243 1480 2373">
     <span class='ocr_line' id='line_1_35' title="bbox 153 2243 1479 2284; baseline 0.003 -11"><span class='ocrx_word' id='word_1_292' title='bbox 153 2243 228 2273; x_wconf 89' lang='lat' dir='ltr'>add.</span> <span class='ocrx_word' id='word_1_293' title='bbox 251 2243 274 2274; x_wconf 79' lang='lat' dir='ltr'>S</span> <span class='ocrx_word' id='word_1_294' title='bbox 292 2254 374 2274; x_wconf 78' lang='lat' dir='ltr'>corr.</span> <span class='ocrx_word' id='word_1_295' title='bbox 399 2244 424 2274; x_wconf 90' lang='lat' dir='ltr'>L</span> <span class='ocrx_word' id='word_1_296' title='bbox 438 2244 486 2275; x_wconf 81' lang='lat' dir='ltr'>A:</span> <span class='ocrx_word' id='word_1_297' title='bbox 511 2255 573 2275; x_wconf 82' lang='lat' dir='ltr'>om.</span> <span class='ocrx_word' id='word_1_298' title='bbox 596 2244 631 2275; x_wconf 85' lang='lat' dir='ltr'>S¹</span> <span class='ocrx_word' id='word_1_299' title='bbox 646 2244 712 2283; x_wconf 84' lang='lat' dir='ltr'>FQ</span> <span class='ocrx_word' id='word_1_300' title='bbox 727 2244 756 2275; x_wconf 89' lang='lat' dir='ltr'>Y</span> <span class='ocrx_word' id='word_1_301' title='bbox 892 2247 931 2276; x_wconf 82' lang='lat'>16</span> <span class='ocrx_word' id='word_1_302' title='bbox 954 2247 1004 2278; x_wconf 84' lang='grc' dir='ltr'>καὶ</span> <span class='ocrx_word' id='word_1_303' title='bbox 1024 2248 1058 2277; x_wconf 83' lang='grc' dir='ltr'>ἐκ</span> <span class='ocrx_word' id='word_1_304' title='bbox 1078 2245 1272 2276; x_wconf 79' lang='lat' dir='ltr'>Markland:</span> <span class='ocrx_word' id='word_1_305' title='bbox 1300 2246 1350 2278; x_wconf 81' lang='grc' dir='ltr'>καὶ</span> <span class='ocrx_word' id='word_1_306' title='bbox 1369 2246 1479 2284; x_wconf 87' lang='lat' dir='ltr'>codd.,</span> 
     </span>
     <span class='ocr_line' id='line_1_36' title="bbox 153 2286 1480 2327; baseline 0.004 -11"><span class='ocrx_word' id='word_1_307' title='bbox 153 2286 192 2316; x_wconf 87' lang='lat' dir='ltr'>cf.</span> <span class='ocrx_word' id='word_1_308' title='bbox 213 2287 268 2316; x_wconf 86' lang='lat' dir='ltr'>xix</span> <span class='ocrx_word' id='word_1_309' title='bbox 287 2287 351 2317; x_wconf 86' lang='lat'>280</span> <span class='ocrx_word' id='word_1_310' title='bbox 486 2297 522 2326; x_wconf 85' lang='lat'>17</span> <span class='ocrx_word' id='word_1_311' title='bbox 548 2289 635 2320; x_wconf 78' lang='grc' dir='ltr'>τινὰς</span> <span class='ocrx_word' id='word_1_312' title='bbox 655 2287 679 2317; x_wconf 90' lang='lat' dir='ltr'>L</span> <span class='ocrx_word' id='word_1_313' title='bbox 696 2288 720 2318; x_wconf 81' lang='lat' dir='ltr'>F</span> <span class='ocrx_word' id='word_1_314' title='bbox 736 2288 821 2327; x_wconf 85' lang='lat' dir='ltr'>vulg.</span> <span class='ocrx_word' id='word_1_315' title='bbox 839 2299 845 2318; x_wconf 75' lang='grc' dir='ltr'><strong>ε</strong></span> <span class='ocrx_word' id='word_1_316' title='bbox 871 2302 958 2321; x_wconf 82' lang='grc' dir='ltr'>τινας</span> <span class='ocrx_word' id='word_1_317' title='bbox 978 2289 1019 2319; x_wconf 70' lang='lat' dir='ltr'>S&#39;:</span> <span class='ocrx_word' id='word_1_318' title='bbox 1046 2290 1135 2321; x_wconf 79' lang='grc' dir='ltr'>τίνας</span> <span class='ocrx_word' id='word_1_319' title='bbox 1152 2287 1183 2318; x_wconf 91' lang='grc' dir='ltr'>Α</span> <span class='ocrx_word' id='word_1_320' title='bbox 1325 2299 1361 2319; x_wconf 85' lang='lat'>21</span> <span class='ocrx_word' id='word_1_321' title='bbox 1390 2290 1480 2321; x_wconf 80' lang='grc' dir='ltr'>ταῦτ’</span> 
     </span>
     <span class='ocr_line' id='line_1_37' title="bbox 154 2328 1476 2373; baseline 0.002 -15"><span class='ocrx_word' id='word_1_322' title='bbox 154 2328 178 2358; x_wconf 82' lang='lat' dir='ltr'>S</span> <span class='ocrx_word' id='word_1_323' title='bbox 194 2329 218 2358; x_wconf 87' lang='lat' dir='ltr'>L</span> <span class='ocrx_word' id='word_1_324' title='bbox 234 2329 257 2359; x_wconf 79' lang='lat' dir='ltr'>F</span> <span class='ocrx_word' id='word_1_325' title='bbox 272 2329 296 2359; x_wconf 83' lang='lat' dir='ltr'>B</span> <span class='ocrx_word' id='word_1_326' title='bbox 312 2329 342 2368; x_wconf 83' lang='lat' dir='ltr'>Q</span> <span class='ocrx_word' id='word_1_327' title='bbox 360 2342 366 2361; x_wconf 73' lang='lat' dir='ltr'>x</span> <span class='ocrx_word' id='word_1_328' title='bbox 390 2331 511 2363; x_wconf 75' lang='grc' dir='ltr'>τοιαῦτ’</span> <span class='ocrx_word' id='word_1_329' title='bbox 530 2331 561 2361; x_wconf 85' lang='grc' dir='ltr'>Α</span> <span class='ocrx_word' id='word_1_330' title='bbox 734 2342 773 2370; x_wconf 85' lang='grc'>27</span> <span class='ocrx_word' id='word_1_331' title='bbox 798 2331 909 2372; x_wconf 81' lang='grc' dir='ltr'>πόθεν]</span> <span class='ocrx_word' id='word_1_332' title='bbox 929 2331 1025 2364; x_wconf 83' lang='grc' dir='ltr'>πόθεν</span> <span class='ocrx_word' id='word_1_333' title='bbox 1043 2331 1180 2368; x_wconf 82' lang='grc' dir='ltr'>λαβόντι</span> <span class='ocrx_word' id='word_1_334' title='bbox 1201 2331 1224 2362; x_wconf 77' lang='lat' dir='ltr'>S</span> <span class='ocrx_word' id='word_1_335' title='bbox 1243 2342 1326 2362; x_wconf 66' lang='lat' dir='ltr'>corr.</span> <span class='ocrx_word' id='word_1_336' title='bbox 1349 2333 1372 2362; x_wconf 89' lang='lat' dir='ltr'>L</span> <span class='ocrx_word' id='word_1_337' title='bbox 1387 2332 1411 2362; x_wconf 83' lang='lat' dir='ltr'>F</span> <span class='ocrx_word' id='word_1_338' title='bbox 1426 2345 1476 2373; x_wconf 73' lang='grc' dir='ltr'>γρ.</span> 
     </span>
    </p>
   </div>
   <div class='ocr_carea' id='block_1_8' title="bbox 153 2370 1355 2463">
    <p class='ocr_par' dir='ltr' id='par_1_10' title="bbox 153 2370 1355 2463">
     <span class='ocr_line' id='line_1_38' title="bbox 153 2370 415 2412; baseline 0.011 -3"><span class='ocrx_word' id='word_1_339' title='bbox 153 2370 184 2409; x_wconf 84' lang='lat' dir='ltr'><strong>Q</strong></span> <span class='ocrx_word' id='word_1_340' title='bbox 200 2384 264 2412; x_wconf 64' lang='lat' dir='ltr'>W,</span> <span class='ocrx_word' id='word_1_341' title='bbox 284 2373 323 2404; x_wconf 77' lang='lat' dir='ltr'>cf,</span> <span class='ocrx_word' id='word_1_342' title='bbox 345 2377 358 2410; x_wconf 67' lang='grc' dir='ltr'>ξ</span> <span class='ocrx_word' id='word_1_343' title='bbox 378 2383 415 2412; x_wconf 87' lang='lat'>51</span> 
     </span>
     <span class='ocr_line' id='line_1_39' title="bbox 198 2430 1355 2463; baseline 0.005 -7"><span class='ocrx_word' id='word_1_344' title='bbox 198 2436 380 2463; x_wconf 68' lang='grc' dir='ltr'>ῡεΜοςτΗ,,</span> <span class='ocrx_word' id='word_1_345' title='bbox 401 2438 467 2458; x_wconf 75' lang='lat' dir='ltr'>voL</span> <span class='ocrx_word' id='word_1_346' title='bbox 499 2439 516 2459; x_wconf 83' lang='lat'>1.</span> <span class='ocrx_word' id='word_1_347' title='bbox 1318 2430 1355 2462; x_wconf 85' lang='grc'>17</span> 
     </span>
    </p>
   </div>
   <div class='ocr_carea' id='block_1_9' title="bbox 1525 152 1642 207">
    <p class='ocr_par' dir='ltr' id='par_1_11' title="bbox 1525 152 1642 207">
     <span class='ocr_line' id='line_1_40' title="bbox 1525 152 1642 207; baseline 0.017 -16"><span class='ocrx_word' id='word_1_348' title='bbox 1525 152 1642 207; x_wconf 80' lang='lat'>[268]</span> 
     </span>
    </p>
   </div>
   <div class='ocr_carea' id='block_1_10' title="bbox 1526 386 1645 441">
    <p class='ocr_par' dir='ltr' id='par_1_12' title="bbox 1526 386 1645 441">
     <span class='ocr_line' id='line_1_41' title="bbox 1526 386 1645 441; baseline 0 -2"><span class='ocrx_word' id='word_1_349' title='bbox 1526 386 1645 441; x_wconf 82' lang='lat'>[269]</span> 
     </span>
    </p>
   </div>
   <div class='ocr_carea' id='block_1_11' title="bbox 1531 534 1592 570">
    <p class='ocr_par' dir='ltr' id='par_1_13' title="bbox 1531 534 1592 570">
     <span class='ocr_line' id='line_1_42' title="bbox 1531 534 1592 570; baseline -0.016 -10"><span class='ocrx_word' id='word_1_350' title='bbox 1531 534 1592 570; x_wconf 85' lang='lat'>125</span> 
     </span>
    </p>
   </div>
   <div class='ocr_carea' id='block_1_12' title="bbox 1529 990 1594 1023">
    <p class='ocr_par' dir='ltr' id='par_1_14' title="bbox 1529 990 1594 1023">
     <span class='ocr_line' id='line_1_43' title="bbox 1529 990 1594 1023; baseline 0 0"><span class='ocrx_word' id='word_1_351' title='bbox 1529 990 1594 1023; x_wconf 87' lang='lat'>126</span> 
     </span>
    </p>
   </div>
   <div class='ocr_carea' id='block_1_13' title="bbox 1528 1396 1591 1431">
    <p class='ocr_par' dir='ltr' id='par_1_15' title="bbox 1528 1396 1591 1431">
     <span class='ocr_line' id='line_1_44' title="bbox 1528 1396 1591 1431; baseline 0 -10"><span class='ocrx_word' id='word_1_352' title='bbox 1528 1396 1591 1431; x_wconf 89' lang='lat'>127</span> 
     </span>
    </p>
   </div>
   <div class='ocr_carea' id='block_1_14' title="bbox 1523 1853 1587 1887">
    <p class='ocr_par' dir='ltr' id='par_1_16' title="bbox 1523 1853 1587 1887">
     <span class='ocr_line' id='line_1_45' title="bbox 1523 1853 1587 1887; baseline 0.031 -2"><span class='ocrx_word' id='word_1_353' title='bbox 1523 1853 1587 1887; x_wconf 83' lang='lat'>128</span> 
     </span>
    </p>
   </div>
  </div>
 </body>
</html>
