1731 2844
167 123 226 178 x1]
451 127 607 165 ΠΡΟΣ
653 127 781 164 ΤΗΝ
832 125 1203 163 ΕΠΙΣΤΟΛΗΝ
1513 129 1619 180 [156]

167 230 283 281 ἧττον
307 229 377 280 τὴν
402 227 593 281 ἡμετέραν
618 227 801 281 εὐτυχίαν
823 224 847 278 ἢ
873 226 944 277 τὴν
969 227 1130 268 ἐκείνου.
1202 227 1306 279 παρά
1334 244 1376 268 τε
1407 230 1482 280 γὰρ
1517 238 1556 271 16

166 300 243 337 τῶν
267 297 473 348 προγόνων
499 297 540 336 ἐκ
565 296 748 337 πλείονος
770 294 916 347 χρόνου
935 292 1238 347 παρειλήφαμεν
1263 293 1333 343 τὴν
1359 293 1482 334 εὐδαι-

165 364 305 415 μονίαν
341 363 385 403 οὗ
420 363 557 403 τούτου
590 362 724 413 μόνον,
758 361 864 401 ἀλλὰ
896 360 1106 401 συνελόντι
1138 359 1292 413 φράσαι
1325 358 1483 400 πάντων

165 434 244 470 τῶν
269 431 310 470 ἐν
337 430 563 482 Μακεδονίᾳ
586 426 932 479 βασιλευσάντων·
971 427 1141 467 κάκεῖνοι
1162 428 1235 478 μὲν
1261 425 1484 476 Ἀθηναίοις

127 516 144 548 5
167 497 312 548 φόρους
334 495 516 547 ἤνεγκαν,
537 495 559 545 ἡ
579 494 613 534 δ’
633 493 801 546 ἡμετέρα
826 493 943 534 πόλις
961 493 1094 533 οὐδενί
1109 510 1167 533 πω
1188 496 1265 532 τῶν
1285 492 1481 533 ἁπάντων.

166 563 223 603 ἔτι
247 564 289 602 δὲ
312 561 488 615 τοσούτῳ
513 561 673 602 πλείους
697 561 880 612 ἀφορμὰς
904 559 1021 600 αὐτοῦ
1049 558 1146 611 πρὸς
1173 558 1245 609 τὴν
1273 562 1351 599 τῶν
1383 561 1483 599 θεῶν

165 629 318 668 εὔνοιαν
338 628 492 680 ἔχομεν,
513 628 596 681 ὅσῳ
617 629 869 677 διατελοῦμεν
889 625 1159 678 εὐσεβέστερα
1178 626 1240 665 καὶ
1265 626 1484 677 δικαιότερα

164 693 413 745 πράττοντες.
468 693 508 733 τί
519 692 606 734 ποτ’
620 693 688 733 οὖν
703 694 851 734 ἐκεῖνος
867 693 909 732 ἐν
924 696 976 746 τῷ
994 691 1168 746 προτέρῳ
1184 691 1344 746 πολέμῳ
1358 693 1481 732 πλείω
1516 706 1556 740 17

165 760 423 811 κατώρθωσεν
463 759 590 810 ἡμῶν;
641 760 713 805 ὅτι,
754 757 784 799 ὦ
821 758 958 811 ἄνδρες
998 758 1212 809 Ἀθηναῖοι,
1249 758 1480 810 (παρρησιά-

106 845 144 866 10
164 842 284 877 σομαι
308 828 383 878 γὰρ
407 825 504 878 πρὸς
527 823 640 877 ὑμᾶς)
662 827 683 865 ὁ
714 828 788 877 μὲν
817 825 933 867 αὐτὸς
963 825 1218 878 στρατεύεται
1251 825 1313 865 καὶ
1345 830 1480 865 ταλαι-

163 895 288 945 πωρεῖ
318 892 380 932 καὶ
404 896 485 934 τοῖς
511 892 701 933 κινδύνοις
726 891 930 944 πάρεστιν,
957 892 1045 932 οὔτε
1071 891 1202 944 καιρὸν
1228 892 1377 943 παριεὶς
1401 891 1482 932 οὔθ’

164 959 269 1011 ὤραν
301 958 409 1000 ἔτους
440 959 697 1011 παραλείπων
727 958 923 1009 οὐδεμίαν,
958 958 1069 1009 ἡμεῖς
1100 960 1142 998 δὲ
1165 957 1377 1010 (εἰρήσεται
1407 960 1481 1010 γὰρ

163 1022 330 1076 τάληθῆ)
361 1025 475 1065 οὐδὲν
509 1029 712 1067 ποιοῦντες
749 1024 886 1065 ἐνθάδε
922 1023 1133 1075 καθήμεθα,
1170 1024 1387 1075 μέλλοντες
1422 1024 1481 1065 ἀεὶ

165 1091 226 1132 καὶ
256 1092 524 1144 ψηφιζόμενοι
560 1092 621 1132 καὶ
654 1092 939 1142 πυνθανόμενοι
969 1092 1065 1131 κατὰ
1096 1090 1167 1141 τὴν
1199 1092 1347 1143 ἀγορὰν
1379 1092 1417 1131 εἴ
1445 1107 1482 1130 τι

105 1174 141 1207 15
163 1157 323 1211 λέγεται
341 1158 543 1210 νεώτερον.
603 1158 727 1198 καίτοι
745 1159 787 1198 τί
807 1157 950 1210 γένοιτ’
970 1157 1018 1198 ἂν
1036 1158 1225 1209 νεώτερον
1244 1154 1267 1207 ἢ
1288 1158 1481 1197 Μακεδὼν
1511 1155 1612 1211 [157]

164 1224 260 1276 ἀνὴρ
286 1228 543 1277 καταφρονῶν
562 1223 782 1274 Ἀθηναίων
808 1225 870 1264 καὶ
895 1227 1053 1274 τολμῶν
1079 1225 1294 1266 ἐπιστολὰς
1314 1223 1480 1274 πέμπειν

163 1291 343 1333 τοιαύτας
368 1292 452 1332 οἵας
476 1290 671 1341 ἠκούσατε
694 1294 818 1345 μικρῷ
843 1291 1053 1342 πρότερον,·
1093 1290 1155 1330 καὶ
1184 1294 1236 1345 τῷ
1265 1291 1337 1341 μὲν
1361 1288 1481 1342 ὑπάρ-
1514 1295 1554 1329 18

162 1373 283 1410 χουσι
304 1358 547 1409 μισθοφόροι
572 1360 820 1408 στρατιῶται,
849 1357 910 1397 καὶ
937 1356 983 1407 νὴ
1004 1358 1084 1397 Δία
1108 1356 1204 1408 πρὸς
1228 1356 1379 1398 τούτοις
1402 1360 1481 1397 τῶν

162 1423 251 1475 παρ’
276 1424 367 1474 ἡμῖν
390 1424 566 1476 ῥητόρων
589 1423 705 1469 τινές,
732 1423 768 1464 οἳ
792 1425 861 1465 τὰς
885 1422 975 1475 παρ’
1002 1424 1150 1464 ἐκείνου
1175 1424 1322 1475 δωρεὰς
1350 1424 1481 1463 οἴκαδε

103 1507 142 1528 20
161 1489 386 1541 λαμβάνειν
426 1490 648 1541 νομίζοντες
689 1489 757 1529 οὐκ
799 1490 1058 1542 αἰσχύνονται
1098 1490 1286 1543 Φιλίππῳ
1328 1489 1478 1539 ζῶντες,

162 1556 239 1596 οὐδ’
271 1555 527 1597 αἰσθάνονται
560 1555 688 1596 πάντα
721 1557 782 1596 καὶ
815 1558 863 1596 τὰ
896 1558 964 1606 τῆς
997 1557 1151 1598 πόλεως
1184 1557 1247 1596 καὶ
1279 1557 1328 1595 τὰ
1363 1559 1481 1607 σφῶν

161 1623 288 1663 αὐτῶν
325 1626 465 1675 μικροῦ
503 1622 707 1674 λήμματος
747 1626 983 1665 πωλοῦντες.
1053 1623 1163 1673 ἡμεῖς
1204 1622 1237 1662 δ’
1275 1623 1363 1663 οὔτε
1403 1625 1481 1663 τῶν

163 1690 311 1729 ἐκείνου
334 1688 575 1742 πραγμάτων
607 1689 720 1730 οὐδὲν
747 1688 978 1739 στασιάζειν
1008 1687 1366 1742 παρασκευάζομεν,
1393 1689 1481 1729 οὔτε

160 1754 416 1808 ξενοτροφεῖν
433 1755 635 1807 ἐθέλομεν,
650 1756 738 1797 οὕτε
759 1756 1045 1808 στρατεύεσθαι
1062 1759 1282 1807 τολμῶμεν.
1342 1756 1481 1795 οὔκουν
1514 1765 1555 1800 19

102 1839 139 1869 25
162 1822 273 1862 ἐστὶν
304 1822 416 1862 οὐδὲν
449 1823 590 1868 δεινόν,
625 1824 661 1863 εἴ
694 1839 732 1863 τι
763 1821 1101 1873 πεπλεονέκτηκεν
1135 1822 1246 1873 ἡμῶν
1280 1823 1376 1862 κατὰ
1410 1821 1480 1862 τὸν

161 1888 352 1939 πρότερον
383 1889 570 1939 πόλεμον,
598 1889 704 1929 ἀλλὰ
734 1891 890 1940 μᾶλλον
923 1890 957 1930 εἶ
988 1891 1109 1940 μηδὲν
1138 1892 1339 1930 ποιοῦντες
1369 1888 1481 1939 ἡμεῖς

160 1954 215 1994 ὧν
251 1953 442 2006 προσήκει
476 1954 566 1996 τοὺς
601 1959 882 2006 πολεμοῦντας,
921 1956 1129 2007 νομίζομεν
1167 1953 1377 2006 κρατήσειν
1412 1957 1481 1993 τοῦ

160 2019 290 2060 πάντα
314 2020 566 2072 πράττοντος·
602 2020 628 2061 ἃ
651 2024 712 2062 δεῖ
733 2022 822 2064 τοὺς
847 2021 1156 2072 πλεονεκτήσειν
1178 2020 1412 2072 μέλλοντας.
1447 2018 1449 2021 ⁴

203 2139 222 2159 2
248 2130 445 2169 εὐδαιμονίαν
464 2130 486 2160 S
498 2129 529 2159 A
544 2140 549 2159 τ
576 2130 750 2171 ἡγεμονίαν
765 2130 856 2171 vulg.
1010 2140 1030 2169 5
1055 2131 1224 2171 ἀνθρώπων
1240 2134 1315 2169 post
1332 2128 1479 2160 ἁπάντων

160 2174 235 2204 add.
250 2173 336 2212 vulg.
353 2184 360 2203 :
383 2183 446 2205 om.
463 2173 529 2204 SA
615 2175 636 2202 6
660 2175 743 2215 παρὰ
758 2179 837 2205 ante
853 2177 920 2206 τῶν
935 2175 1009 2205 add.
1026 2173 1099 2203 AY
1115 2186 1164 2215 γρ.
1181 2173 1211 2203 O
1230 2183 1331 2211 marg.
1349 2177 1381 2202 et
1399 2172 1419 2201 ii
1437 2181 1479 2201 22

160 2226 245 2255 9-14
263 2217 304 2248 cf.
318 2217 349 2246 iv
362 2226 403 2255 23
495 2226 534 2254 13
549 2217 674 2255 τάληθῆ
689 2217 867 2249 SVind.1:
884 2217 1024 2256 τάληθὲς
1037 2216 1125 2255 vulg.
1215 2217 1319 2254 15-16
1336 2215 1374 2245 cs.
1391 2215 1423 2244 iv
1440 2225 1480 2245 10

164 2269 203 2297 19
226 2260 300 2299 ἡμῖν
315 2259 345 2289 Α
360 2272 367 2290 :
392 2260 482 2299 ἡμῶν
498 2259 522 2290 S
536 2259 601 2289 FY
614 2259 645 2290 O
764 2262 884 2293 ἐκείνου
900 2261 988 2299 vulg.
1007 2265 1040 2290 et
1058 2260 1102 2289 vii
1120 2269 1175 2296 17:
1202 2259 1329 2290 ἐκείνων
1347 2257 1370 2288 S
1386 2257 1479 2288 Solus

162 2312 204 2332 20
220 2302 398 2342 λαμβάνειν
412 2302 593 2342 νομίζοντες
607 2302 630 2332 S
643 2302 693 2333 A:
711 2304 934 2341 λαμβάνοντες
951 2303 1039 2341 vulg.
1055 2308 1088 2333 et
1100 2302 1143 2332 vii
1159 2311 1194 2339 17
1270 2301 1478 2342 αἷσχύνυνται

188 2368 195 2375 .
217 2370 222 2375 .
242 2346 305 2377 οὐδ’
324 2346 402 2376 secl.
424 2346 533 2376 Cobet
654 2356 691 2375 21
719 2348 770 2378 καὶ
787 2347 844 2387 τὰ]
863 2348 944 2379 κατὰ
963 2346 986 2376 S
1075 2346 1116 2377 τὰ
1134 2343 1240 2385 σφῶν]
1258 2345 1313 2376 τὰς
1332 2345 1435 2385 φωνὰς
1453 2344 1478 2374 S

161 2397 201 2425 24
227 2389 314 2419 αὐτοὶ
331 2394 408 2418 ante
426 2388 654 2429 στρατεύεσθαι
670 2389 745 2419 add.
758 2389 847 2428 vulg.
865 2395 898 2419 et
913 2390 969 2419 viii
988 2399 1026 2419 21
1041 2399 1048 2420 :
1068 2399 1131 2419 om.
1146 2388 1169 2417 S
1181 2387 1222 2416 Α1
1312 2388 1418 2425 24-28
1435 2387 1473 2418 cs.

162 2430 182 2460 ii
200 2440 240 2468 23
257 2432 298 2460 ad
317 2431 372 2460 fin.
508 2440 548 2468 25
572 2433 674 2464 δεινὸν
691 2432 714 2462 S
727 2432 756 2462 Α
771 2432 797 2462 Β
811 2433 836 2462 F
850 2445 900 2473 γρ.
917 2443 923 2462 t
950 2432 1130 2471 θαυμαστὸν
1148 2430 1252 2469 vulg„
1270 2430 1308 2460 cs.
1327 2431 1347 2459 ii
1366 2440 1405 2468 23
