1763 2828
115 124 225 176 1274]
686 124 1175 162 ΔΗΜΟΣΘΕΝΟΎΣ
1470 121 1590 175 [xvm

257 230 434 268 τοιοῦτον
459 226 479 267 ὃ
504 229 602 268 πᾶσι
628 231 709 269 τοῖς
735 226 940 279 προτέροις
966 226 1131 277 ἐπέθηκε
1156 226 1282 269 τέλος·
1320 228 1409 279 περὶ
1434 228 1478 268 οὗ
1502 228 1593 271 τοὺς

258 294 433 336 πολλοὺς
458 293 644 344 ἀνήλωσε
671 295 828 346 λόγους,
850 295 897 333 τὰ
921 298 999 335 τῶν
1019 293 1284 347 Ἀμφισσέων
1303 291 1396 345 [τῶν
1416 293 1593 348 Λοκρῶν]

258 359 411 410 διεξιὼν
437 362 626 414 δόγματα,
655 362 705 403 ὡς
731 361 988 414 διαστρέψων
1014 361 1194 412 τάληθές.
1266 361 1311 401 τὸ
1336 361 1369 401 δ’
1397 361 1442 402 οὐ
1465 366 1590 403 τοιοῦ-

257 429 326 469 τόν
360 430 460 469 ἐστι·
510 429 650 475 πόθεν;
701 428 879 469 οὐδέποτ’
915 430 1071 481 ἐκνίψει
1105 429 1154 470 σὺ
1187 429 1300 470 τάκεῖ
1334 429 1594 482 πεπραγμένα

259 499 404 550 σαυτῷ·
442 495 514 549 οὐχ
541 497 639 536 οὕτω
666 496 785 536 πόλλ’
810 498 922 548 ἐρεῖς.
1614 515 1631 545 5

162 580 223 613 141
328 566 447 603 Καλῶ
485 562 518 602 δ’
556 564 735 603 ἐναντίον
772 564 889 614 ὑμῶν,
929 563 1066 615 ἄνδρες
1099 563 1315 613 Ἀθηναῖοι,
1354 563 1445 606 τοὺς
1481 563 1594 606 θεοὺς

259 629 409 672 πάντας
436 630 496 670 καὶ
522 629 654 672 πάσας
680 631 769 670 ὅσοι
793 630 865 680 τὴν
890 631 1024 683 χώραν
1050 631 1191 684 ἔχουσι
1214 630 1286 681 τὴν
1306 629 1502 681 Ἀττικήν,
1532 631 1594 672 καὶ

257 696 324 737 τὸν
354 697 542 737 Ἀπόλλω
576 697 645 737 τὸν
682 697 845 743 Πύθιον,
882 696 924 739 ὃς
957 698 1134 753 πατρῷός
1167 699 1254 738 ἐστι
1286 704 1334 755 τῇ
1367 698 1497 745 πόλει,
1531 698 1594 739 καὶ

257 763 475 816 ἐπεύχομαι
508 766 608 804 πᾶσι
641 764 806 810 τούτοις,
839 766 872 805 εἰ
908 767 979 815 μὲν
1014 765 1142 815 ἀληθῆ
1180 764 1276 816 πρὸς
1312 766 1411 816 ὑμᾶς
1445 766 1594 817 εἴποιμι

114 832 224 887 [275]
258 831 320 871 καὶ
357 830 469 871 εἷπον
507 832 569 871 καὶ
605 830 684 870 τότ’
719 830 829 872 εὐθὺς
865 832 908 871 ἐν
944 835 996 885 τῷ
1034 830 1154 885 δήμῳ,
1195 833 1259 872 ὅτε
1295 836 1451 884 πρῶτον
1488 832 1593 874 εἶδον
1617 848 1656 870 10

256 898 411 938 τουτονὶ
436 896 505 938 τὸν
529 897 670 949 μιαρὸν
695 898 833 938 τούτου
859 901 927 938 τοῦ
952 897 1178 950 πράγματος
1205 899 1426 950 ἁπτόμενον
1449 897 1593 952 (ἔγνων

258 963 344 1016 γάρ,
367 963 510 1006 εὐθέως
534 961 685 1017 ἔγνων),
710 964 893 1018 εὐτυχίαν
917 982 983 1015 μοι
1009 968 1144 1005 δοῦναι
1169 966 1232 1006 καὶ
1258 967 1469 1018 σωτηρίαν,
1492 967 1526 1007 εἷ
1552 968 1593 1007 δὲ

257 1030 353 1083 πρὸς
383 1030 529 1084 ἔχθραν
558 1028 581 1081 ἦ
613 1033 837 1083 φιλονικίας
872 1032 971 1074 ἰδίας
1005 1032 1103 1072 ἕνεκ’
1138 1033 1267 1073 αἰτίαν
1301 1031 1435 1085 ἐπάγω
1468 1033 1592 1088 τούτῳ

257 1101 398 1149 ψευδῆ,
426 1097 585 1139 πάντων
610 1102 687 1139 τῶν
713 1099 871 1151 ἀγαθῶν
898 1099 1087 1149 ἀνόνητόν
1112 1116 1160 1149 με
1186 1102 1362 1150 ποιῆσαι.

162 1181 226 1215 142
323 1166 377 1205 Τί
403 1166 470 1206 οὖν
496 1165 598 1206 ταῦτ’
625 1165 821 1218 ἐπήραμαι
852 1167 913 1207 καὶ
943 1165 1189 1217 διετεινάμην
1215 1167 1360 1208 οὑτωσὶ
1386 1169 1590 1219 σφοδρῶς-ς
1617 1181 1652 1213 ¹5

257 1232 317 1273 ὅτι
344 1232 404 1273 καὶ
432 1232 625 1284 γράμματ’
653 1233 758 1286 ἔχων
784 1234 826 1274 ἐν
851 1237 903 1288 τῷ
934 1234 1111 1288 δημοσίῳ
1144 1234 1311 1285 κείμενα,
1341 1232 1387 1284 ἐξ
1408 1235 1462 1275 ῶν
1487 1233 1592 1274 ταῦτ’

258 1297 439 1349 ἐπιδείξω
470 1304 623 1351 σαφῶς,
653 1300 715 1340 καὶ
745 1302 842 1351 ὑμᾶς
873 1302 983 1343 εἰδὼς
1013 1302 1061 1340 τὰ
1091 1300 1347 1353 πεπραγμένα
1371 1301 1589 1352 μνημονεύ-

257 1383 385 1413 οντας,
417 1367 543 1408 ἐκεῖνο
574 1370 790 1419 φοβοῦμαι,
823 1367 876 1418 μὴ
910 1372 985 1408 τῶν
1021 1367 1293 1419 εἰργασμένων
1327 1368 1428 1422 αὐτῷ
1465 1371 1592 1409 κακῶν

257 1433 369 1475 οὗτος
398 1433 573 1474 ἐλάττων
602 1435 830 1491 ὑποληφθῇ·
868 1435 963 1486 ὅπερ
996 1435 1186 1485 πρότερον
1212 1433 1378 1485 συνέβη,
1407 1436 1471 1475 ὅτε
1499 1434 1590 1476 τοὺς

256 1500 529 1553 ταλαιπώρους
570 1500 732 1542 Φωκέας
775 1500 929 1550 ἐποίησ’
970 1500 1195 1541 ἀπολέσθαι
1233 1503 1281 1540 τὰ
1319 1503 1447 1552 ψευδῆ
1487 1500 1589 1552 δεῦρ’
1612 1515 1651 1537 20

161 1579 225 1614 143
257 1567 516 1619 ἀπαγγείλας.
588 1567 656 1608 τὸν
699 1569 773 1619 γὰρ
815 1569 858 1607 ἐν
896 1567 1109 1623 Ἀμφίσσῃ
1148 1569 1337 1618 πόλεμον,
1375 1567 1422 1608 δι’
1456 1567 1500 1608 ὃν
1534 1569 1589 1610 εἰς

257 1633 469 1675 Ἐλάτειαν
503 1633 598 1684 ἦλθε
626 1636 829 1676 Φίλιππος
856 1635 917 1674 καὶ
948 1633 995 1674 δι’
1021 1633 1065 1674 ὃν
1094 1633 1210 1691 ᾑρέθη
1242 1639 1320 1675 τῶν
1346 1634 1586 1687 Ἀμφικτυό-

257 1717 334 1741 νων
363 1701 532 1753 ἡγεμών,
565 1700 606 1742 ὃς
638 1700 778 1741 ἅπαντ’
809 1700 1006 1754 ἀνέτρεψε
1037 1703 1085 1741 τὰ
1115 1705 1192 1742 τῶν
1222 1700 1443 1752 Ἑλλήνων,
1476 1702 1589 1744 οὗτός

257 1768 368 1808 ἐστιν
402 1768 422 1807 ὁ
456 1767 837 1820 συγκατασκευάσας
876 1768 938 1808 καὶ
973 1768 1130 1808 πάντων
1165 1769 1219 1810 εἷς
1256 1768 1353 1821 ἀνὴρ
1385 1769 1588 1821 μεγίστων

256 1836 378 1876 αἴτιος
416 1839 556 1876 κακῶν.
624 1836 686 1875 καὶ
728 1834 807 1875 τότ’
847 1835 959 1877 εὐθὺς
996 1837 1090 1886 ἐμοῦ
1129 1834 1488 1887 διαμαρτυρομένου
1527 1836 1588 1876 καὶ
1611 1849 1648 1880 25

255 1905 432 1952 βοῶντος
467 1903 510 1942 ἐν
539 1907 586 1959 τῇ
623 1903 817 1956 ἐκκλησίᾳ
853 1903 1057 1953 “πο’λεμον
1095 1903 1149 1944 εἷς
1185 1901 1256 1952 τὴν
1286 1901 1471 1952 Ἀττικὴν
1502 1903 1585 1943 εἷσ-

256 1967 376 2020 άγεις,
408 1970 594 2023 Αἰσχίνη,
628 1969 804 2020 πόλεμον
830 1968 1188 2021 Ἀμφικτυονικόν,’
1220 1971 1255 2009 οἱ
1285 1971 1357 2019 μὲν
1389 1971 1431 2009 ἐκ
1461 1986 1584 2022 παρα-

257 2034 436 2086 κλήσεως
462 2035 754 2088 συγκαθήμενοι
784 2036 851 2075 οὐκ
883 2038 972 2076 εἴων
996 2053 1044 2087 με
1074 2035 1221 2088 λέγειν,
1250 2037 1286 2076 οἱ
1312 2035 1344 2076 δ’
1370 2037 1587 2087 ἐθαύμαζον

257 2103 318 2142 καὶ
349 2103 464 2153 κενὴν
493 2104 622 2144 αἰτίαν
651 2105 715 2144 διὰ
745 2103 815 2153 τὴν
845 2103 944 2143 ἰδίαν
975 2104 1122 2156 ἔχθραν
1154 2102 1317 2155 ἐπάγειν
1345 2102 1384 2153 μ’
1409 2102 1585 2153 ὑπελάμ-

300 2222 318 2241 2
351 2216 416 2245 τῶν
438 2216 566 2255 Λοκρῶν
595 2223 660 2244 om.
687 2212 736 2243 Y:
775 2212 853 2243 secl.
878 2212 1125 2243 Wunderlich:
1158 2215 1224 2244 τῶν
1251 2216 1329 2242 ante
1352 2215 1480 2249 Λοκρῶν
1508 2212 1586 2243 secl.

256 2255 355 2286 Wolf
516 2258 536 2287 6
560 2257 582 2288 ὦ
599 2262 677 2287 ante
696 2257 803 2296 ἄνδρες
821 2256 895 2286 add.
918 2256 944 2286 L
961 2256 1050 2295 vulg.
1067 2267 1072 2285 ε
1099 2267 1162 2286 om.
1185 2255 1209 2286 S
1377 2266 1416 2286 10
1440 2257 1490 2288 καὶ
1508 2261 1587 2288 ante

255 2299 324 2331 τότ’
343 2311 407 2331 om.
427 2300 518 2339 vulg.
536 2311 543 2330 2
567 2301 643 2331 add.
663 2300 686 2330 S
702 2300 728 2330 L
742 2299 776 2330 F¹
793 2299 822 2338 Q
972 2302 1008 2329 16
1032 2301 1082 2332 καὶ
1100 2310 1163 2330 om.
1184 2299 1207 2329 S
1222 2298 1261 2329 Ll
1408 2309 1444 2338 17
1468 2313 1587 2339 μνημο-

255 2343 428 2376 νεύσοντας
448 2345 471 2374 ὃ
486 2344 515 2382 Q
654 2354 692 2382 19
717 2345 884 2385 ὑποληφθῇ
902 2343 993 2375 οὗτος
1012 2343 1161 2375 ἐλάττων
1179 2343 1202 2374 S
1218 2343 1244 2373 L
1262 2343 1324 2373 Soli
1458 2352 1497 2381 24
1522 2346 1587 2374 τῶν

255 2391 334 2416 ante
358 2387 524 2428 μεγίστων
547 2387 623 2418 add.
650 2387 759 2425 vulg.:
793 2396 855 2416 om.
884 2387 906 2416 S
923 2387 947 2416 L
963 2386 987 2416 F
1003 2387 1028 2416 Β
1043 2386 1073 2424 Q
1240 2387 1282 2416 26
1313 2385 1469 2427 εἰσάγεις]
1497 2387 1587 2427 ἄγεις

257 2428 369 2468 FQO
