<?xml version="1.0" encoding="UTF-8"?>
<!DOCTYPE html PUBLIC "-//W3C//DTD XHTML 1.0 Transitional//EN"
    "http://www.w3.org/TR/xhtml1/DTD/xhtml1-transitional.dtd">
<html xmlns="http://www.w3.org/1999/xhtml" xml:lang="en" lang="en">
 <head>
  <title>
</title>
<meta http-equiv="Content-Type" content="text/html;charset=utf-8" />
  <meta name='ocr-system' content='tesseract 3.04.00' />
  <meta name='ocr-capabilities' content='ocr_page ocr_carea ocr_par ocr_line ocrx_word'/>
</head>
<body>
  <div class='ocr_page' id='page_1' title='image "./orationesrecogno01demouoft_0298.png"; bbox 0 0 1763 2828; ppageno 0'>
   <div class='ocr_carea' id='block_1_1' title="bbox 65 135 184 187">
    <p class='ocr_par' dir='ltr' id='par_1_1' title="bbox 65 135 184 187">
     <span class='ocr_line' id='line_1_1' title="bbox 65 135 184 187; baseline 0 -15"><span class='ocrx_word' id='word_1_1' title='bbox 65 135 184 187; x_wconf 66' lang='lat'>[300]</span> 
     </span>
    </p>
   </div>
   <div class='ocr_carea' id='block_1_2' title="bbox 118 245 187 278">
    <p class='ocr_par' dir='ltr' id='par_1_2' title="bbox 118 245 187 278">
     <span class='ocr_line' id='line_1_2' title="bbox 118 245 187 278; baseline 0 -1"><span class='ocrx_word' id='word_1_2' title='bbox 118 245 187 278; x_wconf 86' lang='lat'>216</span> 
     </span>
    </p>
   </div>
   <div class='ocr_carea' id='block_1_3' title="bbox 119 849 185 884">
    <p class='ocr_par' dir='ltr' id='par_1_3' title="bbox 119 849 185 884">
     <span class='ocr_line' id='line_1_3' title="bbox 119 849 185 884; baseline 0.015 -11"><span class='ocrx_word' id='word_1_3' title='bbox 119 849 185 884; x_wconf 87' lang='lat'>217</span> 
     </span>
    </p>
   </div>
   <div class='ocr_carea' id='block_1_4' title="bbox 76 1374 183 1428">
    <p class='ocr_par' dir='ltr' id='par_1_4' title="bbox 76 1374 183 1428">
     <span class='ocr_line' id='line_1_4' title="bbox 76 1374 183 1428; baseline 0.009 -2"><span class='ocrx_word' id='word_1_4' title='bbox 76 1374 183 1428; x_wconf 83' lang='lat'><strong>[301]</strong></span> 
     </span>
    </p>
   </div>
   <div class='ocr_carea' id='block_1_5' title="bbox 116 1783 183 1816">
    <p class='ocr_par' dir='ltr' id='par_1_5' title="bbox 116 1783 183 1816">
     <span class='ocr_line' id='line_1_5' title="bbox 116 1783 183 1816; baseline 0.015 -1"><span class='ocrx_word' id='word_1_5' title='bbox 116 1783 183 1816; x_wconf 83' lang='lat'>218</span> 
     </span>
    </p>
   </div>
   <div class='ocr_carea' id='block_1_6' title="bbox 641 129 1545 183">
    <p class='ocr_par' dir='ltr' id='par_1_6' title="bbox 641 129 1545 183">
     <span class='ocr_line' id='line_1_6' title="bbox 641 129 1545 183; baseline 0.001 -12"><span class='ocrx_word' id='word_1_6' title='bbox 641 133 1127 171; x_wconf 72' lang='grc' dir='ltr'>ΔΗΜΟΣΘΕΝΟΎΣ</span> <span class='ocrx_word' id='word_1_7' title='bbox 1426 129 1545 183; x_wconf 81' lang='lat' dir='ltr'>[xvm</span> 
     </span>
    </p>
   </div>
   <div class='ocr_carea' id='block_1_7' title="bbox 215 236 1609 1628">
    <p class='ocr_par' dir='ltr' id='par_1_7' title="bbox 215 236 1609 1628">
     <span class='ocr_line' id='line_1_7' title="bbox 218 236 1547 290; baseline 0.003 -14"><span class='ocrx_word' id='word_1_8' title='bbox 218 236 473 288; x_wconf 86' lang='grc' dir='ltr'>πίστινπερὶ</span> <span class='ocrx_word' id='word_1_9' title='bbox 507 238 614 287; x_wconf 77' lang='grc' dir='ltr'>ὑμῶν</span> <span class='ocrx_word' id='word_1_10' title='bbox 648 236 810 290; x_wconf 72' lang='grc' dir='ltr'>ἔχοντες</span> <span class='ocrx_word' id='word_1_11' title='bbox 843 236 1009 286; x_wconf 79' lang='grc' dir='ltr'>ἔδειξαν.</span> <span class='ocrx_word' id='word_1_12' title='bbox 1079 238 1122 277; x_wconf 91' lang='grc' dir='ltr'>ἐν</span> <span class='ocrx_word' id='word_1_13' title='bbox 1155 237 1212 278; x_wconf 76' lang='grc' dir='ltr'>οῖς</span> <span class='ocrx_word' id='word_1_14' title='bbox 1245 239 1382 284; x_wconf 79' lang='grc' dir='ltr'>πᾶσιν,</span> <span class='ocrx_word' id='word_1_15' title='bbox 1408 237 1547 290; x_wconf 87' lang='grc' dir='ltr'>ἄνδρες</span> 
     </span>
     <span class='ocr_line' id='line_1_8' title="bbox 218 302 1547 356; baseline 0.003 -14"><span class='ocrx_word' id='word_1_16' title='bbox 218 303 434 354; x_wconf 82' lang='grc' dir='ltr'>Ἀθηναῖοι,</span> <span class='ocrx_word' id='word_1_17' title='bbox 464 303 560 343; x_wconf 86' lang='grc' dir='ltr'>κατά</span> <span class='ocrx_word' id='word_1_18' title='bbox 587 303 622 355; x_wconf 85' lang='grc' dir='ltr'>γ’</span> <span class='ocrx_word' id='word_1_19' title='bbox 648 305 747 354; x_wconf 77' lang='grc' dir='ltr'>ὑμᾶς</span> <span class='ocrx_word' id='word_1_20' title='bbox 771 304 895 355; x_wconf 81' lang='grc' dir='ltr'>ὀρθῶς</span> <span class='ocrx_word' id='word_1_21' title='bbox 920 302 1131 355; x_wconf 78' lang='grc' dir='ltr'>ἐφάνησαν</span> <span class='ocrx_word' id='word_1_22' title='bbox 1157 305 1387 356; x_wconf 88' lang='grc' dir='ltr'>ἐγνωκότες.</span> <span class='ocrx_word' id='word_1_23' title='bbox 1458 306 1547 346; x_wconf 81' lang='grc' dir='ltr'>οὔτε</span> 
     </span>
     <span class='ocr_line' id='line_1_9' title="bbox 218 370 1548 424; baseline 0.002 -14"><span class='ocrx_word' id='word_1_24' title='bbox 218 372 293 422; x_wconf 80' lang='grc' dir='ltr'>γὰρ</span> <span class='ocrx_word' id='word_1_25' title='bbox 336 372 390 412; x_wconf 79' lang='grc' dir='ltr'>εἰς</span> <span class='ocrx_word' id='word_1_26' title='bbox 429 370 500 421; x_wconf 75' lang='grc' dir='ltr'>τὴν</span> <span class='ocrx_word' id='word_1_27' title='bbox 539 371 659 411; x_wconf 91' lang='grc' dir='ltr'>πόλιν</span> <span class='ocrx_word' id='word_1_28' title='bbox 702 371 956 412; x_wconf 84' lang='grc' dir='ltr'>εἰσελθόντος</span> <span class='ocrx_word' id='word_1_29' title='bbox 998 374 1067 410; x_wconf 83' lang='grc' dir='ltr'>τοῦ</span> <span class='ocrx_word' id='word_1_30' title='bbox 1109 370 1380 424; x_wconf 86' lang='grc' dir='ltr'>στρατοπέδου</span> <span class='ocrx_word' id='word_1_31' title='bbox 1420 371 1548 415; x_wconf 82' lang='grc' dir='ltr'>οὐδεὶς</span> 
     </span>
     <span class='ocr_line' id='line_1_10' title="bbox 219 437 1545 491; baseline 0.002 -15"><span class='ocrx_word' id='word_1_32' title='bbox 219 438 333 478; x_wconf 84' lang='grc' dir='ltr'>οὐδὲν</span> <span class='ocrx_word' id='word_1_33' title='bbox 359 437 437 477; x_wconf 82' lang='grc' dir='ltr'>οὐδ’</span> <span class='ocrx_word' id='word_1_34' title='bbox 464 438 605 479; x_wconf 84' lang='grc' dir='ltr'>ἀδίκως</span> <span class='ocrx_word' id='word_1_35' title='bbox 637 440 729 488; x_wconf 81' lang='grc' dir='ltr'>ὑμῖν</span> <span class='ocrx_word' id='word_1_36' title='bbox 756 437 1007 478; x_wconf 84' lang='grc' dir='ltr'>ἐνεκάλεσεν·</span> <span class='ocrx_word' id='word_1_37' title='bbox 1045 439 1145 478; x_wconf 83' lang='grc' dir='ltr'>οὕτω</span> <span class='ocrx_word' id='word_1_38' title='bbox 1181 438 1394 491; x_wconf 80' lang='grc' dir='ltr'>σώφρονας</span> <span class='ocrx_word' id='word_1_39' title='bbox 1425 438 1545 491; x_wconf 78' lang='grc' dir='ltr'>παρέ·</span> 
     </span>
     <span class='ocr_line' id='line_1_11' title="bbox 219 503 1586 558; baseline 0.003 -15"><span class='ocrx_word' id='word_1_40' title='bbox 219 503 333 558; x_wconf 84' lang='grc' dir='ltr'>σχεθ’</span> <span class='ocrx_word' id='word_1_41' title='bbox 358 505 456 555; x_wconf 73' lang='grc' dir='ltr'>ὑμᾶς</span> <span class='ocrx_word' id='word_1_42' title='bbox 490 504 643 546; x_wconf 83' lang='grc' dir='ltr'>αὐτούς·</span> <span class='ocrx_word' id='word_1_43' title='bbox 684 506 742 546; x_wconf 84' lang='grc' dir='ltr'>δίς</span> <span class='ocrx_word' id='word_1_44' title='bbox 775 522 817 546; x_wconf 93' lang='grc' dir='ltr'>τε</span> <span class='ocrx_word' id='word_1_45' title='bbox 852 504 1256 557; x_wconf 77' lang='grc' dir='ltr'>συμπαραταξάμενοι</span> <span class='ocrx_word' id='word_1_46' title='bbox 1287 507 1357 547; x_wconf 79' lang='grc' dir='ltr'>τὰς</span> <span class='ocrx_word' id='word_1_47' title='bbox 1390 506 1547 557; x_wconf 84' lang='grc' dir='ltr'>πρώτας</span> <span class='ocrx_word' id='word_1_48' title='bbox 1568 527 1586 558; x_wconf 88' lang='lat'>5</span> 
     </span>
     <span class='ocr_line' id='line_1_12' title="bbox 218 571 1547 625; baseline 0.001 -14"><span class='ocrx_word' id='word_1_49' title='bbox 218 571 361 625; x_wconf 82' lang='grc' dir='ltr'>μάχας,</span> <span class='ocrx_word' id='word_1_50' title='bbox 399 571 469 621; x_wconf 88' lang='grc' dir='ltr'>τήν</span> <span class='ocrx_word' id='word_1_51' title='bbox 507 571 540 611; x_wconf 87' lang='grc' dir='ltr'>τ’</span> <span class='ocrx_word' id='word_1_52' title='bbox 579 572 643 612; x_wconf 85' lang='grc' dir='ltr'>ἐπὶ</span> <span class='ocrx_word' id='word_1_53' title='bbox 680 575 748 611; x_wconf 82' lang='grc' dir='ltr'>τοῦ</span> <span class='ocrx_word' id='word_1_54' title='bbox 783 576 961 623; x_wconf 83' lang='grc' dir='ltr'>ποταμοῦ</span> <span class='ocrx_word' id='word_1_55' title='bbox 998 573 1060 612; x_wconf 90' lang='grc' dir='ltr'>καὶ</span> <span class='ocrx_word' id='word_1_56' title='bbox 1095 572 1167 622; x_wconf 75' lang='grc' dir='ltr'>τὴν</span> <span class='ocrx_word' id='word_1_57' title='bbox 1203 571 1442 625; x_wconf 83' lang='grc' dir='ltr'>χειμερινήν,</span> <span class='ocrx_word' id='word_1_58' title='bbox 1479 572 1547 612; x_wconf 85' lang='grc' dir='ltr'>οὐκ</span> 
     </span>
     <span class='ocr_line' id='line_1_13' title="bbox 219 638 1544 690; baseline 0.002 -13"><span class='ocrx_word' id='word_1_59' title='bbox 219 638 444 689; x_wconf 83' lang='grc' dir='ltr'>ἀμέμπτους</span> <span class='ocrx_word' id='word_1_60' title='bbox 476 639 599 689; x_wconf 87' lang='grc' dir='ltr'>μόνον</span> <span class='ocrx_word' id='word_1_61' title='bbox 628 640 728 689; x_wconf 74' lang='grc' dir='ltr'>ὑμᾶς</span> <span class='ocrx_word' id='word_1_62' title='bbox 757 639 896 681; x_wconf 79' lang='grc' dir='ltr'>αὐτοὺς</span> <span class='ocrx_word' id='word_1_63' title='bbox 928 640 1036 679; x_wconf 83' lang='grc' dir='ltr'>ἀλλὰ</span> <span class='ocrx_word' id='word_1_64' title='bbox 1069 639 1130 679; x_wconf 85' lang='grc' dir='ltr'>καὶ</span> <span class='ocrx_word' id='word_1_65' title='bbox 1164 639 1413 690; x_wconf 87' lang='grc' dir='ltr'>θαυμαστοὺς</span> <span class='ocrx_word' id='word_1_66' title='bbox 1446 640 1544 680; x_wconf 83' lang='grc' dir='ltr'>ἐδεί-</span> 
     </span>
     <span class='ocr_line' id='line_1_14' title="bbox 218 704 1548 762; baseline 0.002 -17"><span class='ocrx_word' id='word_1_67' title='bbox 218 704 311 755; x_wconf 76' lang='grc' dir='ltr'>ξατε</span> <span class='ocrx_word' id='word_1_68' title='bbox 343 709 395 759; x_wconf 81' lang='grc' dir='ltr'>τῷ</span> <span class='ocrx_word' id='word_1_69' title='bbox 431 706 579 760; x_wconf 79' lang='grc' dir='ltr'>κόσμῳ,</span> <span class='ocrx_word' id='word_1_70' title='bbox 614 709 700 746; x_wconf 85' lang='grc' dir='ltr'>ταῖς</span> <span class='ocrx_word' id='word_1_71' title='bbox 733 710 1014 757; x_wconf 82' lang='grc' dir='ltr'>παρασκευαῖς,</span> <span class='ocrx_word' id='word_1_72' title='bbox 1040 707 1086 762; x_wconf 79' lang='grc' dir='ltr'>τῇ</span> <span class='ocrx_word' id='word_1_73' title='bbox 1119 708 1327 760; x_wconf 77' lang='grc' dir='ltr'>προθυμίᾳ.</span> <span class='ocrx_word' id='word_1_74' title='bbox 1400 706 1465 758; x_wconf 84' lang='grc' dir='ltr'>ἐφ’</span> <span class='ocrx_word' id='word_1_75' title='bbox 1491 707 1548 748; x_wconf 77' lang='grc' dir='ltr'>οἷς</span> 
     </span>
     <span class='ocr_line' id='line_1_15' title="bbox 218 771 1548 825; baseline 0.001 -13"><span class='ocrx_word' id='word_1_76' title='bbox 218 774 323 823; x_wconf 78' lang='grc' dir='ltr'>παρὰ</span> <span class='ocrx_word' id='word_1_77' title='bbox 356 776 428 822; x_wconf 85' lang='grc' dir='ltr'>μὲν</span> <span class='ocrx_word' id='word_1_78' title='bbox 453 776 531 812; x_wconf 85' lang='grc' dir='ltr'>τῶν</span> <span class='ocrx_word' id='word_1_79' title='bbox 557 771 694 812; x_wconf 80' lang='grc' dir='ltr'>ἄλλων</span> <span class='ocrx_word' id='word_1_80' title='bbox 718 773 808 823; x_wconf 84' lang='grc' dir='ltr'>ὑμῖν</span> <span class='ocrx_word' id='word_1_81' title='bbox 835 772 1029 825; x_wconf 83' lang='grc' dir='ltr'>ἐγίγνοντ’</span> <span class='ocrx_word' id='word_1_82' title='bbox 1056 774 1222 820; x_wconf 83' lang='grc' dir='ltr'>ἔπαινοι,</span> <span class='ocrx_word' id='word_1_83' title='bbox 1251 775 1356 825; x_wconf 80' lang='grc' dir='ltr'>παρὰ</span> <span class='ocrx_word' id='word_1_84' title='bbox 1380 773 1414 813; x_wconf 84' lang='grc' dir='ltr'>δ’</span> <span class='ocrx_word' id='word_1_85' title='bbox 1440 775 1548 824; x_wconf 85' lang='grc' dir='ltr'>ὑμῶν</span> 
     </span>
     <span class='ocr_line' id='line_1_16' title="bbox 218 839 1609 892; baseline 0.001 -14"><span class='ocrx_word' id='word_1_86' title='bbox 218 840 352 879; x_wconf 87' lang='grc' dir='ltr'>θυσίαι</span> <span class='ocrx_word' id='word_1_87' title='bbox 380 839 440 878; x_wconf 90' lang='grc' dir='ltr'>καὶ</span> <span class='ocrx_word' id='word_1_88' title='bbox 467 839 619 890; x_wconf 85' lang='grc' dir='ltr'>πομπαὶ</span> <span class='ocrx_word' id='word_1_89' title='bbox 645 843 726 881; x_wconf 86' lang='grc' dir='ltr'>τοῖς</span> <span class='ocrx_word' id='word_1_90' title='bbox 757 841 872 881; x_wconf 84' lang='grc' dir='ltr'>θεοῖς.</span> <span class='ocrx_word' id='word_1_91' title='bbox 934 841 996 880; x_wconf 83' lang='grc' dir='ltr'>καὶ</span> <span class='ocrx_word' id='word_1_92' title='bbox 1023 839 1140 892; x_wconf 82' lang='grc' dir='ltr'>ἔγωγ’</span> <span class='ocrx_word' id='word_1_93' title='bbox 1164 840 1288 890; x_wconf 84' lang='grc' dir='ltr'>ἡδέως</span> <span class='ocrx_word' id='word_1_94' title='bbox 1311 839 1360 881; x_wconf 81' lang='grc' dir='ltr'>ἂν</span> <span class='ocrx_word' id='word_1_95' title='bbox 1386 841 1547 892; x_wconf 85' lang='grc' dir='ltr'>ἐροίμην</span> <span class='ocrx_word' id='word_1_96' title='bbox 1570 858 1609 880; x_wconf 90' lang='lat'>10</span> 
     </span>
     <span class='ocr_line' id='line_1_17' title="bbox 218 905 1547 960; baseline 0.002 -16"><span class='ocrx_word' id='word_1_97' title='bbox 218 906 430 958; x_wconf 77' lang='grc' dir='ltr'>Αἰσχίνην,</span> <span class='ocrx_word' id='word_1_98' title='bbox 470 906 535 946; x_wconf 88' lang='grc' dir='ltr'>ὅτε</span> <span class='ocrx_word' id='word_1_99' title='bbox 571 905 678 946; x_wconf 83' lang='grc' dir='ltr'>ταῦτ’</span> <span class='ocrx_word' id='word_1_100' title='bbox 715 906 928 958; x_wconf 86' lang='grc' dir='ltr'>ἐπράττετο</span> <span class='ocrx_word' id='word_1_101' title='bbox 967 907 1028 946; x_wconf 85' lang='grc' dir='ltr'>καὶ</span> <span class='ocrx_word' id='word_1_102' title='bbox 1067 906 1186 956; x_wconf 80' lang='grc' dir='ltr'>ζήλου</span> <span class='ocrx_word' id='word_1_103' title='bbox 1222 907 1284 947; x_wconf 88' lang='grc' dir='ltr'>καὶ</span> <span class='ocrx_word' id='word_1_104' title='bbox 1322 910 1447 960; x_wconf 78' lang='grc' dir='ltr'>χαρᾶς</span> <span class='ocrx_word' id='word_1_105' title='bbox 1484 908 1547 947; x_wconf 86' lang='grc' dir='ltr'>καὶ</span> 
     </span>
     <span class='ocr_line' id='line_1_18' title="bbox 218 972 1545 1026; baseline 0.002 -14"><span class='ocrx_word' id='word_1_106' title='bbox 218 974 389 1013; x_wconf 86' lang='grc' dir='ltr'>ἐπαίνων</span> <span class='ocrx_word' id='word_1_107' title='bbox 425 973 448 1023; x_wconf 85' lang='grc' dir='ltr'>ἡ</span> <span class='ocrx_word' id='word_1_108' title='bbox 486 974 602 1015; x_wconf 88' lang='grc' dir='ltr'>πόλις</span> <span class='ocrx_word' id='word_1_109' title='bbox 639 972 686 1023; x_wconf 79' lang='grc' dir='ltr'>ἦν</span> <span class='ocrx_word' id='word_1_110' title='bbox 724 972 866 1023; x_wconf 84' lang='grc' dir='ltr'>μεστή,</span> <span class='ocrx_word' id='word_1_111' title='bbox 901 974 1069 1026; x_wconf 88' lang='grc' dir='ltr'>πότερον</span> <span class='ocrx_word' id='word_1_112' title='bbox 1105 973 1271 1014; x_wconf 83' lang='grc' dir='ltr'>συνέθυε</span> <span class='ocrx_word' id='word_1_113' title='bbox 1308 974 1371 1014; x_wconf 90' lang='grc' dir='ltr'>καὶ</span> <span class='ocrx_word' id='word_1_114' title='bbox 1407 991 1545 1014; x_wconf 88' lang='grc' dir='ltr'>συνευ-</span> 
     </span>
     <span class='ocr_line' id='line_1_19' title="bbox 218 1037 1545 1092; baseline 0.002 -13"><span class='ocrx_word' id='word_1_115' title='bbox 218 1040 407 1092; x_wconf 82' lang='grc' dir='ltr'>φραίνετο</span> <span class='ocrx_word' id='word_1_116' title='bbox 433 1044 514 1082; x_wconf 88' lang='grc' dir='ltr'>τοῖς</span> <span class='ocrx_word' id='word_1_117' title='bbox 539 1044 721 1086; x_wconf 82' lang='grc' dir='ltr'>πολλοῖς,</span> <span class='ocrx_word' id='word_1_118' title='bbox 748 1037 771 1090; x_wconf 80' lang='grc' dir='ltr'>ἢ</span> <span class='ocrx_word' id='word_1_119' title='bbox 802 1040 1048 1091; x_wconf 84' lang='grc' dir='ltr'>λυπούμενος</span> <span class='ocrx_word' id='word_1_120' title='bbox 1081 1040 1143 1080; x_wconf 86' lang='grc' dir='ltr'>καὶ</span> <span class='ocrx_word' id='word_1_121' title='bbox 1175 1040 1327 1081; x_wconf 86' lang='grc' dir='ltr'>στένων</span> <span class='ocrx_word' id='word_1_122' title='bbox 1356 1041 1417 1081; x_wconf 83' lang='grc' dir='ltr'>καὶ</span> <span class='ocrx_word' id='word_1_123' title='bbox 1451 1043 1545 1081; x_wconf 82' lang='grc' dir='ltr'>δυσ-</span> 
     </span>
     <span class='ocr_line' id='line_1_20' title="bbox 216 1108 1547 1161; baseline 0.002 -14"><span class='ocrx_word' id='word_1_124' title='bbox 216 1108 412 1157; x_wconf 89' lang='grc' dir='ltr'>μεναίνων</span> <span class='ocrx_word' id='word_1_125' title='bbox 442 1111 523 1149; x_wconf 89' lang='grc' dir='ltr'>τοῖς</span> <span class='ocrx_word' id='word_1_126' title='bbox 558 1112 703 1150; x_wconf 83' lang='grc' dir='ltr'>κοινοῖς</span> <span class='ocrx_word' id='word_1_127' title='bbox 736 1108 900 1160; x_wconf 80' lang='grc' dir='ltr'>ἀγαθοῖς</span> <span class='ocrx_word' id='word_1_128' title='bbox 934 1109 1033 1148; x_wconf 84' lang='grc' dir='ltr'>οἴκοι</span> <span class='ocrx_word' id='word_1_129' title='bbox 1067 1110 1222 1158; x_wconf 84' lang='grc' dir='ltr'>καθῆτο.</span> <span class='ocrx_word' id='word_1_130' title='bbox 1294 1109 1327 1148; x_wconf 81' lang='grc' dir='ltr'>εἰ</span> <span class='ocrx_word' id='word_1_131' title='bbox 1363 1110 1436 1159; x_wconf 81' lang='grc' dir='ltr'>μὲν</span> <span class='ocrx_word' id='word_1_132' title='bbox 1471 1110 1547 1161; x_wconf 80' lang='grc' dir='ltr'>γὰρ</span> 
     </span>
     <span class='ocr_line' id='line_1_21' title="bbox 216 1174 1607 1226; baseline 0 -12"><span class='ocrx_word' id='word_1_133' title='bbox 216 1176 344 1226; x_wconf 86' lang='grc' dir='ltr'>παρῆν</span> <span class='ocrx_word' id='word_1_134' title='bbox 374 1175 436 1215; x_wconf 89' lang='grc' dir='ltr'>καὶ</span> <span class='ocrx_word' id='word_1_135' title='bbox 468 1176 566 1225; x_wconf 82' lang='grc' dir='ltr'>μετὰ</span> <span class='ocrx_word' id='word_1_136' title='bbox 595 1178 674 1215; x_wconf 84' lang='grc' dir='ltr'>τῶν</span> <span class='ocrx_word' id='word_1_137' title='bbox 707 1174 843 1215; x_wconf 81' lang='grc' dir='ltr'>ἄλλων</span> <span class='ocrx_word' id='word_1_138' title='bbox 870 1174 1091 1225; x_wconf 79' lang='grc' dir='ltr'>ἐξητάζετο,</span> <span class='ocrx_word' id='word_1_139' title='bbox 1118 1179 1200 1217; x_wconf 88' lang='grc' dir='ltr'>πῶς</span> <span class='ocrx_word' id='word_1_140' title='bbox 1226 1176 1271 1216; x_wconf 84' lang='grc' dir='ltr'>οὐ</span> <span class='ocrx_word' id='word_1_141' title='bbox 1296 1176 1404 1216; x_wconf 82' lang='grc' dir='ltr'>δεινὰ</span> <span class='ocrx_word' id='word_1_142' title='bbox 1428 1179 1545 1221; x_wconf 91' lang='grc' dir='ltr'>ποιεῖ,</span> <span class='ocrx_word' id='word_1_143' title='bbox 1571 1191 1607 1224; x_wconf 85' lang='lat'>15</span> 
     </span>
     <span class='ocr_line' id='line_1_22' title="bbox 215 1241 1547 1294; baseline 0.003 -14"><span class='ocrx_word' id='word_1_144' title='bbox 215 1244 372 1291; x_wconf 79' lang='grc' dir='ltr'>μᾶλλον</span> <span class='ocrx_word' id='word_1_145' title='bbox 406 1241 439 1280; x_wconf 83' lang='grc' dir='ltr'>δ’</span> <span class='ocrx_word' id='word_1_146' title='bbox 470 1241 550 1281; x_wconf 85' lang='grc' dir='ltr'>οὐδ’</span> <span class='ocrx_word' id='word_1_147' title='bbox 580 1243 685 1288; x_wconf 87' lang='grc' dir='ltr'>ὅσια,</span> <span class='ocrx_word' id='word_1_148' title='bbox 718 1243 751 1282; x_wconf 84' lang='grc' dir='ltr'>εἰ</span> <span class='ocrx_word' id='word_1_149' title='bbox 784 1243 838 1282; x_wconf 78' lang='grc' dir='ltr'>ὧν</span> <span class='ocrx_word' id='word_1_150' title='bbox 874 1242 925 1283; x_wconf 87' lang='grc' dir='ltr'>ὡς</span> <span class='ocrx_word' id='word_1_151' title='bbox 958 1243 1132 1294; x_wconf 87' lang='grc' dir='ltr'>ἀρίστων</span> <span class='ocrx_word' id='word_1_152' title='bbox 1165 1241 1281 1283; x_wconf 83' lang='grc' dir='ltr'>αὐτὸς</span> <span class='ocrx_word' id='word_1_153' title='bbox 1313 1242 1402 1284; x_wconf 83' lang='grc' dir='ltr'>τοὺς</span> <span class='ocrx_word' id='word_1_154' title='bbox 1435 1242 1547 1284; x_wconf 85' lang='grc' dir='ltr'>θεοὺς</span> 
     </span>
     <span class='ocr_line' id='line_1_23' title="bbox 216 1308 1550 1361; baseline 0.001 -13"><span class='ocrx_word' id='word_1_155' title='bbox 216 1308 434 1359; x_wconf 86' lang='grc' dir='ltr'>ἐποιήσατο</span> <span class='ocrx_word' id='word_1_156' title='bbox 465 1308 674 1361; x_wconf 83' lang='grc' dir='ltr'>μάρτυρας,</span> <span class='ocrx_word' id='word_1_157' title='bbox 710 1309 819 1349; x_wconf 80' lang='grc' dir='ltr'>ταῦθ’</span> <span class='ocrx_word' id='word_1_158' title='bbox 847 1309 898 1351; x_wconf 86' lang='grc' dir='ltr'>ὡς</span> <span class='ocrx_word' id='word_1_159' title='bbox 931 1309 1001 1348; x_wconf 84' lang='grc' dir='ltr'>οὐκ</span> <span class='ocrx_word' id='word_1_160' title='bbox 1035 1308 1179 1361; x_wconf 86' lang='grc' dir='ltr'>ἄριστα</span> <span class='ocrx_word' id='word_1_161' title='bbox 1213 1313 1280 1349; x_wconf 80' lang='grc' dir='ltr'>νῦν</span> <span class='ocrx_word' id='word_1_162' title='bbox 1312 1310 1411 1360; x_wconf 77' lang='grc' dir='ltr'>ὑμᾶς</span> <span class='ocrx_word' id='word_1_163' title='bbox 1443 1308 1550 1360; x_wconf 82' lang='grc' dir='ltr'>ἀξιοῖ</span> 
     </span>
     <span class='ocr_line' id='line_1_24' title="bbox 215 1376 1544 1428; baseline 0.003 -15"><span class='ocrx_word' id='word_1_164' title='bbox 215 1376 483 1427; x_wconf 79' lang='grc' dir='ltr'>ψηφίσασθαι</span> <span class='ocrx_word' id='word_1_165' title='bbox 507 1376 597 1417; x_wconf 81' lang='grc' dir='ltr'>τοὺς</span> <span class='ocrx_word' id='word_1_166' title='bbox 622 1377 878 1427; x_wconf 82' lang='grc' dir='ltr'>ὀμωμοκότας</span> <span class='ocrx_word' id='word_1_167' title='bbox 903 1376 992 1417; x_wconf 80' lang='grc' dir='ltr'>τοὺς</span> <span class='ocrx_word' id='word_1_168' title='bbox 1020 1377 1150 1423; x_wconf 89' lang='grc' dir='ltr'>θεούς,·</span> <span class='ocrx_word' id='word_1_169' title='bbox 1190 1377 1223 1416; x_wconf 83' lang='grc' dir='ltr'>εἰ</span> <span class='ocrx_word' id='word_1_170' title='bbox 1249 1378 1290 1416; x_wconf 82' lang='grc' dir='ltr'>δὲ</span> <span class='ocrx_word' id='word_1_171' title='bbox 1323 1376 1376 1427; x_wconf 77' lang='grc' dir='ltr'>μὴ</span> <span class='ocrx_word' id='word_1_172' title='bbox 1402 1378 1544 1428; x_wconf 84' lang='grc' dir='ltr'>παρῆν,</span> 
     </span>
     <span class='ocr_line' id='line_1_25' title="bbox 216 1442 1547 1496; baseline 0.002 -15"><span class='ocrx_word' id='word_1_173' title='bbox 216 1446 296 1482; x_wconf 80' lang='grc' dir='ltr'>πῶς</span> <span class='ocrx_word' id='word_1_174' title='bbox 339 1442 406 1482; x_wconf 86' lang='grc' dir='ltr'>οὐκ</span> <span class='ocrx_word' id='word_1_175' title='bbox 452 1443 705 1483; x_wconf 79' lang='grc' dir='ltr'>ἀπολωλέναι</span> <span class='ocrx_word' id='word_1_176' title='bbox 748 1443 942 1484; x_wconf 91' lang='grc' dir='ltr'>πολλάκις</span> <span class='ocrx_word' id='word_1_177' title='bbox 985 1444 1071 1483; x_wconf 87' lang='grc' dir='ltr'>ἐστὶ</span> <span class='ocrx_word' id='word_1_178' title='bbox 1111 1444 1270 1489; x_wconf 84' lang='grc' dir='ltr'>δίκαιος,</span> <span class='ocrx_word' id='word_1_179' title='bbox 1312 1444 1344 1483; x_wconf 85' lang='grc' dir='ltr'>εἰ</span> <span class='ocrx_word' id='word_1_180' title='bbox 1383 1443 1449 1496; x_wconf 88' lang='grc' dir='ltr'>ἐφ’</span> <span class='ocrx_word' id='word_1_181' title='bbox 1489 1443 1547 1484; x_wconf 73' lang='grc' dir='ltr'>οἷς</span> 
     </span>
     <span class='ocr_line' id='line_1_26' title="bbox 216 1508 1608 1562; baseline 0.001 -14"><span class='ocrx_word' id='word_1_182' title='bbox 216 1508 378 1562; x_wconf 79' lang='grc' dir='ltr'>ἔχαιρον</span> <span class='ocrx_word' id='word_1_183' title='bbox 412 1511 447 1549; x_wconf 81' lang='grc' dir='ltr'>οἱ</span> <span class='ocrx_word' id='word_1_184' title='bbox 481 1509 611 1555; x_wconf 78' lang='grc' dir='ltr'>ἄλλοι,</span> <span class='ocrx_word' id='word_1_185' title='bbox 640 1510 745 1550; x_wconf 83' lang='grc' dir='ltr'>ταῦτ’</span> <span class='ocrx_word' id='word_1_186' title='bbox 772 1510 946 1551; x_wconf 82' lang='grc' dir='ltr'>ἐλυπεῖθ’</span> <span class='ocrx_word' id='word_1_187' title='bbox 973 1511 1092 1561; x_wconf 86' lang='grc' dir='ltr'>ὁρῶν;</span> <span class='ocrx_word' id='word_1_188' title='bbox 1135 1509 1238 1562; x_wconf 70' lang='grc' dir='ltr'>Λέγε</span> <span class='ocrx_word' id='word_1_189' title='bbox 1264 1509 1309 1559; x_wconf 76' lang='grc' dir='ltr'>δὴ</span> <span class='ocrx_word' id='word_1_190' title='bbox 1338 1510 1399 1550; x_wconf 82' lang='grc' dir='ltr'>καὶ</span> <span class='ocrx_word' id='word_1_191' title='bbox 1425 1512 1547 1550; x_wconf 80' lang='grc' dir='ltr'>ταῦτα</span> <span class='ocrx_word' id='word_1_192' title='bbox 1569 1527 1608 1550; x_wconf 89' lang='lat'>20</span> 
     </span>
     <span class='ocr_line' id='line_1_27' title="bbox 215 1576 636 1628; baseline 0.005 -14"><span class='ocrx_word' id='word_1_193' title='bbox 215 1577 263 1615; x_wconf 76' lang='grc' dir='ltr'>τὰ</span> <span class='ocrx_word' id='word_1_194' title='bbox 288 1576 534 1628; x_wconf 76' lang='grc' dir='ltr'>ψηφίσματά</span> <span class='ocrx_word' id='word_1_195' title='bbox 559 1594 636 1626; x_wconf 87' lang='grc' dir='ltr'>μοι.</span> 
     </span>
    </p>
   </div>
   <div class='ocr_carea' id='block_1_8' title="bbox 660 1707 1098 1735">
    <p class='ocr_par' dir='ltr' id='par_1_8' title="bbox 660 1707 1098 1735">
     <span class='ocr_line' id='line_1_28' title="bbox 660 1707 1098 1735; baseline -0.002 -1"><span class='ocrx_word' id='word_1_196' title='bbox 660 1707 902 1735; x_wconf 81' lang='grc' dir='ltr'><strong>ΨΗΦῙΣΜΑΤΑ</strong></span> <span class='ocrx_word' id='word_1_197' title='bbox 935 1707 1098 1735; x_wconf 79' lang='grc' dir='ltr'>ΘΤΣΙΩΝ.</span> 
     </span>
    </p>
   </div>
   <div class='ocr_carea' id='block_1_9' title="bbox 215 1774 1605 2229">
    <p class='ocr_par' dir='ltr' id='par_1_9' title="bbox 215 1774 1605 2229">
     <span class='ocr_line' id='line_1_29' title="bbox 282 1774 1546 1826; baseline 0.001 -12"><span class='ocrx_word' id='word_1_198' title='bbox 282 1776 436 1816; x_wconf 84' lang='grc' dir='ltr'>Οὐκοῦν</span> <span class='ocrx_word' id='word_1_199' title='bbox 469 1776 580 1826; x_wconf 87' lang='grc' dir='ltr'>ἡμεῖς</span> <span class='ocrx_word' id='word_1_200' title='bbox 613 1777 685 1825; x_wconf 79' lang='grc' dir='ltr'>μὲν</span> <span class='ocrx_word' id='word_1_201' title='bbox 717 1777 756 1814; x_wconf 88' lang='grc' dir='ltr'>ἐν</span> <span class='ocrx_word' id='word_1_202' title='bbox 791 1775 946 1816; x_wconf 77' lang='grc' dir='ltr'>θυσίαις</span> <span class='ocrx_word' id='word_1_203' title='bbox 972 1774 1068 1825; x_wconf 79' lang='grc' dir='ltr'>ἦμεν</span> <span class='ocrx_word' id='word_1_204' title='bbox 1102 1775 1202 1824; x_wconf 78' lang='grc' dir='ltr'>τότε,</span> <span class='ocrx_word' id='word_1_205' title='bbox 1231 1778 1411 1826; x_wconf 77' lang='grc' dir='ltr'>Θηβαῖοι</span> <span class='ocrx_word' id='word_1_206' title='bbox 1444 1774 1477 1815; x_wconf 84' lang='grc' dir='ltr'>δ’</span> <span class='ocrx_word' id='word_1_207' title='bbox 1503 1776 1546 1815; x_wconf 87' lang='grc' dir='ltr'>ἐν</span> 
     </span>
     <span class='ocr_line' id='line_1_30' title="bbox 215 1841 1542 1897; baseline -0.002 -15"><span class='ocrx_word' id='word_1_208' title='bbox 215 1846 267 1897; x_wconf 75' lang='grc' dir='ltr'>τῷ</span> <span class='ocrx_word' id='word_1_209' title='bbox 295 1842 342 1882; x_wconf 84' lang='grc' dir='ltr'>δι’</span> <span class='ocrx_word' id='word_1_210' title='bbox 368 1843 468 1893; x_wconf 78' lang='grc' dir='ltr'>ἡμᾶς</span> <span class='ocrx_word' id='word_1_211' title='bbox 495 1845 702 1883; x_wconf 85' lang='grc' dir='ltr'>σεσῶσθαι</span> <span class='ocrx_word' id='word_1_212' title='bbox 728 1842 912 1893; x_wconf 78' lang='grc' dir='ltr'>νομίζειν,</span> <span class='ocrx_word' id='word_1_213' title='bbox 943 1842 1005 1882; x_wconf 83' lang='grc' dir='ltr'>καὶ</span> <span class='ocrx_word' id='word_1_214' title='bbox 1031 1841 1297 1893; x_wconf 89' lang='grc' dir='ltr'>περιειστήκει</span> <span class='ocrx_word' id='word_1_215' title='bbox 1331 1846 1411 1883; x_wconf 90' lang='grc' dir='ltr'>τοῖς</span> <span class='ocrx_word' id='word_1_216' title='bbox 1443 1848 1542 1893; x_wconf 77' lang='grc' dir='ltr'>βοη-</span> 
     </span>
     <span class='ocr_line' id='line_1_31' title="bbox 217 1908 1605 1963; baseline 0.001 -14"><span class='ocrx_word' id='word_1_217' title='bbox 217 1910 323 1951; x_wconf 88' lang='grc' dir='ltr'>θείας</span> <span class='ocrx_word' id='word_1_218' title='bbox 360 1909 575 1960; x_wconf 83' lang='grc' dir='ltr'>ὃεήσεσθαι</span> <span class='ocrx_word' id='word_1_219' title='bbox 612 1912 796 1949; x_wconf 77' lang='grc' dir='ltr'>δοκοῦσιν</span> <span class='ocrx_word' id='word_1_220' title='bbox 834 1908 904 1961; x_wconf 82' lang='grc' dir='ltr'>ἀφ’</span> <span class='ocrx_word' id='word_1_221' title='bbox 938 1910 992 1949; x_wconf 81' lang='grc' dir='ltr'>ὧν</span> <span class='ocrx_word' id='word_1_222' title='bbox 1026 1909 1218 1961; x_wconf 84' lang='grc' dir='ltr'>ἔπραττον</span> <span class='ocrx_word' id='word_1_223' title='bbox 1252 1909 1370 1955; x_wconf 74' lang='grc' dir='ltr'>οὗτοι,</span> <span class='ocrx_word' id='word_1_224' title='bbox 1406 1909 1545 1950; x_wconf 84' lang='grc' dir='ltr'>αὐτοὺς</span> <span class='ocrx_word' id='word_1_225' title='bbox 1567 1932 1605 1963; x_wconf 82' lang='lat'>²5</span> 
     </span>
     <span class='ocr_line' id='line_1_32' title="bbox 215 1974 1543 2029; baseline -0.001 -13"><span class='ocrx_word' id='word_1_226' title='bbox 215 1980 382 2027; x_wconf 77' lang='grc' dir='ltr'>βοηθεῖν</span> <span class='ocrx_word' id='word_1_227' title='bbox 408 1976 554 2029; x_wconf 80' lang='grc' dir='ltr'>ἑτέροις</span> <span class='ocrx_word' id='word_1_228' title='bbox 579 1974 625 2026; x_wconf 82' lang='grc' dir='ltr'>ἐξ</span> <span class='ocrx_word' id='word_1_229' title='bbox 650 1977 703 2016; x_wconf 82' lang='grc' dir='ltr'>ὧν</span> <span class='ocrx_word' id='word_1_230' title='bbox 730 1975 934 2026; x_wconf 86' lang='grc' dir='ltr'>ἐπείσθητ’</span> <span class='ocrx_word' id='word_1_231' title='bbox 962 1976 1059 2026; x_wconf 89' lang='grc' dir='ltr'>ἐμοί.</span> <span class='ocrx_word' id='word_1_232' title='bbox 1120 1977 1227 2016; x_wconf 83' lang='grc' dir='ltr'>ἀλλὰ</span> <span class='ocrx_word' id='word_1_233' title='bbox 1250 1975 1328 2027; x_wconf 74' lang='grc' dir='ltr'>μὴν</span> <span class='ocrx_word' id='word_1_234' title='bbox 1353 1976 1436 2018; x_wconf 84' lang='grc' dir='ltr'>οἵας</span> <span class='ocrx_word' id='word_1_235' title='bbox 1462 1976 1543 2016; x_wconf 81' lang='grc' dir='ltr'>τότ’</span> 
     </span>
     <span class='ocr_line' id='line_1_33' title="bbox 217 2041 1544 2096; baseline 0 -13"><span class='ocrx_word' id='word_1_236' title='bbox 217 2044 327 2096; x_wconf 82' lang='grc' dir='ltr'>ἀφίει</span> <span class='ocrx_word' id='word_1_237' title='bbox 366 2045 503 2095; x_wconf 78' lang='grc' dir='ltr'>φωνὰς</span> <span class='ocrx_word' id='word_1_238' title='bbox 542 2043 561 2081; x_wconf 87' lang='grc' dir='ltr'>ὁ</span> <span class='ocrx_word' id='word_1_239' title='bbox 598 2044 801 2084; x_wconf 84' lang='grc' dir='ltr'>Φίλιππος</span> <span class='ocrx_word' id='word_1_240' title='bbox 842 2044 904 2083; x_wconf 85' lang='grc' dir='ltr'>καὶ</span> <span class='ocrx_word' id='word_1_241' title='bbox 943 2044 985 2082; x_wconf 86' lang='grc' dir='ltr'>ἐν</span> <span class='ocrx_word' id='word_1_242' title='bbox 1024 2043 1124 2084; x_wconf 80' lang='grc' dir='ltr'>οἵαις</span> <span class='ocrx_word' id='word_1_243' title='bbox 1162 2041 1210 2093; x_wconf 83' lang='grc' dir='ltr'>ἧν</span> <span class='ocrx_word' id='word_1_244' title='bbox 1250 2047 1441 2095; x_wconf 79' lang='grc' dir='ltr'>ταραχαῖς</span> <span class='ocrx_word' id='word_1_245' title='bbox 1479 2044 1544 2084; x_wconf 85' lang='grc' dir='ltr'>ἐπὶ</span> 
     </span>
     <span class='ocr_line' id='line_1_34' title="bbox 215 2109 1544 2161; baseline 0.001 -12"><span class='ocrx_word' id='word_1_246' title='bbox 215 2110 381 2156; x_wconf 83' lang='grc' dir='ltr'>τούτοις,</span> <span class='ocrx_word' id='word_1_247' title='bbox 409 2111 451 2150; x_wconf 84' lang='grc' dir='ltr'>ἐκ</span> <span class='ocrx_word' id='word_1_248' title='bbox 476 2114 554 2150; x_wconf 85' lang='grc' dir='ltr'>τῶν</span> <span class='ocrx_word' id='word_1_249' title='bbox 579 2111 806 2150; x_wconf 85' lang='grc' dir='ltr'>ἐπιστολῶν</span> <span class='ocrx_word' id='word_1_250' title='bbox 839 2113 917 2149; x_wconf 83' lang='grc' dir='ltr'>τῶν</span> <span class='ocrx_word' id='word_1_251' title='bbox 953 2110 1102 2150; x_wconf 85' lang='grc' dir='ltr'>ἐκείνου</span> <span class='ocrx_word' id='word_1_252' title='bbox 1135 2109 1367 2161; x_wconf 88' lang='grc' dir='ltr'>μαθήσεσθε</span> <span class='ocrx_word' id='word_1_253' title='bbox 1401 2111 1454 2150; x_wconf 82' lang='grc' dir='ltr'>ὧν</span> <span class='ocrx_word' id='word_1_254' title='bbox 1489 2111 1544 2151; x_wconf 84' lang='grc' dir='ltr'>εἰς</span> 
     </span>
     <span class='ocr_line' id='line_1_35' title="bbox 218 2176 1543 2229; baseline 0 -13"><span class='ocrx_word' id='word_1_255' title='bbox 218 2178 536 2228; x_wconf 84' lang='grc' dir='ltr'>Πελοπόννησον</span> <span class='ocrx_word' id='word_1_256' title='bbox 562 2176 748 2227; x_wconf 82' lang='grc' dir='ltr'>ἔπεμπεν.</span> <span class='ocrx_word' id='word_1_257' title='bbox 822 2178 889 2217; x_wconf 87' lang='grc' dir='ltr'>καί</span> <span class='ocrx_word' id='word_1_258' title='bbox 919 2194 983 2227; x_wconf 88' lang='grc' dir='ltr'>μοι</span> <span class='ocrx_word' id='word_1_259' title='bbox 1015 2177 1111 2229; x_wconf 92' lang='grc' dir='ltr'>λέγε</span> <span class='ocrx_word' id='word_1_260' title='bbox 1136 2177 1280 2218; x_wconf 84' lang='grc' dir='ltr'>ταύτας</span> <span class='ocrx_word' id='word_1_261' title='bbox 1312 2177 1467 2228; x_wconf 79' lang='grc' dir='ltr'>λαβών,</span> <span class='ocrx_word' id='word_1_262' title='bbox 1494 2176 1543 2217; x_wconf 88' lang='grc' dir='ltr'>ἵν’</span> 
     </span>
    </p>
   </div>
   <div class='ocr_carea' id='block_1_10' title="bbox 215 2285 1544 2414">
    <p class='ocr_par' dir='ltr' id='par_1_10' title="bbox 215 2285 1544 2414">
     <span class='ocr_line' id='line_1_36' title="bbox 259 2285 1543 2329; baseline -0.002 -10"><span class='ocrx_word' id='word_1_263' title='bbox 259 2298 277 2326; x_wconf 85' lang='grc'>3</span> <span class='ocrx_word' id='word_1_264' title='bbox 316 2291 374 2319; x_wconf 81' lang='grc' dir='ltr'>τοῦ</span> <span class='ocrx_word' id='word_1_265' title='bbox 409 2298 472 2318; x_wconf 90' lang='lat' dir='ltr'>om.</span> <span class='ocrx_word' id='word_1_266' title='bbox 507 2288 530 2318; x_wconf 82' lang='lat' dir='ltr'>S</span> <span class='ocrx_word' id='word_1_267' title='bbox 707 2298 724 2324; x_wconf 88' lang='lat'><strong>4</strong></span> <span class='ocrx_word' id='word_1_268' title='bbox 765 2285 951 2328; x_wconf 82' lang='grc' dir='ltr'>παρέσχετε</span> <span class='ocrx_word' id='word_1_269' title='bbox 988 2287 1113 2318; x_wconf 81' lang='lat' dir='ltr'>SLA:</span> <span class='ocrx_word' id='word_1_270' title='bbox 1153 2286 1359 2329; x_wconf 82' lang='grc' dir='ltr'>παρέσχεσθε</span> <span class='ocrx_word' id='word_1_271' title='bbox 1395 2286 1420 2316; x_wconf 90' lang='lat' dir='ltr'>F</span> <span class='ocrx_word' id='word_1_272' title='bbox 1453 2287 1543 2326; x_wconf 80' lang='lat' dir='ltr'>vulg.</span> 
     </span>
     <span class='ocr_line' id='line_1_37' title="bbox 215 2330 1544 2372; baseline -0.002 -9"><span class='ocrx_word' id='word_1_273' title='bbox 215 2332 235 2360; x_wconf 87' lang='lat'>6</span> <span class='ocrx_word' id='word_1_274' title='bbox 268 2330 374 2371; x_wconf 79' lang='grc' dir='ltr'>μάχας</span> <span class='ocrx_word' id='word_1_275' title='bbox 406 2342 472 2362; x_wconf 86' lang='lat' dir='ltr'>om.</span> <span class='ocrx_word' id='word_1_276' title='bbox 508 2331 532 2362; x_wconf 84' lang='lat' dir='ltr'>S</span> <span class='ocrx_word' id='word_1_277' title='bbox 566 2331 657 2361; x_wconf 81' lang='lat' dir='ltr'>solus</span> <span class='ocrx_word' id='word_1_278' title='bbox 836 2340 873 2360; x_wconf 85' lang='lat'>12</span> <span class='ocrx_word' id='word_1_279' title='bbox 913 2332 1062 2372; x_wconf 70' lang='grc' dir='ltr'>ἐπαίνων]</span> <span class='ocrx_word' id='word_1_280' title='bbox 1095 2331 1235 2362; x_wconf 82' lang='grc' dir='ltr'>παιάνων</span> <span class='ocrx_word' id='word_1_281' title='bbox 1266 2330 1385 2368; x_wconf 82' lang='lat' dir='ltr'>Cobet,</span> <span class='ocrx_word' id='word_1_282' title='bbox 1416 2331 1457 2361; x_wconf 88' lang='lat' dir='ltr'>cs.</span> <span class='ocrx_word' id='word_1_283' title='bbox 1486 2331 1544 2360; x_wconf 81' lang='lat' dir='ltr'>xix</span> 
     </span>
     <span class='ocr_line' id='line_1_38' title="bbox 215 2373 1544 2414; baseline 0.001 -10"><span class='ocrx_word' id='word_1_284' title='bbox 215 2376 258 2404; x_wconf 86' lang='lat'>86</span> <span class='ocrx_word' id='word_1_285' title='bbox 434 2384 474 2411; x_wconf 84' lang='lat'>25</span> <span class='ocrx_word' id='word_1_286' title='bbox 510 2373 674 2414; x_wconf 81' lang='grc' dir='ltr'>δοκοῦσιν]</span> <span class='ocrx_word' id='word_1_287' title='bbox 708 2373 887 2413; x_wconf 71' lang='grc' dir='ltr'>νομίζουσιν</span> <span class='ocrx_word' id='word_1_288' title='bbox 920 2374 943 2404; x_wconf 85' lang='lat' dir='ltr'>S</span> <span class='ocrx_word' id='word_1_289' title='bbox 960 2375 994 2404; x_wconf 88' lang='lat' dir='ltr'>L¹</span> <span class='ocrx_word' id='word_1_290' title='bbox 1130 2375 1242 2406; x_wconf 77' lang='grc' dir='ltr'>αὐτοὺς</span> <span class='ocrx_word' id='word_1_291' title='bbox 1272 2374 1295 2404; x_wconf 88' lang='lat' dir='ltr'>S</span> <span class='ocrx_word' id='word_1_292' title='bbox 1312 2373 1336 2403; x_wconf 82' lang='lat' dir='ltr'>L</span> <span class='ocrx_word' id='word_1_293' title='bbox 1350 2374 1380 2403; x_wconf 83' lang='grc' dir='ltr'>Α</span> <span class='ocrx_word' id='word_1_294' title='bbox 1395 2386 1400 2405; x_wconf 73' lang='lat'>1</span> <span class='ocrx_word' id='word_1_295' title='bbox 1439 2375 1544 2406; x_wconf 76' lang='grc' dir='ltr'>αὐτοῖς</span> 
     </span>
    </p>
   </div>
   <div class='ocr_carea' id='block_1_11' title="bbox 215 2418 302 2451">
    <p class='ocr_par' dir='ltr' id='par_1_11' title="bbox 215 2418 302 2451">
     <span class='ocr_line' id='line_1_39' title="bbox 215 2418 302 2451; baseline -0.023 -2"><span class='ocrx_word' id='word_1_296' title='bbox 215 2418 302 2451; x_wconf 64' lang='lat' dir='ltr'>vulg.</span> 
     </span>
    </p>
   </div>
  </div>
 </body>
</html>
