1763 2828
903 567 964 606 IX

633 693 798 734 ΚΑΤΑ
849 693 1160 734 ΦΙΛΙΠΠΟΤ
1209 693 1243 733 Γ

823 823 1042 853 Tuom-3212.

321 897 447 948 Ἀπλῆ
480 900 545 937 τοῦ
578 898 695 950 λόγου
725 898 855 934 τούτου
885 898 909 945 ἡ
941 896 1127 936 ἱπόθεσις·
1171 896 1358 935 Φιλιππου
1391 898 1464 949 γὰρ
1497 898 1598 950 λόγῳ

268 955 336 1002 μὲν
369 954 513 1002 εἰρήνην
548 953 712 1004 ἄγοντος,
748 951 840 1002 ἔργω
876 950 914 988 δὲ
946 951 1057 988 πόλλ
1093 950 1310 996 ἀδικοῦντος,
1345 952 1598 1001 συμβουλεύει

268 1010 344 1047 τοῖς
367 1006 613 1055 Ἀθηναιοις
599 1023 618 1043 ο
641 1006 761 1055 ῥήτωρ
788 1007 990 1053 ἀναστῆναι
1017 1005 1076 1042 καὶ
1103 1004 1313 1054 ἀμύνασθαι
1336 1005 1400 1043 τὸν
1418 1005 1597 1054 βασιλεα,

269 1063 315 1101 ὡς
344 1061 507 1099 κινδύνου
535 1061 702 1112 μεγάλου
732 1060 791 1097 καὶ
820 1060 941 1099 αὐτοῖς
971 1059 1257 1109 ἐπικρεμαμένου
1287 1058 1346 1096 καὶ
1374 1062 1468 1097 πᾶσι
1497 1062 1600 1111 κοινῇ

267 1118 343 1155 τοῖς
357 1115 557 1164 ’Έλλησικ
1617 1129 1636 1161 5

139 1244 238 1301 [110]
337 1246 524 1288 Πολλῶν,
552 1239 581 1282 ὦ
612 1242 750 1294 ἄνδρες
774 1241 992 1292 Ἀθηναῖοι,
1019 1241 1154 1293 λόγων
1183 1240 1430 1294 γιγνομένων
1457 1243 1597 1295 ὀλίγου

270 1313 351 1350 δεῖν
377 1309 462 1349 καθ’
489 1308 662 1359 ἑκάστην
688 1308 905 1359 ἐκκλησίαν
930 1307 1018 1360 περὶ
1043 1308 1097 1348 ὧν
1124 1309 1338 1353 Φίλιππος,
1366 1307 1436 1361 ἀφ’
1455 1308 1500 1349 οὗ
1523 1309 1596 1359 τὴν

270 1375 426 1428 εἰρήνην
461 1374 690 1425 ἐποιήσατο,
722 1374 767 1414 οὐ
799 1375 920 1425 μόνον
953 1375 1064 1425 ὑμᾶς,
1091 1375 1197 1414 ἀλλὰ
1231 1374 1294 1414 καὶ
1326 1374 1416 1417 τοὺς
1448 1374 1596 1420 ἄλλους

270 1443 406 1488 ἀδικεῖ,
446 1442 508 1482 καὶ
544 1441 701 1482 πάντων
737 1440 810 1481 οἶδ’
847 1442 907 1481 ὅτι
943 1439 1163 1492 φησάντων
1199 1440 1235 1493 γ’
1274 1440 1334 1487 ἄν,
1373 1442 1406 1481 εἷ
1442 1442 1506 1482 καὶ
1540 1442 1595 1494 μὴ

268 1512 426 1548 ποιοῦσι
459 1511 584 1552 τοῦτο,
614 1507 676 1548 καὶ
708 1506 843 1559 λέγειν
877 1509 957 1547 δεῖν
992 1507 1053 1547 καὶ
1088 1506 1274 1559 πράττειν
1306 1508 1413 1549 ὅπως
1446 1509 1596 1552 ἐκεῖνος
1618 1529 1657 1551 ιο

268 1575 464 1616 παύσεται
495 1577 562 1624 τῆς
591 1575 744 1626 ὕβρεως
774 1574 837 1614 καὶ
867 1575 978 1623 δίκην
1012 1574 1144 1619 δώσει,
1174 1576 1228 1616 εἷς
1261 1573 1366 1614 τοῦθ’
1390 1574 1595 1627 ὑπηγμένα

268 1641 396 1682 πάντα
427 1642 474 1680 τὰ
511 1640 721 1693 πράγματα
758 1641 820 1680 καὶ
859 1640 1056 1692 προειμέν’
1087 1642 1175 1692 ὁρῶ,
1211 1641 1316 1682 ὥστε
1349 1640 1505 1681 δέδοικα
1539 1642 1593 1692 μὴ

267 1707 517 1759 βλάσφημον
541 1709 613 1758 μὲν
641 1708 777 1753 εἰπεῖν,
808 1707 953 1758 ἀληθὲς
980 1706 1013 1746 δ’
1037 1706 1074 1763 ᾗ·
1113 1708 1146 1747 εἰ
1172 1708 1234 1748 καὶ
1259 1707 1395 1760 λέγειν
1424 1707 1594 1750 ἅπαντες

267 1774 477 1824 ἐβούλονθ’
517 1776 553 1814 οἱ
595 1774 800 1826 παριόντες
842 1774 905 1814 καὶ
946 1777 1187 1827 χειροτονεῖν
1225 1775 1333 1825 ὑμεῖς
1369 1773 1417 1824 ἐξ
1450 1775 1505 1815 ὧν
1542 1774 1593 1817 ὡς

268 1840 484 1892 φαυλότατ’
510 1841 655 1891 ἔμελλε
689 1842 736 1880 τὰ
770 1840 970 1893 πράγμαθ’
996 1839 1111 1891 ἕξειν,
1144 1840 1212 1880 οὐκ
1246 1840 1293 1881 ἂν
1325 1841 1494 1893 ἡγοῦμαι
1526 1841 1589 1881 δύ-
1614 1860 1651 1894 15

217 1923 236 1947 2
267 1910 413 1947 νασθαι
438 1911 572 1960 χεῖρον
593 1903 616 1956 ἢ
636 1910 704 1947 νῦν
730 1909 966 1957 διατεθῆναι.
1027 1909 1160 1947 πολλὰ
1183 1909 1256 1958 μὲν
1276 1907 1344 1948 οὖν
1364 1908 1461 1949 ἴσως
1481 1907 1592 1948 ἐστὶν

267 1975 372 2013 αἴτια
395 1973 556 2019 τούτων,
580 1974 640 2013 καὶ
667 1973 711 2013 οὐ
738 1973 828 2026 παρ’
850 1973 891 2013 ἓν
916 1973 1004 2013 οὐδὲ
1030 1973 1091 2013 δύ’
1112 1975 1167 2015 εἰς
1185 1977 1298 2014 τοῦτο
1323 1975 1370 2014 τὰ
1395 1973 1591 2026 πράγματ’

267 2040 444 2092 ἀφῖκται,
478 2039 655 2091 μάλιστα
686 2039 732 2085 δ’,
760 2039 883 2091 ἄνπερ
913 2038 1110 2090 ἐξετάζητ’
1140 2040 1276 2091 ὀρθῶς,
1309 2039 1495 2091 εὑρήσετε
1527 2042 1591 2080 διὰ

266 2106 356 2147 τοὺς
387 2107 621 2159 χαρίζεσθαι
654 2109 812 2157 μᾶλλον
843 2103 866 2155 ἢ
900 2108 948 2146 τὰ
983 2105 1182 2156 βέλτιστα
1213 2106 1348 2158 λέγειν
1381 2123 1588 2158 προαιρου-

264 2172 420 2222 μένους,
455 2174 509 2214 ὧν
540 2189 643 2214 τινες
679 2172 763 2224 μέν,
799 2170 828 2211 ὦ
862 2172 998 2224 ἄνδρες
1028 2172 1242 2223 Ἀθηναῖοι,
1276 2174 1318 2213 ἐν
1349 2173 1407 2214 οῖς
1441 2173 1587 2213 εὐδοκι-
1611 2191 1651 2213 20

264 2243 406 2288 μοῦσιν
448 2239 558 2280 αὐτοὶ
601 2239 663 2279 καὶ
706 2238 902 2283 δύνανται,
944 2242 1063 2278 ταῦτα
1102 2238 1369 2291 φυλάττοντες
1407 2239 1590 2290 οὐδεμίαν

307 2348 327 2377 8
345 2347 512 2386 Ἕλληνας
529 2353 604 2388 post
621 2348 740 2381 ἄλλους
755 2347 830 2378 add.
852 2346 963 2386 vulg.:
993 2357 1057 2378 om.
1079 2346 1114 2377 S¹
1127 2346 1167 2378 L¹
1185 2347 1247 2377 soli
1427 2357 1465 2378 10
1489 2347 1588 2380 ἅπασι

265 2391 438 2432 προσήκειν
456 2397 531 2431 post
549 2391 703 2433 πράττειν
719 2391 794 2421 add.
815 2391 904 2429 vulg.
924 2401 929 2420 :
955 2400 1018 2420 om.
1041 2391 1063 2420 S
1077 2390 1117 2420 L¹
1133 2390 1194 2420 soli
1332 2400 1367 2429 13
1393 2391 1420 2423 δ’
1437 2390 1459 2433 ᾗ
1475 2391 1564 2430 vulg.
1581 2402 1588 2422 ε

265 2433 303 2466 δέ
321 2434 354 2463 5¹
369 2433 408 2464 Ll
421 2434 457 2464 F¹
595 2445 631 2474 17
657 2434 780 2466 τούτων
798 2434 821 2464 S
835 2433 872 2463 L¹
889 2445 895 2463 τ
919 2436 976 2466 τοῦ
993 2434 1081 2466 ταῦθ’
1100 2435 1198 2466 οὕτως
1217 2433 1306 2474 ἔχειν
1324 2433 1414 2473 vulg.
