1763 2828
108 133 218 187 [149]

173 450 219 485 68

111 1281 221 1379 [15ξέ

176 1989 218 2024 71

653 95 1170 184 [ΔΗΜΟΣΘΕΝόγΣ]
1533 130 1573 182 [x

251 238 424 290 πλήθους
450 243 516 280 τοῦ
543 242 760 280 Θετταλῶν
785 243 838 293 τῷ
864 238 954 281 τοὺς
979 237 1189 290 τυράννους
1213 239 1403 288 ἐκβαλεῖν
1428 238 1574 278 Φίλιπ-

250 324 325 347 πον
351 307 480 348 αὐτοῖς
512 307 573 347 καὶ
603 306 673 356 τὴν
700 307 882 346 Πυλαίαν
912 307 1136 346 ἀποδοῦναι·
1175 304 1242 345 οὐκ
1271 303 1318 355 ἦν
1348 306 1389 345 ἐν
1415 303 1576 355 Θήβαις

251 373 449 426 ἀσφαλές,
491 374 581 425 πρὶν
624 373 693 423 τὴν
737 373 927 413 Βοιωτίαν
969 371 1147 413 ἀπέδωκε
1184 371 1247 412 καὶ
1285 371 1375 413 τοὺς
1414 370 1577 414 Φωκέας

251 441 420 481 ἀνεῖλεν.
493 440 585 480 ἀλλ’
624 439 855 490 Ἀθήνησιν,
890 439 935 480 οὐ
969 439 1091 491 μόνον
1124 438 1371 491 Ἀμφίπολιν
1407 438 1471 479 καὶ
1506 437 1578 489 τὴν

252 510 483 560 Καρδιανῶν
509 508 642 562 χώραν
669 507 984 559 ἀπεστερηκότος
1005 507 1220 552 Φιλίππου,
1243 506 1350 546 ἀλλὰ
1371 505 1433 545 καὶ
1459 521 1575 545 κατα-

252 574 513 624 σκευάζοντος
549 575 640 625 ὑμῖν
680 575 934 627 ἐπιτείχισμα
971 573 1043 623 τὴν
1083 574 1261 623 Εὔβοιαν
1305 572 1367 613 καὶ
1409 575 1477 612 νῦν
1513 572 1578 612 ἐπὶ

253 640 463 691 Βυζάντιον
488 641 710 693 παριόντος,
739 640 924 693 ἀσφαλές
958 642 1046 681 ἐστι
1077 639 1212 692 λέγειν
1236 640 1335 691 ὑπὲρ
1359 639 1576 680 Φιλίππου.

253 708 315 748 καὶ
348 707 422 759 γάρ
455 724 516 748 τοι
547 708 696 748 τούτων
731 710 803 758 μὲν
837 709 878 748 ἐκ
914 710 1084 760 πτωχῶν
1121 707 1218 747 ἔνιοι
1253 706 1354 760 ταχὺ
1391 705 1578 746 πλούσιοι

252 775 468 826 γίγνονται,
496 774 557 814 καὶ
582 773 630 824 ἐξ
652 774 864 825 ἀνωνύμων
891 774 953 814 καὶ
977 773 1127 824 ἀδόξων
1158 772 1311 824 ἔνδοξοι
1341 773 1403 813 καὶ
1434 772 1575 825 γνώρι-

251 858 329 891 μοι,
357 841 466 891 ὑμεῖς
497 842 539 882 δὲ
572 841 802 881 τούναντίον
831 842 872 881 ἐκ
906 842 979 891 μὲν
1008 839 1178 891 ἐνδόξων
1210 838 1356 890 ἄδοξοι,
1385 841 1427 879 ἐκ
1456 839 1489 879 δ’
1515 838 1575 879 εὐ-

251 908 382 959 πόρων
415 906 569 959 ἄποροι·
618 907 773 949 πόλεως
806 908 883 959 γὰρ
916 906 1042 959 ἔγωγε
1074 910 1247 947 πλοῦτον
1279 906 1447 958 ἡγοῦμαι
1478 922 1575 956 συμ-

250 973 415 1027 μάχους,
441 975 591 1021 πίστιν,
618 974 786 1021 εὔνοιαν,
812 974 867 1014 ὧν
892 973 1050 1014 πάντων
1074 974 1182 1024 ὑμεῖς
1212 971 1297 1013 ἔστ’
1322 971 1475 1024 ἄποροι.
1537 973 1579 1013 ἐκ

251 1043 293 1082 δὲ
328 1045 395 1081 τοῦ
430 1041 578 1082 τούτων
614 1041 816 1093 ὀλιγώρως
851 1041 949 1091 ὑμᾶς
984 1040 1093 1093 ἔχειν
1131 1040 1194 1080 καὶ
1230 1040 1299 1080 ε’ἇν
1335 1042 1473 1079 τοῦτον
1511 1037 1579 1079 τὸν

251 1108 399 1158 τρόπον
431 1107 640 1160 φέρεσθαι,
675 1108 695 1147 ὁ
727 1110 799 1158 μὲν
834 1107 1027 1157 εὐδαίμων
1058 1106 1118 1147 καὶ
1151 1105 1274 1158 μέγας
1307 1106 1368 1146 καὶ
1401 1104 1579 1157 φοβερὸς

253 1177 376 1215 πᾶσιν
394 1173 575 1225 θΈλλησι
601 1176 663 1216 καὶ
687 1173 924 1226 βαρβάροις,
949 1175 1059 1224 ὑμεῖς
1084 1173 1117 1213 δ’
1138 1174 1274 1224 ἔρημοι
1300 1172 1362 1212 καὶ
1387 1172 1577 1221 ταπεινοί,

252 1247 298 1297 τῇ
322 1244 395 1292 μὲν
416 1243 512 1282 κατὰ
537 1240 608 1292 τὴν
627 1242 776 1293 ἀγορὰν
796 1240 974 1294 εὐετηρίᾳ
998 1240 1187 1292 λαμπροί,
1209 1245 1256 1296 τῇ
1276 1238 1308 1279 δ’
1329 1239 1383 1280 ὧν
1403 1240 1580 1290 προσῆκε

252 1314 480 1365 παρασκευῇ
517 1306 820 1360 καταγέλαστοι.
893 1307 937 1347 οὐ
971 1306 1040 1347 τὸν
1076 1306 1193 1347 αὐτὸν
1230 1308 1272 1347 δὲ
1309 1306 1456 1358 τρόπον
1492 1306 1585 1356 περί

252 1374 287 1415 θ’
312 1375 420 1426 ὑμῶν
447 1376 508 1416 καὶ
534 1375 623 1428 περὶ
647 1375 775 1415 αὑτῶν
801 1375 926 1416 ἐνίους
951 1377 1029 1414 τῶν
1054 1374 1257 1426 λεγόντων
1282 1373 1358 1424 ὁρῶ
1386 1376 1576 1423 βουλευο-

250 1440 405 1492 μένους·
451 1442 551 1492 ὑμᾶς
586 1444 658 1492 μὲν
690 1442 765 1493 γὰρ
797 1441 970 1493 ἡσυχίαν
1003 1439 1115 1493 ἄγειν
1148 1440 1252 1492 φασὶ
1288 1441 1382 1486 δεῖν,
1420 1438 1490 1479 κᾶν
1523 1455 1580 1480 τις

249 1509 349 1560 ὑμᾶς
375 1508 499 1564 ἀδικῇ,
529 1508 637 1549 αὐτοὶ
670 1507 702 1548 δ’
727 1507 772 1548 οὐ
803 1508 989 1548 δύνανται
1022 1506 1113 1558 παρ’
1139 1507 1229 1557 ὑμῖν
1260 1506 1434 1559 ἡσυχίαν
1469 1505 1582 1558 ἄγειν

250 1575 407 1617 οὐδενὸς
443 1575 580 1617 αὐτοὺς
612 1576 850 1615 ἀδικοῦντος.
923 1575 1047 1614 καίτοι
1077 1573 1276 1625 λοιδορίας
1307 1574 1342 1613 εἴ
1369 1589 1427 1614 τις
1460 1572 1580 1626 χωρὶς

251 1642 380 1695 ἔροιτο
406 1640 519 1682 ίεἶπέ
547 1658 627 1693 μοι,
654 1642 696 1682 τί
725 1641 771 1692 δὴ
802 1640 1038 1693 ’γιγνώσκων
1065 1641 1251 1693 ἀκριβῶς,
1280 1639 1578 1691 Ἀριστόμηδες,

249 1708 391 1760 (οὐδεὶς
422 1710 497 1761 γὰρ
532 1710 580 1749 τὰ
612 1707 758 1748 τοιαῦτ’
789 1705 940 1759 ἀγνοεῖ)
970 1707 1039 1748 τὸν
1071 1710 1144 1758 μὲν
1179 1710 1257 1747 τῶν
1290 1707 1454 1747 ἰδιωτῶν
1487 1706 1581 1756 βίον

251 1776 418 1828 ἀσφαλῆ
456 1776 518 1816 καὶ
555 1774 792 1828 ἀπράγμονα
829 1775 890 1815 καὶ
931 1775 1136 1815 ἀκίνδυνον
1174 1775 1280 1819 ὄντα,
1316 1773 1385 1814 τὸν
1425 1774 1466 1813 δὲ
1503 1776 1581 1813 τῶν

252 1841 567 1894 πολιτευομένων
604 1843 809 1895 φιλαίτιον
847 1841 908 1881 καὶ
946 1841 1154 1894 σφαλερὸν
1191 1841 1253 1881 καὶ
1287 1839 1372 1880 καθ’
1409 1838 1580 1890 ἑκάστην

251 1908 399 1962 ἡμέραν
433 1910 599 1962 ἀγώνων
633 1910 696 1950 καὶ
728 1912 854 1949 κακῶν
888 1909 1049 1960 μεστόν,
1077 1908 1121 1949 οὐ
1154 1907 1222 1948 τὸν
1255 1907 1439 1960 ἡσύχιον,
1475 1906 1581 1946 ἀλλὰ

251 1976 321 2017 τὸν
346 1978 389 2018 ἐν
413 1980 495 2018 τοῖς
529 1976 721 2018 κινδύνοις
751 1975 883 2027 αἱρεῖ,·’
920 1976 960 2016 τί
990 1975 1038 2017 ἂν
1071 1976 1212 2022 εἵποις;
1252 1975 1286 2015 εἷ
1317 1975 1394 2027 γὰρ
1426 1972 1446 2013 ὃ
1479 1972 1577 2024 βέλ-

300 2099 312 2118 1
341 2087 518 2125 ἐκβάλλειν
535 2087 560 2118 S
690 2087 712 2117 6
736 2088 809 2124 ὑμῖν
825 2086 881 2117 viii
898 2087 942 2117 66
956 2097 961 2116 :
986 2086 1063 2125 ἡμῖν
1080 2085 1175 2117 codd.
1301 2094 1323 2123 9
1345 2084 1515 2124 ’γίγνονται
1534 2082 1558 2113 S
1574 2093 1580 2112 :

251 2131 410 2173 ’γεγόνασι
427 2131 528 2171 vulg,
550 2131 589 2162 cf.
611 2130 668 2161 viii
686 2130 730 2160 66
909 2139 946 2159 12
971 2131 1057 2169 ὑμεῖς
1073 2134 1153 2160 ante
1171 2127 1248 2160 ἔστε
1272 2127 1295 2158 S
1312 2127 1415 2158 Vind.
1436 2137 1449 2156 1
1467 2137 1474 2156 ε
1503 2130 1582 2165 post

254 2176 330 2207 ἔστε
347 2175 436 2214 vulg.
458 2179 492 2206 et
508 2174 566 2204 viii
583 2175 625 2204 66
770 2183 808 2212 13
835 2175 911 2212 ὑμᾶς
928 2183 990 2203 om.
1013 2173 1046 2202 in
1064 2173 1121 2203 viii
1139 2173 1179 2210 67
1199 2172 1222 2201 S
1236 2170 1316 2201 L¹A
1328 2170 1366 2200 1³1
1465 2172 1582 2202 τοῦτον

253 2220 312 2250 τὸν
327 2218 448 2260 τρόπον
464 2228 527 2248 om.
549 2217 606 2248 viii
622 2219 662 2255 67
821 2227 858 2254 14
883 2217 925 2248 τὰ
941 2216 1112 2257 πράγματα
1128 2220 1206 2246 ante
1223 2213 1373 2256 φέρεσθαι
1392 2212 1582 2255 (προσφέρε-

255 2265 327 2294 σθαι
357 2262 395 2302 S)
424 2262 499 2292 add.
533 2262 645 2301 vulg:
681 2270 743 2292 om.
773 2259 861 2298 SA1,
889 2259 929 2290 cf.
958 2259 1014 2289 viii
1039 2260 1079 2298 67
1293 2267 1332 2287 21
1366 2258 1464 2298 χωρὶς
1489 2259 1581 2288 εἴτις

254 2306 345 2344 vulg.
511 2315 551 2335 22
574 2303 651 2347 <σ’>
667 2304 769 2345 ἔροιτο
787 2303 895 2333 Cobet
1012 2301 1242 2344 Ἀριστόμηδες
1259 2299 1346 2332 SA:
1370 2299 1582 2340 Ἀριστόδημε

255 2350 345 2388 vulg.
524 2350 566 2378 26
590 2349 641 2380 καὶ
659 2346 846 2389 ἀπράγμονα
862 2350 939 2386 post
960 2345 1100 2387 ἡσύχιον
1120 2346 1197 2376 add.
1214 2344 1300 2383 vulg.
1319 2355 1326 2374 ι
1358 2352 1423 2374 om.
1445 2344 1468 2373 S
1490 2343 1583 2374 solus

255 2402 296 2432 27
322 2393 404 2433 αἱρεῖ
419 2391 586 2422 Dindorf:
611 2392 681 2434 αἱρῇ
700 2390 796 2421 codd.
890 2390 987 2421 εἴποις
1004 2389 1094 2428 vulg.
1111 2400 1116 2419 :
1142 2390 1223 2420 εἴποι
1240 2400 1289 2420 τις
1306 2387 1331 2418 S
1348 2387 1442 2418 solus

1598 525 1616 556 5

1601 857 1640 878 10

1603 1188 1639 1220 15

1602 1521 1641 1543 20

1602 1853 1639 1886 ²5
