1731 2844
113 856 150 878 10

109 1513 148 1536 20

109 1844 145 1876 25

176 136 216 190 x]
529 139 685 178 KATA
733 138 1048 177 ΦΙΛΙΠΠΟΎ
1096 140 1131 176 Δ

174 244 307 298 ἐκείνῳ
333 246 512 295 φανερῶς
536 242 865 293 ἀποτυμπανίσαι·
901 240 946 281 οὐ
971 242 1045 293 γὰρ
1070 240 1193 286 ἔστιν,
1214 240 1281 280 οὐκ
1307 241 1393 281 ἔστι
1410 245 1488 282 τῶν

173 308 248 359 ἔξω
283 311 351 360 τῆς
387 310 540 351 πόλεως
572 310 723 362 ἐχθρῶν
757 309 962 360 κρατῆσαι,
993 307 1083 359 πρὶν
1116 306 1164 347 ἂν
1195 306 1285 348 τοὺς
1318 308 1360 347 ἐν
1392 307 1488 363 αὐτῇ

172 382 220 433 τῇ
256 376 371 416 πόλει
406 374 593 425 κολάσητ’
628 374 806 428 ἐχθρούς,
843 372 936 413 ἀλλ’
972 372 1125 425 ἀνάγκη
1163 373 1315 414 τούτοις
1352 373 1487 425 ὥσπερ

173 443 390 495 προβόλοις
402 442 751 493 προσπταίσαντας
761 440 977 492 ὑστερίζειν
990 440 1161 480 ἐκείνων.
1219 439 1341 479 πόθεν
1356 440 1488 479 οἴεσθε

172 513 238 549 νῦν
263 508 379 548 αὐτὸν
403 508 577 560 ὑβρίζειν
601 508 699 558 ὑμᾶς
715 506 844 558 (οὐδὲν
868 507 943 558 γὰρ
968 505 1059 546 ἄλλ’
1079 505 1213 558 ἔμοιγε
1232 508 1338 546 δοκεῖ
1360 508 1488 546 ποιεῖν

170 572 193 625 ἢ
218 572 346 623 τοῦτο)
369 574 431 614 καὶ
459 574 547 616 τοὺς
579 575 651 625 μὲν
684 572 832 615 ἄλλους
866 572 906 613 εὖ
939 575 1136 618 ποιοῦντα,
1163 573 1197 612 εἷ
1224 574 1346 623 μηδὲν
1371 571 1484 618 ἄλλο,

171 639 382 690 ἐξαπατᾶν,
419 641 508 690 ὑμῖν
545 639 578 680 δ’
614 640 792 680 ἀπειλεῖν
827 637 918 689 ἤδη;
970 639 1052 680 οἶον
1089 637 1319 680 Θετταλοὺς
1354 639 1488 678 πολλὰ

171 707 259 749 δοὺς
296 705 508 758 ὑπηγάγετ’
547 707 601 748 εἰς
637 705 707 756 τὴν
743 709 812 746 νῦν
848 708 1050 757 παροῦσαν
1087 705 1280 745 δουλείαν·
1323 704 1403 745 οὐδ’
1438 704 1487 745 ἂν

171 774 294 813 εἰπεῖν
319 772 462 813 δύναιτ’
482 772 608 814 οὐδεὶς
631 773 709 812 ὅσα
732 771 820 813 τοὺς
845 772 1116 824 ταλαιπώρους
1135 771 1368 812 Ὀλυνθίους
1391 772 1484 822 πρό-

169 855 282 891 τερον
301 838 388 880 δοὺς
406 840 642 879 Ποτείδαιαν
658 837 883 889 ἐξηπάτησε
900 839 962 879 καὶ
982 837 1099 879 πόλλ’
1118 838 1243 889 ἕτερα·
1279 837 1487 888 Θηβαίους

168 907 216 945 τὰ
250 908 317 945 νῦν
352 904 492 957 ὑπάγει
528 904 599 955 τὴν
636 906 827 945 Βοιωτίαν
863 904 993 946 αὐτοῖς
1028 903 1224 956 παραδοὺς
1261 903 1322 943 καὶ
1358 904 1484 943 ἀπαλ-

169 970 293 1021 λάξας
325 971 499 1022 πολέμου
532 975 685 1011 πολλοῦ
716 971 778 1011 καὶ
814 974 1004 1024 χαλεποῦ*
1050 970 1153 1011 ὥστε
1186 968 1491 1022 καρπωσάμενοί

170 1037 242 1077 τιν’
268 1037 428 1077 ἕκαστοι
459 1037 604 1077 τούτων
642 1035 888 1088 πλεονεξίαν,
915 1039 950 1077 οἱ
983 1039 1054 1087 μὲν
1087 1036 1159 1087 ἤδη
1192 1037 1439 1076 πεπόνθασιν
1463 1036 1487 1076 ἃ

170 1103 216 1153 δὴ
250 1104 505 1149 πεπόνθασιν,
536 1105 572 1143 οἱ
607 1102 639 1143 δ’
673 1104 767 1144 ὅταν
799 1105 893 1144 ποτὲ
927 1104 1063 1158 συμβῇ
1100 1104 1318 1143 πείσονται.
1378 1103 1486 1152 ὑμεῖς

170 1168 203 1209 δ’
235 1170 289 1209 ὧν
323 1172 395 1219 μὲν
430 1165 762 1221 ’Ϋᾶπεστέρησθεῒ
795 1172 945 1210 σιωπῶ·
987 1168 1080 1209 ἀλλ’
1113 1171 1154 1209 ἐν
1191 1168 1294 1223 αὐτῷ
1327 1172 1379 1222 τῷ
1416 1167 1486 1218 τὴν

171 1234 325 1287 εἰρήνην
352 1235 610 1286 ποιήσασθαι,
631 1234 725 1276 πόσ’
751 1234 1013 1286 ἐξηπάτησθε,
1035 1235 1171 1276 πόσων
1196 1233 1482 1285 ἀπεστέρησθε.

168 1301 257 1353 οὐχὶ
295 1301 470 1348 Φωκέας,
512 1301 556 1341 οὐ
596 1301 746 1347 Πύλας,
790 1301 878 1354 οὐχὶ
919 1302 1011 1341 τάπὶ
1054 1299 1226 1355 Θρᾴκης,
1270 1301 1482 1351 Δορίσκον,

168 1366 341 1419 Σέρριον,
377 1367 445 1408 τὸν
479 1366 792 1419 Κερσοβλέπτην
829 1367 966 1414 αὐτόν;
1007 1367 1051 1406 οὐ
1086 1371 1154 1407 νῦν
1191 1366 1365 1419 Καρδίαν
1398 1366 1483 1419 ἔχει

169 1433 229 1473 καὶ
254 1434 459 1485 ὁμολογεῖ;
497 1434 537 1473 τί
562 1433 648 1474 ποτ’
674 1433 741 1474 οὗν
765 1434 921 1475 ἐκείνως
945 1436 1026 1475 τοῖς
1054 1432 1206 1478 ἄλλοις,
1235 1432 1296 1472 καὶ
1324 1433 1414 1483 ὑμῖν
1439 1431 1484 1472 οὐ

166 1502 303 1539 τοῦτον
334 1499 402 1540 τὸν
430 1500 576 1552 τρόπον
609 1499 898 1552 προσφέρεται,·
936 1501 997 1540 ὅτι
1029 1501 1072 1540 ἐν
1102 1500 1202 1555 μόνῃ
1234 1502 1310 1539 τῶν
1342 1502 1483 1539 πασῶν

167 1566 322 1606 πόλεων
346 1572 393 1622 τῇ
421 1565 586 1620 ὑμετέρᾳ
614 1565 709 1606 ἄδει’
734 1566 830 1617 ὑπὲρ
860 1569 937 1606 τῶν
968 1567 1119 1618 ἐχθρῶν
1151 1564 1285 1617 λέγειν
1315 1564 1480 1610 δέδοται,

166 1633 228 1672 καὶ
252 1633 433 1683 λαβόντα
457 1631 623 1685 χρήματ’
646 1631 764 1672 αὐτὸν
788 1631 973 1685 ἀσφαλές
1000 1633 1086 1672 ἐστι
1109 1631 1244 1684 λέγειν
1269 1630 1359 1684 παρ’
1377 1632 1479 1681 ὑμῖν,

168 1697 238 1738 κᾶν
273 1697 518 1754 ἀφῃρημένοι
554 1699 602 1738 τὰ
633 1697 785 1751 ὑμέτερ’
817 1698 944 1740 αὐτῶν
977 1697 1055 1749 ἦτε.
1117 1699 1185 1739 οὐκ
1218 1698 1265 1749 ἦν
1297 1698 1482 1749 ἀσφαλὲς

166 1763 299 1816 λέγειν
324 1766 366 1805 ἐν
391 1764 572 1819 Ὀλύνθῳ
591 1766 640 1805 τὰ
658 1766 861 1806 Φιλίππου
883 1765 935 1816 μὴ
962 1764 1036 1806 σὺν
1060 1765 1102 1806 εὖ
1126 1765 1380 1806 πεπονθότων
1405 1767 1482 1803 τῶν

167 1835 328 1871 πολλῶν
370 1830 590 1872 Ὀλυνθίων
636 1835 688 1885 τῷ
731 1832 968 1872 Ποτείδαιαν
1011 1834 1266 1885 καρποῦσθαι·
1321 1830 1388 1871 οὐκ
1434 1829 1482 1879 ἦν

167 1897 350 1948 ἀσφαλὲς
385 1896 518 1948 λέγειν
555 1899 596 1938 ἐν
630 1898 831 1951 Θετταλίᾳ
865 1898 917 1949 μὴ
952 1899 1026 1940 σὺν
1063 1899 1104 1939 εὗ
1140 1898 1379 1939 πεπονθότος
1413 1900 1481 1936 τοῦ

211 2013 223 2032 Ι
250 2006 354 2043 μισεῖν
371 2005 421 2036 καὶ
438 2010 514 2044 post
530 2008 670 2047 φανερῶς
686 2006 761 2036 add.
778 2006 866 2045 vulg.
884 2017 890 2037 :
916 2016 983 2038 om.
999 2007 1021 2037 S
1035 2006 1100 2037 FY
1118 2011 1152 2037 et
1169 2006 1223 2036 viii
1241 2006 1279 2035 61
1423 2004 1480 2044 ἔξω

165 2049 229 2078 τῶν
247 2048 270 2077 S
288 2048 381 2078 solus
532 2058 551 2085 4
576 2049 856 2089 προσπταίσαντας
875 2049 899 2079 S
915 2062 921 2080 :
946 2050 1204 2091 προσπταίοντας
1221 2053 1298 2079 cett.
1317 2052 1350 2078 et
1366 2046 1421 2077 viii
1439 2049 1477 2076 61

165 2089 253 2128 vulg.
343 2090 439 2122 πόθεν
457 2090 493 2121 S¹
508 2102 513 2120 ε
538 2091 634 2123 πόθεν
648 2092 711 2133 γὰρ
729 2092 753 2122 F
766 2092 794 2122 Y
808 2093 831 2122 S
850 2103 935 2124 corr.
952 2105 958 2123 :
983 2094 1051 2124 ἐπεὶ
1068 2093 1164 2124 πόθεν
1181 2093 1283 2132 vulg,
1305 2091 1345 2121 cs.
1365 2091 1421 2120 viii
1438 2091 1480 2120 62

166 2141 185 2170 5
209 2133 252 2165 εἷς
269 2137 346 2163 ante
364 2136 440 2173 ὑμᾶς
457 2134 535 2165 add.
552 2135 641 2173 vulg.
659 2145 665 2164 :
694 2145 757 2167 om.
778 2135 802 2166 S
815 2135 846 2165 A
860 2136 934 2173 FY,
954 2136 994 2166 cf.
1011 2136 1067 2165 viii
1084 2137 1126 2165 62
1306 2145 1340 2164 11
1368 2133 1480 2174 ὑπάγει

168 2174 251 2207 SA:
277 2176 432 2217 ὑπάγεται
449 2178 539 2216 vulg.
691 2188 728 2216 13
751 2180 811 2217 ἤδη
828 2180 916 2219 vulg.
934 2191 940 2209 :
964 2179 1002 2217 δὴ
1022 2180 1044 2208 S
1061 2179 1154 2209 solus
1243 2177 1438 2209 πεπόνθασιν
1456 2177 1480 2207 S

166 2218 263 2250 Vind.
287 2230 299 2250 1
318 2231 324 2249 :
348 2219 465 2252 πάντες
481 2223 591 2252 ἴσασιν
607 2221 695 2260 vulg.
715 2226 749 2252 et
764 2222 822 2252 viii
839 2224 881 2261 63
1060 2232 1097 2260 14
1122 2223 1199 2253 ὅταν
1215 2222 1247 2251 in
1265 2221 1321 2251 viii
1337 2222 1379 2259 63
1398 2220 1421 2250 S
1435 2220 1479 2250 L:

166 2262 182 2292 ὅ
198 2275 228 2293 τι
246 2263 284 2294 ἂν
300 2263 394 2293 codd.
549 2273 586 2302 15
611 2264 829 2306 ἀπεστέρησθε
847 2266 911 2296 vid.
932 2266 973 2296 ad
990 2265 1047 2295 viii
1064 2267 1106 2303 63
1264 2265 1302 2294 18
1327 2262 1477 2305 Καρδίαν]

167 2305 227 2342 τὴν
243 2305 337 2337 πόλιν
353 2307 413 2344 τὴν
432 2309 610 2347 Καρδιανῶν
627 2307 683 2337 viii
699 2309 740 2344 64
846 2319 885 2348 19
910 2309 1036 2340 ἐκείνως
1055 2309 1078 2338 S
1090 2307 1120 2337 Α
1131 2307 1161 2337 Y
1174 2307 1224 2338 O:
1252 2309 1371 2340 ἐκεῖνος
1387 2307 1478 2345 vulg.

168 2357 209 2377 20
231 2351 346 2380 τοῦτον
361 2351 418 2381 τὸν
436 2350 459 2380 S
475 2361 482 2379 ε
513 2352 548 2382 οὐ
569 2351 627 2382 τὸν
643 2352 740 2382 αὐτὸν
755 2351 843 2391 vulg.
863 2357 897 2382 et
913 2352 967 2382 viii
985 2353 1025 2389 64
1202 2351 1244 2380 26
1267 2352 1308 2382 τὰ
1322 2350 1480 2383 Φιλίππου

167 2395 242 2428 post
259 2393 292 2423 ἐν
309 2393 472 2435 Θετταλίᾳ
488 2393 562 2424 add.
580 2393 668 2432 vulg.
688 2398 721 2424 et
738 2394 794 2425 viii
810 2396 851 2433 65
866 2406 871 2425 :
896 2406 962 2427 om.
983 2394 1046 2425 SA
1060 2395 1083 2424 F
1096 2395 1126 2424 Y

1519 138 1625 194 [148]

1515 975 1557 1019 65

1512 1397 1621 1488 ἔξω]

1511 1699 1554 1741 67
