1763 2828
129 148 238 202 [129]
325 150 813 187 ΔΗΜΟΣΘΕΝΟΎΣ
865 150 1023 187 ΚΑΤΑ
1073 150 1391 187 ΦΙΛΙΠΠΟΎ
1440 151 1467 187 Γ
1535 145 1592 199 [lx

272 252 455 306 ἐπισχεῖν
484 253 633 294 ἐκεῖνον
668 253 729 293 καὶ
760 251 847 303 μήτ’
883 252 944 293 ἐπ’
977 252 1227 304 Ἀμβρακίαν
1261 254 1392 294 ἐλθεῖν
1422 252 1512 304 μήτ’
1543 255 1597 296 εἷς

195 332 239 369 73
272 319 588 370 Πελοπόννησον
630 320 811 371 ὁρμῆσαι.
885 319 929 359 οὐ
970 319 1105 370 μέντοι
1147 318 1253 371 λέγω
1295 321 1417 371 μηδὲν
1457 320 1598 363 αὐτοὺς

268 386 364 438 ὑπὲρ
391 388 518 427 αὑτῶν
543 387 756 438 ἀναγκαῖον
783 385 994 428 ἐθέλοντας
1019 389 1159 436 ποιεῖν,
1187 386 1277 428 τοὺς
1300 386 1448 430 ἄλλους
1472 403 1594 439 παρα-

271 456 417 493 καλεῖν·
468 454 529 494 καὶ
562 455 636 505 γὰρ
670 454 805 504 εὔηθες
838 455 885 493 τὰ
918 452 1028 494 οἰκεῖ’
1062 453 1201 494 αὐτοὺς
1234 452 1487 506 προϊεμένους
1519 458 1597 495 τῶν

268 519 489 572 ἀλλοτρίων
516 520 689 571 φάσκειν
720 519 919 570 κήδεσθαι,
953 520 1015 560 καὶ
1048 521 1096 560 τὰ
1130 520 1304 571 παρόντα
1335 524 1634 572 περιορῶντας5

267 587 362 638 ὑπὲρ
391 591 468 627 τῶν
492 587 722 637 μελλόντων
746 587 835 629 τοὺς
862 587 1008 629 ἄλλους
1033 590 1193 639 φοβεῖν.
1264 587 1308 627 οὐ
1332 586 1438 639 λέγω
1461 591 1595 636 ταῦτα,

266 653 372 693 ἀλλὰ
408 657 488 696 τοῖς
524 655 596 704 μὲν
632 655 674 693 ἐν
709 652 948 708 Χερρονήσῳ
986 653 1152 707 χρήματ’
1189 653 1458 695 ἀποστέλλειν
1495 654 1597 707 φημὶ

266 722 347 761 δεῖν
367 720 429 760 καὶ
448 719 562 760 τᾶλλ’
579 719 642 760 ὅσ’
657 721 681 760 ἆ
709 724 809 760 ιοῦσι
829 724 967 766 ποιεῖν,
990 720 1128 762 αὐτοὺς
1148 723 1188 762 δὲ
1211 719 1592 773 παρασκευάζεσθαι,

125 787 232 842 [130]
265 786 354 829 τοὺς
391 786 423 826 δ’
456 786 603 828 ἄλλους
629 785 836 837 “Ελληνας
871 791 1099 839 συγκαλεῖν,
1140 787 1339 840 συνάγειν,
1379 787 1592 835 διδάσκειν,

264 855 477 894 νουθετεῖν·
515 852 622 893 ταῦτ’
649 854 760 894 ἐστὶν
789 854 943 896 πόλεως
972 853 1108 905 ἀξίωμ’
1137 855 1310 908 ἐχούσης
1340 854 1479 906 ἡλίκον
1507 855 1594 905 ὑμῖν
1619 867 1657 892 ιο

189 935 232 970 74
264 919 443 974 ὑπάρχει.
515 921 548 961 εἰ
581 919 614 960 δ’
647 921 781 962 οἴεσθε
813 919 1034 963 Χαλκιδέας
1068 921 1139 971 τὴν
1169 920 1349 961 Ἑλλάδα
1387 921 1535 962 σώσειν
1571 917 1595 971 ἢ

266 985 489 1039 Μεγαρέας,
517 988 626 1037 ὑμεῖς
655 986 688 1027 δ’
718 986 1018 1039 ἀποδράσεσθαι
1046 988 1095 1027 τὰ
1120 986 1342 1040 πράγματα,
1373 987 1441 1028 οὐκ
1471 989 1595 1040 ὀρθῶς

264 1054 411 1094 οἴεσθε·
449 1053 653 1105 ἀγαπητὸν
678 1055 754 1106 γὰρ
780 1055 848 1095 ἐὰν
867 1053 977 1095 αὐτοὶ
1003 1052 1201 1109 σῴζωνται
1225 1055 1375 1095 τούτων
1397 1053 1594 1096 ἑκάστοις.

263 1119 355 1161 ἀλλ’
379 1121 470 1171 ὑμῖν
494 1124 609 1161 τοῦτο
634 1120 840 1173 πρακτέον·
877 1122 967 1172 ὑμῖν
992 1122 1028 1162 οἱ
1057 1121 1245 1173 πρόγονοι
1268 1124 1384 1161 τοῦτο
1409 1120 1453 1161 τὸ
1482 1120 1594 1173 γέρας

252 1183 484 1238 ’ἐκτήσαντο
514 1189 576 1229 καὶ
608 1187 820 1229 κατέλιπον
844 1190 942 1239 μετὰ
971 1191 1135 1229 πολλῶν
1161 1188 1222 1229 καὶ
1251 1187 1437 1241 μεγάλων
1465 1187 1592 1229 κινδύ-
1617 1202 1653 1234 15

188 1268 229 1306 75
264 1270 353 1295 νων.
425 1256 458 1295 εἰ
483 1254 515 1295 δ’
542 1254 561 1295 ὃ
587 1256 778 1306 βούλεται
805 1255 926 1306 ζητῶν
952 1256 1120 1297 ἕκαστος
1147 1257 1376 1301 καθεδεῖται,
1399 1255 1461 1296 καὶ
1487 1255 1593 1297 ὅπως

262 1323 382 1371 μηδὲν
408 1321 523 1364 αὐτὸς
550 1322 708 1373 ποιήσει
734 1326 907 1368 σκοπῶν,
935 1326 1091 1373 πρῶτον
1115 1324 1187 1373 μὲν
1212 1322 1300 1364 οὐδὲ
1328 1321 1474 1373 μήποθ’
1501 1322 1592 1377 εὕρῃ

263 1388 353 1430 τοὺς
392 1387 646 1439 ποιήσοντας,
685 1388 820 1430 ἔπειτα
857 1388 1004 1443 δέδοιχ’
1040 1389 1146 1431 ὅπως
1184 1388 1235 1440 μὴ
1275 1388 1390 1430 πάνθ’
1428 1387 1492 1439 ἅμ’
1529 1387 1592 1428 ὅσ’

263 1454 307 1495 οὐ
331 1456 561 1506 βουλόμεθα
586 1459 712 1497 ποιεῖν
737 1456 830 1506 ἡμῖν
855 1456 1004 1508 ἀνάγκη
1030 1454 1253 1508 γενήσεται.

187 1524 232 1567 76
330 1520 436 1574 Ἐγὼ
465 1524 536 1573 μὲν
562 1522 607 1573 δὴ
637 1526 760 1563 ταῦτα
788 1523 908 1575 λέγω,
935 1526 1055 1563 ταῦτα
1086 1522 1240 1575 γράφω·
1281 1522 1341 1563 καὶ
1372 1524 1502 1573 οἴομαι
1530 1522 1594 1562 καὶ
1615 1537 1655 1560 20

261 1591 331 1630 νῦν
357 1588 410 1630 ἔτ’
436 1590 757 1641 ἐπανορθωθῆναι
781 1589 830 1630 ἂν
855 1591 902 1629 τὰ
928 1589 1136 1642 πράγματα
1161 1589 1308 1630 τούτων
1333 1588 1591 1642 γιγνομένων.

264 1655 298 1696 εἰ
323 1654 366 1696 δέ
385 1672 442 1698 τις
468 1657 552 1709 ἕχει
571 1656 721 1697 τούτων
740 1673 776 1696 τι
801 1655 978 1707 βέλτιον,
999 1656 1150 1708 λεγέτω
1178 1657 1240 1697 καὶ
1266 1655 1590 1708 συμβουλευέτω.

263 1721 286 1761 ὅ
310 1738 346 1762 τι
371 1721 402 1762 δ’
428 1723 517 1774 ὑμῖν
542 1722 659 1773 δόξει,
686 1722 805 1769 τοῦτ’,
832 1721 861 1763 ὦ
888 1722 1031 1765 πάντες
1056 1724 1151 1769 θεοί,
1179 1722 1421 1775 συνενέγκοι.

307 1841 329 1871 9
359 1832 432 1863 τοὺς
456 1831 484 1863 δ’
508 1832 627 1864 ἄλλους
652 1830 819 1863 SFYO:
857 1832 908 1864 καὶ
936 1832 1076 1874 πρώτους
1107 1832 1126 1864 ἃ
1152 1833 1216 1874 χρὴ
1243 1834 1413 1865 ποιοῦντας
1436 1831 1514 1864 τότε
1540 1832 1591 1864 καὶ

275 1875 348 1907 τοὺς
374 1875 493 1907 ἄλλους
517 1874 548 1904 Α
569 1874 659 1914 vulg.
808 1885 846 1905 12
878 1876 1111 1917 ἀποδράσεσθαι
1138 1875 1224 1906 SA:
1258 1875 1477 1917 ἀποδράσεσθε
1501 1875 1589 1915 vulg.

268 1928 305 1957 13
331 1918 479 1950 ἑκάστοις
502 1918 629 1949 Cobet:
661 1918 792 1951 ἕκαστοι
816 1919 910 1950 codd.
1092 1930 1129 1958 14
1153 1922 1251 1951 τοῦτο
1267 1921 1306 1951 τὸ
1322 1918 1420 1961 γέρας
1438 1919 1461 1950 S
1477 1918 1566 1957 vulg.
1583 1930 1591 1950 ε

263 1964 361 1993 τοῦτο
377 1961 472 2003 ’γέρας
491 1961 662 1992 Palatinus
679 1972 691 1992 1
703 1972 739 2002 13
755 1973 761 1992 :
785 1963 824 1994 τὸ
839 1962 937 2004 ’γέρας
953 1965 1050 1994 τοῦτο
1065 1962 1163 1994 Blass
1256 1972 1293 2002 15
1318 1965 1426 1995 καλῶν
1442 1963 1493 1994 καὶ
1510 1966 1590 1993 ante

262 2004 417 2045 μεγάλων
432 2005 506 2035 add.
528 2005 615 2044 vulg.
634 2017 640 2036 :
664 2015 728 2037 om.
749 2005 796 2045 Sl,
815 2006 854 2037 cs.
877 2006 910 2036 iii
929 2008 972 2045 36
1124 2017 1160 2045 17
1185 2006 1311 2044 ποιήσει
1329 2006 1353 2037 S
1371 2016 1458 2037 corr.
1476 2016 1523 2046 pr.
1544 2016 1587 2036 m.

262 2048 294 2079 A
306 2048 332 2078 Β
346 2060 352 2078 z
371 2049 489 2091 ποιήσῃ
505 2049 540 2080 S¹
555 2049 658 2088 vulg„
673 2049 711 2080 cs.
731 2051 768 2087 ἐξ
785 2060 838 2089 51,
853 2051 907 2089 56,
922 2052 965 2089 69
1047 2049 1117 2082 οὐδὲ
1136 2049 1160 2081 S
1173 2049 1223 2080 O:
1251 2052 1285 2081 οὐ
1298 2049 1329 2080 Α
1342 2049 1368 2080 F
1471 2050 1510 2080 18
1526 2049 1590 2088 ἅμα

263 2097 342 2123 ante
361 2093 422 2124 ὅσα
438 2103 501 2123 om.
522 2092 634 2132 vulg.:
659 2094 736 2124 add.
756 2093 780 2124 S
888 2104 926 2132 19
949 2095 1125 2134 γενήσεται
1142 2093 1228 2133 vulg.
1245 2108 1250 2125 :
1276 2092 1411 2134 γένηται
1430 2092 1495 2124 SA
1508 2092 1587 2132 FO,

264 2136 305 2166 cf.
324 2136 381 2166 viii
406 2145 447 2175 53
581 2142 658 2176 post
680 2137 857 2178 ’γενήσεται
877 2137 1039 2178 (γένηται)
1062 2138 1138 2169 add.
1158 2138 1187 2169 εἶ
1208 2137 1271 2178 ’γὰρ
1294 2136 1390 2174 ἦσαν,
1408 2136 1532 2177 εὕρηντ’
1551 2137 1590 2168 ἂν

265 2178 374 2219 πάλαι,
395 2179 489 2212 ἕνεκά
504 2193 544 2221 ’γε
562 2182 619 2212 τοῦ
635 2180 734 2219 μηδὲν
752 2181 832 2220 ἡμᾶς
851 2180 919 2218 (vel
938 2182 1030 2220 ὑμᾶς)
1047 2181 1158 2213 αὐτοὺς
1175 2183 1276 2212 ποιεῖν
1294 2179 1427 2217 ἐθέλειν,
1443 2180 1518 2211 ἀλλ’
1532 2181 1588 2211 οὐκ

265 2223 347 2254 εἰσίν
363 2222 450 2262 vulg.
468 2235 474 2255 :
499 2234 562 2254 om.
587 2224 610 2254 S
626 2223 711 2260 FO;
737 2234 823 2263 quae
840 2224 867 2254 si
887 2234 1023 2254 servare
1041 2224 1163 2264 placet,
1181 2227 1257 2263 post
1273 2223 1468 2261 ποιήσοντας
1485 2223 1585 2254 collo-

264 2267 370 2296 canda
387 2272 466 2297 sunt
599 2277 640 2297 22
664 2266 787 2299 τούτων
802 2281 833 2299 τι
851 2267 937 2306 vulg.
956 2279 961 2298 :
987 2281 1018 2299 τι
1035 2267 1158 2299 τούτων
1171 2268 1201 2297 Α
1217 2279 1223 2297 :
1247 2267 1370 2298 τούτων
1388 2267 1412 2297 S
1429 2266 1470 2296 al.
1517 2265 1588 2296 Aut

263 2322 294 2339 τι
313 2310 525 2341 retinendum
544 2315 601 2341 aut
619 2310 740 2347 βελτίω
758 2310 937 2349 legendum
955 2321 1029 2341 cum
1049 2311 1076 2342 B
1089 2310 1132 2342 Y¹
1145 2310 1174 2342 O
1188 2309 1288 2342 Vind.
1312 2319 1325 2340 1
1439 2319 1480 2348 23
1505 2308 1588 2350 δόξει

262 2351 361 2383 Vind.
386 2363 414 2391 ι,
433 2364 472 2391 4:
500 2353 586 2395 δόξηι
605 2355 647 2386 S:
673 2353 773 2394 δόξειε
790 2353 878 2394 vulg.

314 2399 351 2430 In
372 2399 396 2430 S
414 2399 638 2440 subscriptum

746 2448 851 2474 ΚΑΤΑ
875 2448 1076 2476 ΦΙΛΙΠΠΟὙ
1101 2449 1122 2476 Γ

653 2491 715 2519 ΓΗ
736 2484 1083 2527 raegsfflffl1n.rec.j
1109 2493 1219 2519 ΔΔΔ
