1731 2844
139 151 208 205 vn]
503 155 647 193 ΠΕΡΙ
699 155 1085 192 ΑΛΟΝΝΗΣΟΥ
1486 156 1571 210 [87]

136 263 236 309 φησι
272 257 373 297 τοῦτ’
410 257 651 310 ἀναγκάσειν
689 256 828 298 αὐτοὺς
870 258 1046 306 ποιῆσαι.
1117 256 1177 308 ἆρ’
1216 257 1259 297 οὐ
1301 257 1454 310 μεγάλα

134 324 317 375 φαίνεται
347 324 444 374 ὑμᾶς
475 324 705 375 εὐεργετῶν;
745 323 806 362 καὶ
835 323 977 372 ταύτην
1007 322 1078 372 τὴν
1108 323 1326 373 ἐπιστολήν
1355 340 1456 365 τινες
1485 339 1528 374 45

134 389 175 430 εὖ
205 388 364 442 ἔφασαν
392 389 627 442 γεγράφθαι,
659 389 694 429 οἳ
724 388 826 429 πολὺ
854 387 902 429 ἂν
932 389 1173 440 δικαιότερον
1203 389 1270 442 ὑφ’
1299 391 1405 440 ὑμῶν
1432 387 1455 439 ἢ

134 456 336 497 Φίλιππος
364 459 557 507 μισοῖντο.
628 457 775 497 ἐκεῖνος
802 454 876 506 μέν
901 454 938 508 γ’
964 455 1086 509 ἑαυτῷ
1115 456 1308 506 κτώμενος
1338 454 1456 506 δόξαν

93 540 111 571 5
134 522 194 562 καὶ
219 521 361 575 μεγάλ’
386 523 514 574 ἀγαθὰ
538 521 693 562 ἅπαντα
719 520 802 561 καθ’
826 522 934 572 ὑμῶν
958 521 1132 573 πράττει·
1171 522 1261 562 ὅσοι
1285 521 1318 561 δ’
1338 521 1453 572 Ἀθη-

132 591 233 629 ναῖοι
258 590 368 630 ὄντες
390 588 441 639 μὴ
466 589 512 644 τῇ
537 589 706 640 πατρίδι,
728 588 835 628 ἀλλὰ
854 588 1043 642 Φιλίππῳ
1064 588 1219 628 εὔνοιαν
1239 589 1453 630 ἐνδείκνυν-

131 671 205 701 ται,
236 653 426 706 προσήκει
453 655 593 697 αὐτοὺς
623 653 691 707 ὑφ’
718 655 824 705 ὑμῶν
857 654 996 696 κακοὺς
1031 658 1154 696 κακῶς
1187 654 1452 701 ἀπολωλέναι,
1487 662 1572 717 [88]

132 722 240 772 εἴπερ
263 722 369 772 ὑμεῖς
393 720 460 761 τὸν
480 721 706 773 ἐγκέφαλον
733 721 774 761 ἐν
799 724 881 762 τοῖς
907 720 1120 773 κροτάφοις
1146 722 1208 762 καὶ
1232 721 1284 772 μὴ
1311 723 1353 763 ἐν
1372 725 1455 763 ταῖς

130 786 312 839 πτέρναις
338 787 713 839 καταπεπατημένον
738 791 908 839 φορεῖτε.

73 869 111 894 10
195 853 437 895 Ὕπόλοιπόν
460 855 529 905 μοί
552 855 661 894 ἐστιν
687 854 744 894 ἔτι
769 854 864 905 πρὸς
888 854 1033 904 ταύτην
1052 853 1122 903 τὴν
1143 854 1361 904 ἐπιστολὴν
1385 853 1455 903 τὴν
1484 862 1529 904 46

129 920 170 961 εὖ
206 921 379 973 ἔχουσαν
416 920 476 960 καὶ
512 921 600 962 τοὺς
635 920 780 972 λόγους
821 923 898 961 τῶν
940 919 1152 972 πρέσβεων
1188 920 1343 973 γράψαι
1383 919 1454 969 τὴν

129 986 352 1039 ἀπόκρισιν,
389 986 437 1037 ἢν
473 987 640 1039 ἡγοῦμαι
676 988 828 1028 δικαίαν
864 986 897 1028 τ’
934 986 1034 1028 εἶναι
1071 987 1133 1027 καὶ
1170 987 1453 1040 συμφέρουσαν

127 1053 231 1103 ὑμῖν.

273 1172 287 1193 1
312 1164 442 1200 ποιῆσαι
462 1162 538 1194 secl.
561 1162 658 1193 Blass
791 1174 810 1202 4
834 1161 894 1202 μέν
908 1164 940 1204 ’γ’
960 1162 983 1193 S
996 1162 1031 1193 L'
1048 1173 1054 1193 t
1079 1161 1139 1202 μὲν
1154 1162 1216 1203 ’γὰρ
1233 1166 1312 1194 cett.

195 1205 233 1237 In
252 1206 276 1238 S
294 1206 521 1247 subscriptum

643 1255 666 1281 Η
688 1255 712 1281 Η
733 1254 757 1281 Η
778 1256 804 1280 Δ
825 1255 851 1280 Δ
869 1256 895 1281 Δ
913 1255 939 1280 Δ
957 1254 983 1280 Π

487 1342 630 1383 mmo}
655 1355 680 1381 A
704 1345 937 1382 ψιΛιιπιικοί
961 1343 1083 1382 Aen-01
1107 1344 1135 1382 ξ

419 1399 538 1427 ΧΧΗ
562 1391 1205 1434 HOEAAnOEprol'IlegendumA)
