1763 2828
96 122 210 176 [378]

150 376 213 401 122

146 1571 211 1605 124

663 122 1149 160 ΔΗΜΟΣΘΕΝΟὙΣ
1474 117 1562 172 [mx

246 242 332 271 πον,
360 227 422 275 ἐπὶ
447 229 531 268 ταῖς
557 229 694 266 καλαῖς
722 226 782 266 καὶ
807 223 998 276 μεγάλαις
1023 224 1161 264 ἐλπίσι
1189 223 1346 266 ταύταις
1369 224 1428 266 αἷς
1453 223 1563 268 οὗτος

244 291 460 345 ὑπέσχητο,
488 291 815 346 ἐχειροτονήσατε
845 291 907 332 καὶ
936 294 1074 332 τοῦτον
1104 291 1201 342 κάμὲ
1231 290 1292 331 καὶ
1321 294 1398 331 τῶν
1426 289 1564 332 ἄλλων

245 359 333 401 τοὺς
365 360 577 401 πλείστους
606 359 695 401 τοὺς
725 359 875 401 αὐτούς.
946 358 1024 410 ἐγὼ
1053 359 1125 409 μὲν
1154 357 1200 409 δὴ
1230 357 1438 409 παρελθὼν
1468 355 1561 407 ἐξω-

243 425 427 477 μοσάμην
464 425 618 472 εὐθέως,
658 427 721 467 καὶ
757 426 1032 478 θορυβούντων
1068 428 1185 465 τινῶν
1221 425 1283 466 καὶ
1322 424 1563 465 κελευόντων

243 494 419 543 βαδίζειν
461 493 527 532 οὐκ
571 493 618 533 ἂν
659 492 761 545 ἔφην
804 494 949 533 ἐλθεῖν·
1000 491 1112 533 οὗτος
1154 491 1187 531 δ’
1230 491 1601 544 ἐκεχειροτόνητο.5

244 559 378 609 ἐπειδὴ
405 559 436 599 δ’
459 559 604 609 ἀνέστη
630 561 728 609 μετὰ
752 559 860 599 ταῦθ’
881 560 903 610 ἡ
931 559 1134 609 ἐκκλησία,
1157 558 1418 600 συνελθόντες
1443 558 1559 608 ἐβου-

241 625 397 666 λεύονθ’
438 626 544 666 οὗτοι
588 625 660 666 τίν’
704 626 821 666 αὐτοῦ
869 626 1194 677 καταλείψουσιν.
1266 625 1323 665 ἔτι
1371 626 1446 677 γὰρ
1485 628 1563 665 τῶν

242 691 481 744 πραγμάτων
519 694 644 733 ὄντων
685 693 889 744 μετεώρων
932 693 993 733 καὶ
1031 695 1099 732 τοῦ
1140 691 1357 743 μέλλοντος
1399 689 1560 741 ἀδήλου,

243 759 437 811 σύλλογοι
464 759 525 799 καὶ
549 760 665 810 λόγοι
689 760 933 800 παντοδαποὶ
959 760 1056 799 κατὰ
1079 758 1151 809 τὴν
1176 759 1323 811 ἀγορὰν
1356 758 1561 810 ἐγίγνοντο

242 826 343 866 τότε·
381 827 605 877 ἐφοβοῦντο
636 825 681 875 δὴ
715 825 767 876 μὴ
802 826 1024 877 σύγκλητος
1057 826 1250 875 ἐκκλησία
1281 824 1424 876 γένοιτ’
1454 824 1558 874 ἐξαί-
1587 840 1624 863 ιο

242 898 357 943 φνης,
392 891 460 933 εἶτ’
493 893 734 934 ἀκούσαντες
770 892 878 942 ὑμεῖς
914 894 1009 943 ἐμοῦ
1043 892 1194 942 τάληθῆ
1231 890 1490 943 ψηφίσαισθέ
1525 908 1562 931 τι

240 962 316 999 τῶν
350 959 517 999 δεόντων
547 960 643 1011 ὑπὲρ
675 963 752 999 τῶν
785 957 970 1004 Φωκέων,
1003 958 1066 998 καὶ
1097 959 1145 997 τὰ
1177 956 1370 1009 πράγματ’
1396 957 1562 1008 ἐκφύγοι

241 1025 306 1065 τὸν
333 1027 548 1066 Φίλιππον.
620 1027 654 1066 εἰ
678 1027 754 1078 γὰρ
779 1026 1043 1078 ἐψηφίσασθε
1067 1025 1188 1075 μόνον
1213 1024 1275 1064 καὶ
1302 1025 1442 1075 μικρὰν
1468 1025 1559 1064 ὑπε-

240 1091 383 1143 φήνατ’
405 1093 532 1133 ἐλπίδ’
552 1093 732 1143 ἡντινοῦν
758 1092 901 1138 αὐτοῖς,
929 1092 1142 1142 ἐσώθησαν
1167 1090 1227 1132 ἄν.
1287 1090 1331 1130 οὗ
1356 1092 1430 1142 γὰρ
1455 1091 1559 1140 ἐνῆν,

240 1159 307 1199 οὐκ
332 1161 424 1210 ἐνῆν
449 1159 501 1211 μὴ
527 1158 908 1212 παρακρουσθέντων
932 1160 1039 1210 ὑμῶν
1063 1162 1193 1209 μεῖναι
1212 1158 1413 1211 Φιλίππῳ.
1470 1157 1563 1198 ,οὔτε
1587 1175 1623 1208 15

241 1228 316 1278 γὰρ
353 1230 463 1268 σῖτος
499 1225 546 1277 ἧν
580 1228 621 1267 ἐν
653 1232 701 1283 τῇ
734 1227 855 1280 χώρᾳ,
891 1226 1054 1280 ἀσπόρῳ
1088 1227 1151 1266 διὰ
1186 1224 1255 1265 τὸν
1287 1224 1464 1274 πόλεμον
1496 1241 1560 1275 γε-

241 1294 390 1347 γονυίᾳ,
418 1293 500 1334 οὔθ’
525 1293 547 1344 ἡ
574 1294 818 1344 σιτοπομπία
842 1293 984 1343 δυνατὴ
1015 1290 1181 1343 τριήρων
1209 1291 1338 1332 οὐσῶν
1366 1289 1564 1342 ὑμετέρων

243 1360 323 1401 ἐκεῖ
347 1360 409 1400 καὶ
433 1362 502 1411 τῆς
527 1359 724 1410 θαλάττης
752 1363 990 1412 κρατουσῶν,
1018 1360 1060 1399 αἵ
1089 1375 1132 1399 τε
1160 1358 1296 1400 πόλεις
1326 1357 1475 1398 πολλαὶ
1501 1357 1564 1399 καὶ

241 1427 415 1479 χαλεπαὶ
448 1430 593 1477 λαβεῖν
627 1429 666 1467 αἱ
698 1431 775 1467 τῶν
808 1425 992 1472 Φωκέων,
1029 1425 1079 1476 μὴ
1114 1425 1158 1465 οὐ
1189 1424 1318 1479 χρόνῳ
1353 1425 1414 1465 καὶ
1448 1429 1561 1465 πολι-

242 1494 364 1546 ορκίᾳ·
404 1495 437 1534 εἰ
469 1495 544 1545 γὰρ
575 1495 617 1534 ἐν
649 1492 773 1546 ἡμέρᾳ
806 1493 924 1533 πόλιν
956 1491 1053 1548 ᾔρει,
1081 1492 1148 1532 δύο
1183 1491 1245 1532 καὶ
1278 1491 1428 1532 εἴκοσίν
1462 1492 1564 1531 εἰσιν
1585 1508 1624 1530 20

242 1560 403 1614 ἀριθμῷ.
476 1561 539 1599 διὰ
575 1559 620 1609 δὴ
659 1562 780 1599 ταῦτα
817 1558 956 1605 πάντα,
994 1560 1059 1599 ἵνα
1096 1560 1218 1609 μηδὲν
1257 1556 1472 1608 μετάθησθ’
1509 1558 1563 1597 ὧν

243 1625 504 1677 ἐξηπάτησθε,
545 1629 684 1666 τοῦτον
726 1626 844 1666 αὐτοῦ
887 1625 1111 1666 κατέλιπον.
1184 1623 1455 1675 ἐξομόσασθαι
1491 1626 1563 1675 μὲν

242 1692 287 1743 δὴ
312 1693 364 1743 μὴ
389 1692 473 1744 μετ’
498 1694 623 1734 αἰτίας
648 1692 753 1735 τινὸς
778 1691 906 1732 δεινὸν
934 1691 982 1741 ἦν
1014 1693 1075 1732 καὶ
1107 1692 1262 1744 ὑποψία
1294 1691 1461 1743 μεγάλη·
1501 1690 1567 1731 “rus

241 1758 392 1811 λέγεις,·
444 1760 508 1800 ἐπὶ
546 1762 760 1810 τηλικαῦτα
803 1759 865 1799 καὶ
906 1758 1050 1799 τοιαῦτ’
1089 1760 1218 1810 ἀγαθὰ
1261 1758 1349 1812 οὐχὶ
1390 1758 1566 1809 βαδίζεις

241 1827 488 1878 ἀπαγγείλας
524 1827 612 1867 οὐδὲ
648 1825 918 1878 πρεσβεύεις,·’
962 1827 1040 1867 ἔδει
1072 1828 1113 1866 δὲ
1145 1824 1289 1877 μένειν.
1362 1829 1443 1868 πῶς
1477 1824 1563 1870 οῧν;
1589 1841 1625 1873 25

240 1893 458 1946 ἀρρωστεῖν
484 1893 785 1946 προφασίζεται,
816 1894 878 1933 καὶ
904 1894 1045 1945 λαβὼν
1070 1891 1313 1943 Ἐξήκεστον
1337 1891 1406 1933 τὸν
1433 1890 1566 1943 ἰατρὸν

239 1960 415 2013 ἁδελφὸς
433 1959 552 2000 αὐτοῦ
572 1961 634 2001 καὶ
653 1961 889 2013 προσελθὼν
911 1966 956 2017 τῇ
976 1965 1107 2017 βουλῇ
1127 1959 1327 2010 ἐξώμοσεν
1347 1960 1565 2011 ἀρρωστεῖν

283 2080 302 2101 2
327 2069 496 2110 ὑπέσχητο
515 2070 538 2101 S
554 2070 620 2101 LY
638 2081 644 2100 :
670 2069 833 2111 ὑπέσχετο
850 2070 904 2101 Α.
897 2082 904 2088 ·
929 2072 1118 2111 ὑπισχνεῖτο
1135 2069 1221 2108 vulg.
1366 2078 1386 2107 3
1413 2070 1565 2109 ἐξωμολο-

236 2113 390 2154 ’γησάμην
407 2114 430 2144 S
445 2114 480 2144 L¹
498 2114 573 2152 soli,
592 2114 633 2146 cf.
651 2114 732 2144 xviii
750 2124 803 2153 32
821 2114 866 2144 xli
888 2124 936 2153 15
955 2114 1027 2144 xliii
1049 2124 1096 2146 11
1121 2123 1158 2144 12
1263 2122 1282 2151 5
1308 2114 1412 2144 ἐλθεῖν
1430 2112 1454 2143 S
1472 2111 1563 2151 (add.

239 2158 282 2188 ἀπ
298 2162 365 2188 ant.
384 2167 425 2188 m.
431 2158 465 2196 ):
494 2159 642 2189 ἀπελθεῖν
662 2157 688 2188 L
706 2158 821 2196 xulg.:
847 2158 994 2189 ἐπελθεῖν
1010 2157 1062 2188 vel
1080 2159 1249 2198 παρελθεῖν
1265 2155 1306 2187 al.
1409 2165 1449 2185 10
1471 2154 1565 2195 γένη-

238 2214 290 2232 ται
307 2199 338 2230 Α
431 2211 466 2231 11
493 2200 693 2243 ψηφίσαισθε
710 2201 744 2231 5ι
759 2201 784 2231 L
798 2182 839 2231 1³2:
863 2203 945 2241 ψηφῖ
949 2200 1053 2239 σησθέ
1066 2200 1150 2239 YQ:
1177 2198 1361 2241 ψηφίσεσθέ
1375 2198 1417 2238 A,
1436 2197 1476 2229 cs.
1494 2200 1562 2236 §51

243 2254 279 2274 12
305 2244 438 2285 ἐκφύγοι
458 2245 483 2275 L
501 2245 609 2284 v.ulg:
634 2244 775 2287 ἐκφεύγῃ
792 2245 802 2274 2
819 2244 881 2275 S¹
876 2254 974 2275 corr.
995 2258 1023 2276 οι
1041 2244 1074 2274 in
1092 2243 1211 2283 erasis)
1353 2251 1391 2280 15
1416 2241 1473 2274 οὐκ
1492 2243 1567 2278 ἐνην

240 2298 304 2318 om.
336 2288 360 2319 S
385 2293 467 2320 text.
595 2291 701 2327 μεῖναι
726 2288 810 2318 SA:
845 2288 950 2326 μεῖιαῖ
974 2301 1005 2318 τι
1029 2287 1139 2326 Ηυὶἕ
1175 2287 1222 2318 ἔτι
1246 2288 1349 2325 μεῖναι
1375 2284 1567 2316 Felicianus

244 2340 281 2369 17
307 2331 437 2363 δύναται
455 2332 479 2362 S
497 2331 588 2362 solus
696 2341 735 2370 19
759 2330 794 2363 οὐ
813 2341 875 2361 om.
897 2331 930 2362 S'
952 2331 1043 2368 (add.
1063 2334 1131 2362 ant.
1152 2331 1211 2371 m.)
1324 2339 1360 2358 21
1386 2328 1565 2367 μετάθησθε

243 2374 268 2404 L
285 2375 397 2413 vulg.:
420 2378 610 2414 μεταθοΐσθε
630 2374 811 2406 Schaefcr:
837 2375 1058 2413 μεταθήσεσθε
1077 2374 1101 2404 S
1252 2382 1291 2411 27
1316 2371 1456 2413 ἁδελφὸς
1475 2370 1501 2402 L
1513 2370 1543 2409 Q
1559 2381 1566 2400 Ξ

242 2419 380 2458 ἀδελφὸς
398 2418 507 2457 v.:ulg
534 2421 672 2459 αδελφος
691 2418 714 2449 S
806 2418 965 2458 ἐξώμοσεν
984 2418 1026 2449 5;
1055 2419 1238 2458 εξωμόσατο
1255 2420 1332 2447 cett.
