1763 2828
110 137 220 190 [432]

150 519 215 563 285

103 845 215 900 [433]

146 1048 215 1083 286

146 1712 212 1755 287

679 137 1159 175 ΔΗΜΟΣΘΕΝΟΎΣ
1486 133 1572 188 [xlx

253 241 384 285 εἶναι;,
411 243 472 280 διὰ
502 242 556 285 τί;
599 242 631 280 εἰ
664 243 738 292 γὰρ
767 243 869 291 παρὰ
900 245 975 280 τῶν
1007 242 1061 282 εἰς
1088 242 1246 282 ἑαυτοὺς
1275 241 1574 293 ἐξαμαρτόντων

251 308 487 357 τηλικαύτην
524 306 669 357 ἠξίωσε
704 309 814 357 δίκην
849 308 1042 360 Αἰσχίνης
1074 311 1230 358 λαβεῖν,
1266 309 1370 359 παρὰ
1406 312 1484 348 τῶν
1520 310 1574 351 εἰς

250 375 298 412 τὰ
334 376 401 423 τῆς
440 375 591 415 πόλεως
626 373 826 424 τηλικαῦθ’
860 374 1151 425 ἡμαρτηκότων,
1189 375 1244 414 ὧν
1282 375 1336 416 εἷς
1371 374 1483 417 οὗτος
1521 374 1574 416 ὢν

250 439 517 493 ἐξελέγχεται,
551 441 723 490 πηλίκην
758 441 856 490 ὑμᾶς
893 439 1084 492 προσήκει
1119 444 1265 491 λαβεῖν
1296 441 1386 483 τοὺς
1419 442 1571 492 ὀμωμο-

252 506 366 548 κότας
394 507 454 546 καὶ
481 506 727 556 δικάζοντας;
765 506 812 556 νὴ
841 506 923 552 Δί’,
951 509 986 546 οἱ
1019 506 1098 547 νέοι
1128 508 1202 559 γὰρ
1226 507 1318 558 ἡμῖν
1348 506 1396 547 δι’
1424 508 1574 549 ἐκεῖνον
1593 526 1610 557 5

250 573 410 612 ἔσονται
449 573 515 613 τὸν
558 574 691 625 ἀγῶνα
732 574 932 623 βελτίους.
1005 573 1142 613 οὐκοῦν
1186 574 1247 614 καὶ
1288 575 1353 614 διὰ
1393 573 1497 614 τόνδ’
1537 576 1573 614 οἱ

249 640 559 689 πολιτευόμενοι,
597 639 645 678 δι’
681 640 736 678 ὧν
774 641 822 678 τὰ
855 639 1027 691 μέγιστα
1064 641 1325 680 κινδυνεύεται
1359 645 1406 697 τῇ
1442 641 1571 681 πόλει·

249 703 441 756 προσήκει
470 707 512 745 δὲ
538 705 600 744 καὶ
630 705 778 745 τούτων
805 706 1040 757 φροντίζειν.
1113 708 1176 747 ἵνα
1205 708 1336 746 τοίνυν
1367 706 1487 757 εἰδῆθ’
1513 708 1573 747 ὅτι

250 771 311 811 καὶ
340 775 477 811 τοῦτον
509 771 734 816 ἀπώλεσεν,
764 768 843 821 [τὸν
866 769 1103 825 Τίμαρχον,]
1128 772 1172 812 οὐ
1200 774 1254 823 μὰ
1281 772 1349 812 Δί’
1379 772 1466 825 οὐχὶ
1495 777 1572 814 τῶν

247 837 443 889 ὑμετέρων
480 838 645 884 παίδων,
679 838 785 879 ὅπως
820 838 982 878 ἔσονται
1014 838 1234 890 σώφρονες,
1269 842 1446 890 προορῶν
1476 839 1572 890 (εἰσὶ
1595 855 1634 877 10

246 903 334 955 γάρ,
362 902 391 944 ὦ
417 903 553 955 ἄνδρες
580 903 798 954 Ἀθηναῖοι,
826 905 888 944 καὶ
921 907 990 944 νῦν
1024 905 1243 956 σώφρονες·
1279 904 1332 956 μὴ
1365 906 1440 957 γὰρ
1473 906 1572 946 οὕτω

246 970 401 1022 γένοιτο
429 974 554 1012 κακῶς
579 971 625 1026 τῇ
651 971 767 1011 πόλει
797 970 892 1009 ὥστ’
916 969 1150 1022 Ἀφοβήτου
1182 971 1244 1011 καὶ
1269 972 1463 1024 Αἰσχίνου
1492 989 1570 1012 σω-

246 1041 474 1089 φρονιστῶν
514 1039 700 1088 δεηθῆναι
740 1036 829 1078 τοὺς
867 1034 1103 1089 νεωτέρους),
1143 1037 1235 1077 ἀλλ’
1270 1038 1330 1077 ὅτι
1366 1039 1573 1089 βουλεύων

246 1104 434 1156 ἔγραψεν,
474 1103 521 1143 ἄν
559 1121 618 1145 τις
659 1104 710 1145 ὡς
750 1104 952 1144 Φίλιππον
991 1103 1082 1143 ὅπλ’
1119 1103 1227 1155 ἄγων
1267 1105 1349 1158 ἁλῷ
1386 1100 1410 1154 ἢ
1451 1104 1571 1154 σκεύη

245 1169 433 1222 τριηρικά,
476 1169 647 1211 θάνατον
687 1169 788 1210 εἶναι
825 1169 897 1220 τὴν
938 1170 1089 1221 ζημίαν·
1134 1174 1299 1221 σημεῖον
1337 1170 1393 1210 δέ·
1442 1171 1573 1211 πόσον
1595 1187 1632 1219 15

244 1238 320 1289 γὰρ
352 1237 585 1289 ἐδημηγόρει
619 1237 768 1289 χρόνον
791 1237 1014 1289 Τίμαρχος;
1054 1237 1193 1277 πολύν.
1265 1237 1403 1278 οὐκοῦν
1434 1241 1572 1278 τοῦτον

245 1303 293 1353 ἦν
326 1304 522 1356 Αἰσχίνης
558 1302 697 1344 ἅπαντ’
734 1305 775 1344 ἐν
811 1303 858 1359 τῇ
891 1304 1019 1349 πόλει,
1053 1303 1116 1343 καὶ
1151 1303 1391 1344 οὐδεπώποτ’
1422 1303 1570 1356 ἠγανά-

246 1386 390 1420 κτησεν
421 1369 508 1410 οὐδὲ
538 1369 668 1411 δεινὸν
694 1368 866 1422 ἡγήσατ’
893 1370 993 1410 εἶναι
1017 1369 1061 1410 τὸ
1087 1372 1259 1422 πρᾶγμα,
1286 1371 1319 1410 εἰ
1349 1370 1369 1408 ὁ
1399 1373 1573 1411 τοιοῦτος

243 1435 365 1488 λέγει,
393 1437 467 1478 ἕως
495 1437 550 1478 εἰς
576 1437 831 1477 Μακεδονίαν
865 1437 994 1476 ἐλθὼν
1027 1436 1166 1476 ἑαυτὸν
1198 1437 1438 1487 ἐμίσθωσεν·
1477 1436 1573 1488 λέγε

245 1501 291 1552 δή
315 1519 382 1552 μοι
407 1502 451 1542 τὸ
476 1501 674 1554 ψήφισμα
702 1503 843 1552 λαβὼν
868 1502 961 1542 αὐτὸ
986 1502 1030 1541 τὸ
1055 1505 1123 1542 τοῦ
1147 1504 1363 1555 Τιμάρχου.
1595 1517 1635 1539 20

809 1621 1005 1649 ΨΗΦῙΣΜΑ.

311 1700 359 1740 Ὁ
384 1703 457 1751 μὲν
481 1702 612 1742 τοίνυν
630 1702 728 1752 ὑπὲρ
748 1702 856 1751 ὑμῶν
882 1700 1041 1752 γράψας
1066 1700 1117 1750 μὴ
1143 1699 1254 1751 ἄγειν
1279 1702 1321 1741 ἐν
1339 1705 1392 1756 τῷ
1411 1701 1572 1756 πολέμῳ

246 1766 341 1818 πρὸς
361 1769 567 1808 Φίλιππον
587 1768 705 1813 ὅπλα,
729 1768 761 1807 εἰ
788 1769 829 1807 δὲ
855 1765 920 1817 μή,
943 1765 1097 1820 θανάτῳ
1121 1767 1364 1817 ζημιοῦσθαι,
1386 1768 1574 1808 ἀπόλωλε

246 1835 307 1873 καὶ
339 1834 540 1885 ὕβρισται·
579 1835 598 1873 ὁ
631 1835 673 1874 δὲ
710 1833 773 1873 καὶ
806 1834 853 1872 τὰ
887 1836 964 1873 τῶν
997 1832 1193 1884 ὑμετέρων
1227 1833 1449 1886 συμμάχων
1480 1833 1572 1874 ὅπλ’

244 1900 378 1955 ἐκείνῳ
399 1900 595 1952 παραδοὺς
615 1900 751 1940 οὑτοσὶ
774 1900 996 1951 κατηγόρει,
1022 1900 1083 1939 καὶ
1103 1899 1191 1951 περὶ
1215 1901 1400 1951 πορνείας
1419 1899 1570 1952 ἔλεγεν,
1594 1917 1632 1950 25

245 1964 274 2006 ὦ
310 1969 359 2019 γῆ
398 1967 461 2007 καὶ
500 1969 594 2013 θεοί,
635 1969 742 2007 δυοῖν
779 1968 850 2017 μὲν
892 1968 1103 2015 κηδεσταῖν
1143 1967 1471 2017 παρεστηκότοιν,
1507 1967 1573 2008 οὓς

245 2033 393 2075 ἰδόντες
425 2033 473 2073 ἂν
501 2034 610 2084 ὑμεῖς
642 2032 915 2085 ἀνακράγοιτε,
946 2034 1088 2072 Νικίου
1119 2050 1160 2073 τε
1194 2035 1262 2072 τοῦ
1292 2035 1503 2085 βδελυροῦ,
1531 2032 1573 2074 ὃς

245 2099 379 2140 ἑαυτὸν
407 2101 634 2150 ἐμίσθωσεν
661 2102 715 2142 εἰς
744 2101 946 2151 Αἴγυπτον
972 2101 1146 2153 Χαβρίᾳ,
1175 2099 1237 2139 καὶ
1263 2102 1330 2138 τοῦ
1356 2099 1574 2151 καταράτου

247 2167 514 2217 Κυρηβίωνος,
537 2167 579 2209 ὃς
600 2168 641 2208 ἐν
661 2170 746 2208 ταῖς
766 2168 940 2217 πομπαῖς
961 2165 1053 2205 ἄνευ
1071 2169 1139 2205 τοῦ
1157 2166 1372 2217 προσώπου
1393 2165 1571 2217 κωμάζει.

245 2233 308 2272 καὶ
335 2233 374 2272 τί
398 2237 536 2280 ταῦτα;
577 2235 684 2274 ἀλλὰ
718 2232 785 2272 τὸν
816 2231 993 2283 ἀδελφὸν
1023 2232 1123 2283 ὁρῶν
1148 2231 1395 2284 Ἀφόβητον.
1466 2233 1572 2271 ἀλλὰ
1594 2247 1634 2276 30

291 2352 303 2372 Ι
332 2342 574 2383 ἐξαμαρτόντων
592 2343 615 2374 S
630 2343 674 2375 L:
703 2341 981 2383 ἐξαμαρτανόντων
998 2340 1086 2379 vulg.
1195 2352 1216 2380 9
1239 2343 1296 2373 τὸν
1312 2342 1474 2382 Τίμαρχον
1491 2342 1568 2372 secl.

243 2383 352 2415 Cobet
443 2387 485 2416 26
509 2386 767 2426 παρεστηκότοιν
786 2385 810 2414 Ι.
828 2384 938 2422 vulg:
966 2384 1216 2425 παρεστηκότων
1235 2384 1318 2414 8¹1³*
1412 2395 1452 2423 29
1477 2396 1572 2425 προσ-

244 2428 328 2459 ώπου
346 2428 369 2457 S
384 2428 409 2458 L
422 2428 451 2458 Λ
466 2440 471 2458 :
500 2430 697 2471 προσωπείου
717 2428 742 2458 F
753 2427 783 2466 Q
797 2427 825 2456 Y
839 2426 868 2456 O
