1763 2828
49 123 163 177 [202]

49 899 165 954 [203]

616 122 1103 161 ΔΗΜΟΣΘΕΝΟΤΣ
1442 119 1527 173 [Χνῐ

196 228 295 269 ἐστί·
335 225 717 278 συνεξηπατημένων
747 227 822 278 γὰρ
850 226 969 276 ὑμῶν,
999 225 1061 265 καὶ
1091 229 1168 266 τῶι·
1196 228 1268 278 μὲν
1297 227 1419 273 ταυτί,
1451 231 1529 268 τῶν

196 298 237 336 δὲ
263 295 374 335 ταυτὶ
397 293 669 346 βουλομένων,
697 292 745 333 ἂν
769 294 816 332 τὰ
841 291 989 344 μεταξύ
1011 309 1070 335 τις
1100 294 1259 349 ἐγχειρῇ
1285 293 1419 346 λέγειν
1446 293 1528 348 κᾷθ’

195 363 305 414 ὑμεῖς
334 362 386 413 μὴ
416 361 647 414 περιμένητε
677 363 829 412 μαθεῖν,
856 363 1052 413 χαριεῖται
1081 362 1154 411 μὲν
1184 360 1412 413 οὐδετέροις,
1444 364 1526 402 δια-

196 428 451 481 βεβλήσεται
484 430 526 469 δὲ
563 427 660 481 πρὸς
693 426 953 480 ἀμφοτέρους·
1002 427 1046 467 οὐ
1078 427 1156 478 μὴν
1190 426 1281 468 ἀλλ’
1315 427 1529 480 αἱρήσομαι

195 500 352 549 μᾶλλον
377 496 505 543 αὐτός,
533 495 581 536 ἂν
605 495 679 548 ἄρα
704 498 821 535 τοῦτο
845 494 970 541 πάθω,
999 497 1128 536 δοκεῖν
1154 498 1360 547 φλυαρεῖν,
1388 492 1411 546 ἢ
1437 495 1528 549 παρ’
1551 516 1569 548 5

197 565 221 605 ’ὰ
245 564 444 615 βέλτιστα
468 563 612 614 νομίζω
638 563 683 620 τῇ
705 563 833 609 πόλει,
861 562 1054 615 προέσθαι
1079 562 1186 603 τισὶν
1209 562 1309 613 ὑμᾶς
1334 561 1527 614 ἐξαπατῆ-

198 648 278 672 σαι.
351 633 398 671 τὰ
433 632 505 682 μὲν
539 629 607 670 οὗν
640 629 730 670 ἄλλ’
763 631 944 682 ὕστερον,
982 628 1029 670 ἂν
1066 630 1156 681 ὑμῖν
1192 629 1455 680 βουλομένοις
1489 629 1527 687 ᾖ,

196 698 314 749 λέξω·
352 697 429 738 ἀπὸ
459 699 500 737 δὲ
530 701 606 737 τῶν
637 696 965 749 ὁμολογουμένων
989 697 1058 750 ὑφ’
1084 696 1269 738 ἁπάντων
1299 694 1477 749 ἄρξομαι,
1506 697 1530 738 ὃ,

198 765 391 818 κράτιστα,
411 764 554 815 νομίζω
579 763 794 805 διδάσκειν.

265 832 419 872 Οὐκοῦν
453 830 533 871 οὐδ’
567 830 615 871 ἂν
649 832 704 873 εῖς
737 831 915 872 ἀντείποι
948 831 999 874 ὡς
1031 831 1076 872 οὐ
1109 830 1304 884 συμφέρει
1336 831 1382 888 τῇ
1414 832 1531 873 πόλει
1554 849 1594 872 10

199 901 261 940 καὶ
291 899 624 950 Λακεδαιμονίους
654 899 838 940 ἀσθενεῖς
868 898 968 939 εῖναι
1001 899 1064 939 καὶ
1094 900 1302 950 Θηβαίους
1332 900 1529 940 τουτουσί.

198 966 285 1007 ἔστι
313 967 447 1007 τοίνυν
476 966 519 1006 ἕν
547 982 624 1006 τινι
653 965 815 1020 τοιούτῳ
846 968 964 1020 καιρῷ
993 967 1043 1006 τὰ
1072 964 1283 1018 πράγματα
1315 969 1396 1013 νῦν,
1428 967 1464 1006 εἴ
1494 983 1530 1007 τι

198 1037 258 1075 δεῖ
279 1038 361 1075 τοῖς
387 1032 606 1085 εἰρημένοις
630 1031 827 1074 πολλάκις
855 1032 945 1084 παρ’
970 1034 1061 1084 ὑμῖν
1085 1033 1224 1084 λόγοις
1247 1031 1528 1084 τεκμήρασθαι,

198 1101 302 1141 ὥστε
328 1100 537 1151 Θηβαίους
561 1102 634 1151 μὲν
653 1099 901 1153 Ὀρχομενοῦ
926 1100 988 1140 καὶ
1009 1101 1202 1140 Θεσπιῶν
1227 1100 1289 1140 καὶ
1315 1102 1531 1140 Πλαταιῶν

198 1169 453 1208 οἰκισθεισῶν
483 1168 666 1209 ἀσθενεῖς
697 1165 901 1220 γενέσθαι,
932 1167 1266 1218 Λακεδαιμονίους
1299 1165 1344 1213 δ’,
1377 1167 1411 1207 εἷ
1442 1183 1528 1207 ποι-
1554 1182 1592 1215 15

197 1233 365 1286 ήσονται
405 1234 477 1285 τὴν
515 1233 727 1287 Ἀρκαδίαν
767 1232 838 1286 ὑφ’
881 1235 1034 1275 ἑαυτοῖς
1076 1234 1139 1274 καὶ
1179 1232 1376 1286 Μεγάλην
1412 1233 1531 1274 πόλιν

198 1300 471 1354 ἀναιρήσουσι,
499 1301 622 1342 πάλιν
648 1301 836 1355 ἰσχυροὺς
861 1299 1144 1353 γενήσεσθαι.-·
1180 1299 1375 1341 σκεπτέον
1399 1301 1532 1341 τοίνυν

197 1369 248 1421 μὴ
275 1369 466 1422 πρότερον
491 1368 635 1410 τούσδε
659 1367 847 1421 γενέσθαι
867 1367 1069 1421 φοβεροὺς
1094 1367 1156 1408 καὶ
1179 1367 1377 1421 μεγάλους
1401 1366 1529 1408 ε’άσω-

195 1453 269 1488 μεν
287 1433 310 1486 ἦ
331 1435 467 1477 ’κεῖνοι
489 1436 620 1488 μικροὶ
645 1434 944 1488 γεγενήσονται,
966 1435 1028 1475 καὶ
1052 1434 1233 1476 λάθωσιν
1251 1434 1352 1486 ἡμᾶς
1376 1435 1531 1475 πλείονι

196 1503 351 1555 μείζους
384 1505 420 1544 οἱ
450 1503 754 1554 Λακεδαιμόνιοι
788 1503 995 1555 γενόμενοι
1028 1499 1051 1552 ἢ
1085 1503 1168 1558 ὅσῳ
1201 1502 1292 1544 τοὺς
1322 1503 1531 1553 Θηβαίους
1554 1516 1595 1539 20

197 1569 386 1612 ἐλάττους
412 1569 608 1623 συμφέρει
633 1568 834 1622 γενέσθαι.
894 1569 939 1610 οὗ
963 1572 1039 1622 γὰρ
1064 1570 1191 1611 ἐκεῖνό
1213 1569 1250 1623 γ’
1270 1568 1318 1610 ἂν
1338 1571 1527 1620 εἴποιμεν,

198 1638 249 1680 ὡς
291 1635 622 1688 ἀνταλλάξασθαι
662 1636 894 1688 βουλοίμεθ’
931 1635 1014 1691 (ἂν)
1057 1637 1294 1679 ἀντιπάλους
1336 1639 1527 1677 Λακεδαι-

195 1705 353 1756 μονίους
378 1704 464 1745 ἀντὶ
491 1704 699 1755 Θηβαίων,
728 1704 816 1745 οὐδὲ
840 1704 944 1744 τοῦτ’
965 1703 1050 1745 ἔσθ’
1076 1704 1096 1745 ὃ
1124 1703 1408 1755 σπουδάζομεν,
1438 1703 1530 1744 ἀλλ’

196 1773 303 1814 ὅπως
333 1771 539 1824 μηδέτεροι
572 1769 810 1822 δυνήσονται
843 1774 966 1823 μηδὲν
995 1772 1097 1823 ἡμᾶς
1126 1773 1287 1814 ἀδικεῖν·
1325 1771 1425 1812 οὕτω
1455 1772 1531 1823 γὰρ

196 1838 244 1880 ἂν
268 1839 380 1890 ἡμεῖς
403 1840 502 1890 μετὰ
527 1838 719 1889 πλείστης
745 1840 877 1881 ἀδείας
904 1841 1048 1890 εἴημεν.
1553 1852 1591 1884 25

243 1959 257 1979 1
288 1949 598 1990 συνεξηπατημένων
623 1949 647 1981 S
672 1949 760 1988 vulg.
783 1955 816 1981 et
841 1949 1021 1981 prooem:
1053 1949 1302 1991 ἐξηπατημένων
1324 1949 1368 1989 Α,
1386 1950 1526 1982 Aristid.

198 1993 264 2025 Rh.
281 1993 338 2024 Gr.
357 1994 390 2023 ix
407 2003 471 2033 379
485 1993 533 2024 W
666 2004 685 2024 2
710 1993 794 2036 κᾷτα
812 1993 950 2024 Bekker
967 1995 1001 2024 in
1020 1994 1177 2026 prooem.
1196 1994 1254 2033 (ibi
1271 2007 1356 2027 κατα
1373 1994 1411 2033 S)
1429 2006 1436 2025 :
1461 1993 1529 2026 κᾶθ’

195 2036 240 2067 Α1
256 2049 262 2067 :
287 2038 366 2069 καθὰ
383 2037 525 2068 Aristid.
545 2037 564 2068 l.
583 2048 610 2069 c.
628 2049 635 2068 z
660 2038 711 2070 καὶ
728 2037 819 2076 vulg.
958 2047 978 2076 3
1003 2038 1194 2080 περιμένητε
1213 2038 1237 2069 S
1249 2037 1302 2068 A:
1326 2038 1530 2080 περιμείνητε

196 2081 285 2120 vulg.
420 2090 438 2119 5
463 2082 482 2120 ἢ
499 2080 571 2123 παρ’
590 2081 613 2112 S
627 2081 658 2111 Y
674 2093 680 2112 z
705 2083 785 2123 ἥπερ
802 2081 891 2120 vulg.
1043 2083 1063 2112 8
1087 2082 1169 2122 λέξω
1186 2081 1274 2121 vulg.
1293 2087 1327 2113 et
1344 2081 1502 2112 Prooem.
1523 2093 1530 2112 :

197 2125 287 2165 δείξω
313 2124 336 2155 S
428 2126 489 2157 ἀπὸ
514 2124 548 2157 δὲ
571 2128 635 2157 τῶν
660 2125 757 2156 codd.
777 2136 783 2155 ε
816 2126 877 2157 ἀπὸ
901 2128 966 2157 τῶν
990 2125 1025 2157 δὲ
1052 2125 1180 2165 Flagg:
1213 2128 1249 2158 ἐκ
1273 2125 1309 2157 δὲ
1332 2128 1397 2157 τῶν
1421 2124 1530 2156 Cobet

198 2178 272 2198 cum
292 2168 447 2199 Prooem.
628 2178 666 2207 14
692 2172 838 2201 Θεσπιῶν
855 2170 905 2201 καὶ
924 2172 1096 2202 Πλαταιῶν
1114 2169 1137 2200 S
1156 2169 1240 2204 (sine
1259 2168 1420 2209 accentu>
1433 2168 1465 2198 A
1477 2168 1507 2199 Y
1522 2180 1529 2199 :

198 2211 364 2244 Θεσπιέων
378 2214 427 2244 καὶ
444 2212 633 2245 Πλαταιέων
646 2212 733 2251 vulg.
831 2221 868 2250 15
894 2211 976 2254 <ἃν>
987 2212 1139 2254 ’γενέσθαι
1154 2212 1252 2243 Blass
1267 2223 1274 2242 ε
1297 2211 1448 2254 ’γενέσθαι
1463 2212 1528 2243 del.

199 2255 338 2295 Madvig
474 2266 511 2295 17
538 2256 743 2298 ἀναιρήσουσι
762 2255 785 2286 S
800 2255 830 2285 A
847 2267 853 2286 :
878 2256 1045 2297 αἱρήσουσι
1062 2257 1150 2296 vulg.
1248 2257 1444 2297 γενήσεσθαι
1462 2256 1527 2287 del.

199 2299 335 2330 Dobree
494 2309 533 2339 19
562 2300 800 2341 γεγενήσονται
825 2298 942 2330 Weil:
972 2314 1008 2332 τε
1032 2300 1227 2342 ’γενήσονται
1254 2300 1302 2330 S:
1332 2300 1529 2341 γενήσονται

198 2342 287 2381 vulg.
455 2353 496 2373 22
520 2343 704 2383 βουλοίμεθ’
721 2342 803 2385 (ἂν)
819 2343 940 2383 scripsi
957 2355 963 2374 :
988 2344 1184 2384 βουλοίμεθα
1200 2343 1295 2374 codd.
1314 2354 1321 2373 :
1345 2343 1530 2382 βουλόμεθα

199 2385 336 2425 Madvig
