1763 2828
128 98 220 154 [46]

163 419 207 455 23

153 754 199 790 24

94 1340 181 1396 [47]

135 1422 177 1459 25

122 1883 168 1916 26

681 118 1167 171 ΔΗΜΟΣΘΕΝΟὙΣ
1525 141 1581 195 [ιν

248 207 309 248 καὶ
334 211 449 252 τοῦτο
476 215 618 266 φράσω
645 221 708 261 καὶ
735 224 862 275 δείξω,
892 230 1063 280 ἐπειδάν,
1092 238 1190 278 διότι
1216 246 1454 298 τηλικαύτην
1479 250 1577 292 ἀπο-

242 277 345 327 χρῆν
379 279 486 330 οἶμαι
519 283 590 333 τὴν
623 287 788 339 δύναμιν
820 295 881 335 καὶ
915 301 1082 344 πολίτας
1116 305 1208 347 τοὺς
1242 316 1577 366 στρατευομένους

241 341 340 384 εἶναι
369 348 527 395 κελεύω,
556 351 712 403 διδάξω.

305 413 516 465 Τοσαύτην
539 418 624 467 μέν,
647 418 676 460 ὦ
703 421 841 476 ἄνδρες
863 426 1077 481 Ἀθηναῖοι,
1099 439 1161 478 διὰ
1181 444 1314 491 ταῦτα,
1337 447 1397 487 ὅτι
1423 451 1491 491 οὐκ
1517 453 1574 495 ἔνι

236 479 304 516 νῦν
339 478 431 529 ἡμῖν
466 485 711 534 πορίσασθαι
747 492 913 544 δύναμιν
949 498 1021 549 τὴν
1059 503 1191 561 ἐκείνῳ
1230 512 1569 570 παραταξομένην,

235 542 341 584 ἀλλὰ
371 549 582 602 λῃστεύειν
612 554 762 609 ἀνάγκη
797 561 860 601 καὶ
892 565 1016 621 τούτῳ
1047 574 1100 624 τῷ
1135 575 1265 630 τρόπῳ
1293 583 1362 619 τοῦ
1394 584 1571 636 πολέμου

231 612 406 662 χρῆσθαι
437 615 509 666 τὴν
541 620 713 672 πρώτην·
755 626 798 666 οὐ
831 631 964 672 τοίνυν
997 635 1217 691 ὑπέρογκον
1248 645 1369 696 αὐτήν
1399 647 1460 700 (οὐ
1492 655 1569 706 γὰρ

231 675 320 718 ἔστι
342 681 486 729 μισθὸς
513 684 601 727 οὐδὲ
626 688 781 743 τροφή),
810 695 899 737 οὐδὲ
924 707 1129 747 παντελῶς
1154 712 1342 763 ταπεινὴν
1368 715 1466 758 εἶναι
1495 722 1564 761 δεῖ.

229 746 461 799 πολίταςδὲ
487 757 668 804 παρεῖναι
694 759 757 798 καὶ
784 769 982 812 συμπλεῖν
1001 770 1065 810 διὰ
1090 777 1211 815 ταῦτα
1236 782 1395 829 κελεύω,
1417 785 1476 826 ὅτι
1503 788 1565 828 καὶ

227 811 418 864 πρότερόν
443 817 529 856 ποτ’
549 819 676 863 ἀκούω
702 824 856 875 ξενικὸν
876 832 1039 885 τρέφειν
1066 839 1107 879 ἐν
1128 843 1306 900 Κορίνθῳ
1332 849 1404 899 τὴν
1428 854 1559 902 πόλιν,

1133 1045 1151 1053 n

220 1012 553 1066 Λακεδαιμονίους
584 1029 921 1079 παραταττόμενοι
955 1036 1042 1085 μεθ’
1073 1040 1179 1090 ὑμων
1213 1046 1353 1089 ἐνίκων
1385 1051 1492 1094 οὗτοι
1520 1057 1556 1097 οἳ

218 1075 326 1126 ξένοι
355 1081 416 1122 καὶ
445 1084 554 1134 ὑμεῖς
582 1090 667 1138 μετ’
692 1093 865 1137 ἐκείνων.
940 1100 987 1152 ἐξ
1013 1104 1056 1145 οὗ
1089 1107 1122 1146 δ’
1148 1109 1245 1152 αὐτὰ
1277 1115 1360 1155 καθ’
1385 1120 1482 1160 αὑτὰ
1507 1124 1555 1163 τὰ

216 1143 349 1194 ξενικὰ
373 1149 465 1199 ὑμῖν
490 1157 756 1207 στρατεύεται,
785 1163 874 1206 τοὺς
900 1169 1044 1219 φίλους
1074 1181 1162 1231 νικᾷ
1191 1180 1253 1220 καὶ
1279 1182 1367 1225 τοὺς
1397 1188 1551 1239 συμμά-

214 1227 322 1263 χους,
343 1217 379 1255 οἱ
399 1215 434 1256 δ’
454 1218 590 1272 ἐχθροὶ
614 1226 769 1275 μείζους
787 1234 855 1270 τοῦ
874 1233 1032 1279 δέοντος
1054 1243 1282 1294 γεγόνασιν.
1344 1252 1406 1292 καὶ
1425 1269 1548 1307 παρα-

215 1278 382 1331 κύψαντ’
407 1284 470 1325 ἐπὶ
497 1286 565 1328 τὸν
591 1293 659 1341 τῆς
685 1295 839 1339 πόλεως
871 1302 1060 1354 πόλεμον,
1090 1309 1185 1361 πρὸς
1212 1312 1460 1369 Ἀρτάβαζον
1485 1325 1549 1365 καὶ

214 1354 412 1402 πανταχοῖ
426 1354 584 1401 μᾶλλον
604 1359 754 1412 οἴχεται
774 1364 961 1415 πλέοντα,
981 1372 1001 1410 ὁ
1023 1375 1064 1414 δὲ
1085 1381 1306 1433 στρατηγὸς
1325 1385 1544 1438 ἀκολουθεῖ,

211 1413 383 1457 εἰκότωςι
421 1418 465 1458 οὐ
495 1423 569 1474 γὰρ
597 1424 708 1468 ἔστιν
738 1429 875 1484 ἄρχειν
903 1436 957 1487 μὴ
988 1441 1145 1484 διδόντα
1176 1450 1336 1497 μισθόν.
1406 1457 1449 1495 τί
1477 1457 1545 1498 οὖν

208 1481 374 1529 κελεύω,·
413 1487 484 1528 τὰς
509 1491 733 1543 προφάσεις
759 1498 928 1551 ἀφελεῖν
948 1506 1010 1546 καὶ
1035 1513 1104 1549 τοῦ
1129 1522 1352 1569 στρατηγοῦ
1377 1523 1440 1563 καὶ
1465 1528 1543 1566 τῶν

207 1555 474 1599 στρατιωτῶν,
514 1559 659 1606 μισθὸν
701 1566 945 1616 πορίσαντας
987 1576 1048 1616 καὶ
1094 1583 1338 1631 στρατιώτας
1376 1590 1541 1634 οἰκείους

204 1613 341 1667 ὥσπερ
374 1619 547 1665 ἐπόπτας
583 1630 662 1667 τῶν
695 1639 1051 1688 στρατηγουμένων
1087 1654 1537 1705 παρακαταστήσαντας·

203 1681 288 1721 ἐπεὶ
313 1687 382 1724 νῦν
401 1703 447 1737 γε
466 1688 593 1739 γέλως
613 1693 700 1734 ἔσθ’
720 1697 771 1739 ὡς
795 1702 983 1754 χρώμεθα
1002 1713 1085 1753 τοῖς
1104 1713 1346 1767 πράγμασιν.
1408 1724 1441 1763 εἰ
1460 1727 1537 1778 γὰρ

202 1745 331 1798 ἔροιτό
358 1767 416 1793 τις
447 1755 556 1804 ὑμᾶς,
589 1762 598 1775 ‘
615 1761 773 1814 εἰρήνην
804 1767 923 1820 ἄγετ’,
952 1771 981 1813 ὦ
1010 1775 1148 1830 ἄνδρες
1175 1780 1398 1835 Ἀθηναῖοι;
1419 1789 1427 1803 ’
1456 1794 1533 1842 ίμέι

1592 540 1609 571 5

1576 1208 1613 1242 ¹5

1564 1543 1604 1565 20

246 1814 271 1827 Ι)
329 1815 338 1829 ²
408 1819 417 1831 OE
477 1825 494 1833 r·-
563 1823 572 1837 Ί
592 1824 601 1838 )
648 1829 664 1841 1!
757 1831 766 1844 9
799 1833 814 1847 ‚l
884 1839 893 1853 ς
918 1839 928 1853 5
997 1843 1009 1855 x
1131 1848 1143 1861 Ι
1415 1860 1433 1869 Α
1522 1860 1532 1873 5

201 1817 253 1853 Δι
297 1832 369 1870 ουχ
400 1836 511 1870 ημεις
535 1840 585 1875 γ,
628 1844 754 1871 ειποιτ
793 1850 853 1880 αν,
910 1846 1016 1882 αλλα
1041 1846 1230 1904 Φιλιππῳ
1257 1858 1516 1908 πολεμουμεν.
1555 1877 1591 1909 25

626 1893 655 1907 (x,
697 1897 706 1911 ἡ

198 1879 265 1920 οὐκ
301 1883 587 1937 ἐχειροτονεῖτε
623 1909 642 1933 ο
689 1914 707 1935 ε
765 1901 874 1951 ὑμῶν
905 1906 1033 1949 αὐτῶν
1066 1912 1159 1954 δέκα
1193 1917 1430 1975 ταξιάρχους
1467 1928 1529 1968 καὶ

197 1952 443 2003 στρατηγοὺς
469 1956 530 1996 καὶ
552 1960 783 2016 φυλάρχους
809 1970 871 2010 καὶ
898 1973 1118 2030 ἱππάρχους
1142 1983 1228 2030 δύο;
1267 1988 1308 2026 τί
1328 1988 1397 2030 οὖν
1421 1991 1527 2034 οὗτοι

194 2019 394 2065 ποιοῦσιν;
449 2022 555 2073 πλὴν
595 2027 682 2070 ἑνὸς
725 2032 876 2085 ἀνδρός,
917 2038 962 2080 ὃν
1003 2042 1052 2084 ἂν
1093 2047 1314 2104 ἐκπεμψητ’
1355 2057 1417 2097 ἐπὶ
1458 2059 1526 2101 τὸν

192 2081 382 2133 πόλεμον,
414 2089 449 2128 οἱ
482 2093 616 2133 λοιποὶ
650 2098 720 2139 τὰς
753 2106 912 2151 πομπὰς
945 2108 1170 2160 πέμπουσιν
1200 2119 1291 2168 ὑμῖν
1317 2126 1416 2172 μετὰ
1446 2130 1525 2167 τῶν

192 2147 410 2199 ἱεροποιῶν·
448 2156 584 2211 ὥσπερ
608 2164 682 2214 γὰρ
708 2167 744 2206 οἱ
769 2170 1011 2218 πλάττοντες
1035 2180 1124 2223 τοὺς
1150 2187 1350 2235 πηλίνους,
1373 2192 1428 2233 εἰς
1452 2193 1523 2244 τὴν
1543 2212 1584 2242 30

231 2267 250 2285 2
281 2260 356 2292 τοὺς
382 2268 657 2308 στρατευομένους
682 2276 800 2308 codd:
828 2288 1142 2327 συστρατευομένους
1168 2292 1307 2327 Voemel
1333 2308 1520 2338 praeeunte

188 2298 359 2341 Dobraeo,
386 2306 428 2337 cf.
459 2312 473 2346 ,δ
500 2322 539 2350 24
688 2328 729 2347 22
761 2329 1052 2367 στρατηγουμένων
1078 2335 1199 2368 codd.:
1233 2342 1398 2380 δρωμένων
1423 2346 1520 2378 Blass

186 2350 323 2376 secutus
343 2348 458 2382 Liban.
481 2353 524 2391 iii,
545 2366 574 2393 p.
593 2360 657 2395 318
749 2365 790 2394 28
817 2369 1001 2411 ἐκπέμψητε
1021 2375 1044 2405 S
1062 2377 1165 2418 vulg„
1183 2381 1222 2412 cs.
1243 2394 1287 2414 xv
1303 2395 1346 2424 9:
1370 2388 1517 2431 πέμψητε

184 2385 216 2415 Α
233 2389 343 2428 suppl.
364 2391 393 2421 Y
414 2393 519 2426 Patm.
539 2400 643 2432 schol.
