1763 2828
104 135 212 190 [164]

172 524 217 550 20

174 920 214 946 21

178 1450 220 1476 22

179 1982 223 2018 23

741 126 1085 180 [ψιΛΙΠΠΟΎ]
1499 124 1577 179 [xu

247 241 410 279 τοῦντας
442 238 505 278 ἀεί
533 254 569 278 τι
599 235 825 287 λαμβάνειν
855 235 944 286 παρ’
970 235 1111 281 αὐτῶν,
1139 233 1197 274 ἔτι
1225 235 1266 274 δὲ
1296 237 1373 274 τῶν
1405 237 1579 274 πολιτῶν

246 307 328 346 τοῖς
362 303 678 356 γνωριμωτάτοις
713 303 774 343 καὶ
807 306 884 343 τῶν
911 300 1056 352 ἔξωθεν
1088 304 1170 343 τοῖς
1204 298 1471 350 ἐνδοξοτάτοις
1495 305 1578 340 λοι-

247 370 503 423 δορουμένους
525 370 589 411 ἐπὶ
608 374 675 410 τοῦ
692 368 871 420 βήματος
891 370 1183 420 περιποιεῖσθαι
1201 368 1306 419 παρὰ
1321 369 1389 407 τοῦ
1405 365 1580 418 πλήθους

247 436 365 488 δόξαν
391 437 441 479 ὡς
468 437 545 478 εἰσὶ
573 437 786 487 δημοτικοί.

312 502 465 559 Ῥᾴδιον
489 505 561 554 μὲν
589 503 656 543 οὖν
681 504 772 543 ἐστί
793 519 860 553 μοι
884 504 1032 542 παῦσαι
1056 503 1124 552 τῆς
1149 500 1415 552 βλασφημίας
1441 499 1581 542 αὐτοὺς

245 572 363 622 μικρὰ
403 569 504 611 πάνυ
540 568 755 623 προεμένῳ,
798 568 859 608 καὶ
895 570 1061 618 ποιῆσαι
1094 567 1229 619 λέγειν
1266 567 1450 608 ἐπαίνους
1484 567 1581 617 ὑπὲρ

246 637 368 688 ἡμῶν.
438 635 530 676 ἀλλ’
570 635 835 688 αἰσχυνοίμην
872 634 931 680 ἄν,
971 636 1004 675 εἰ
1046 633 1116 684 τὴν
1154 633 1250 686 πρὸς
1292 633 1389 683 ὑμᾶς
1427 633 1582 673 εὔνοιαν

247 705 351 756 παρὰ
380 703 526 743 τούτων
559 703 772 754 φαινοίμην
801 700 1031 751 ὠνούμενος,
1060 700 1096 740 ο”ὶ
1126 699 1222 752 πρὸς
1251 702 1333 740 τοῖς
1362 698 1502 740 ἄλλοις
1528 699 1582 740 εἷς

248 773 361 810 τοῦτο
380 769 528 819 τόλμης
553 768 717 818 ἥκουσιν
737 767 841 808 ὥστε
871 767 933 807 καὶ
958 767 1045 818 περὶ
1065 766 1348 818 Ἀμφιπόλεως
1367 764 1462 816 πρὸς
1482 764 1582 815 ἡμᾶς

248 837 524 888 ἀμφισβητεῖν
551 836 831 887 ἐπιχειροῦσιν,
859 834 957 885 ὑπὲρ
986 833 1031 883 ἧς
1055 836 1133 873 τῶν
1159 830 1492 882 ἀντιποιουμένων
1518 829 1582 870 αὐ-

248 904 318 952 τῆς
348 900 456 952 οἶμαι
486 900 588 942 πολὺ
622 900 842 951 δικαιότερα
873 899 1008 951 λέγειν
1033 898 1159 940 αὐτός.
1233 900 1310 939 εἴτε
1339 899 1414 950 γὰρ
1437 902 1515 938 τῶν
1541 895 1586 946 ἐξ

250 969 374 1021 ἀρχῆς
404 966 687 1019 κρατησάντων
717 968 907 1018 γίγνεται,
941 969 1023 1007 πῶς
1053 965 1098 1005 οὐ
1128 965 1286 1006 δικαίως
1318 964 1430 1014 ἡμεῖς
1463 963 1583 1013 αὐτὴν

250 1035 405 1088 ἔχομεν,
433 1033 698 1085 Ἀλεξάνδρου
725 1036 792 1073 τοῦ
817 1032 1014 1085 προγόνου
1040 1031 1194 1083 πρώτου
1221 1031 1490 1084 κατασχόντος
1516 1029 1584 1070 τὸν

251 1102 385 1147 τόπον,
407 1102 497 1142 ὅθεν
524 1101 585 1141 καὶ
610 1104 687 1141 τῶν
716 1100 981 1153 αἰχμαλώτων
1003 1097 1152 1149 Μήδων
1173 1097 1354 1151 ἀπαρχὴν
1374 1096 1585 1149 ἀνδριάντα

251 1171 426 1221 χρυσοῦν
446 1167 669 1218 ἀνέστησεν
691 1169 745 1209 εἰς
768 1166 955 1218 Δελφούς
963 1183 974 1213 ;
1015 1166 1092 1207 εἴτε
1112 1166 1260 1206 τούτων
1279 1167 1352 1216 μὲν
1371 1165 1582 1217 ἀμφισβη-

251 1234 386 1286 τήσειέ
403 1252 472 1281 τις,
492 1233 598 1285 ἀξιοῖ
615 1236 657 1275 δὲ
675 1235 884 1286 γίγνεσθαι
906 1236 984 1273 τῶν
999 1233 1168 1285 ὕστερον
1187 1231 1411 1285 γενομένων
1432 1231 1582 1283 κυρίων,

251 1301 418 1354 ὑπάρχει
447 1318 513 1352 μοι
543 1301 605 1341 καὶ
633 1304 747 1341 τοῦτο
776 1299 821 1340 τὸ
854 1301 1016 1341 δίκαιον·
1054 1298 1367 1351 ἐκπολιορκήσας
1396 1299 1471 1350 γὰρ
1496 1297 1585 1339 τοὺς

251 1368 348 1418 ὑμᾶς
372 1369 443 1418 μὲν
463 1368 723 1418 ἐκβαλόντας,
746 1366 821 1408 ὑπὸ
842 1367 1164 1418 Λακεδαιμονίων
1189 1368 1231 1407 δὲ
1252 1363 1582 1411 κατοικισθέντας,

253 1434 403 1484 ἔλαβον
431 1434 475 1474 τὸ
507 1435 667 1487 χωρίον.
741 1434 864 1474 καίτοι
900 1433 1044 1476 πάντες
1077 1435 1257 1484 οἰκοῦμεν
1289 1433 1358 1474 τὰς
1391 1431 1528 1472 πόλεις
1560 1426 1584 1480 ἦ

252 1504 330 1542 τῶν
349 1501 556 1553 προγόνων
575 1501 830 1553 παραδόντων
851 1497 874 1551 ἢ
904 1502 1001 1541 κατὰ
1027 1501 1203 1551 πόλεμον
1223 1499 1345 1551 κύριοι
1367 1496 1584 1537 καταστάν-

252 1584 328 1610 τες.
399 1568 508 1618 ὑμεῖς
549 1566 581 1607 δ’
620 1567 708 1608 οὔτε
750 1571 896 1619 πρῶτοι
937 1568 1135 1618 λαβόντες
1177 1566 1264 1606 οὔτε
1302 1568 1371 1606 νῦν
1409 1564 1582 1617 ἔχοντες,

253 1633 470 1688 ἐλάχιστον
486 1636 528 1675 δὲ
547 1634 693 1687 χρόνον
709 1635 750 1674 ἐν
767 1637 849 1676 τοῖς
870 1634 1006 1676 τόποις
1028 1634 1292 1685 ἐμμείναντες,
1314 1632 1585 1672 ἀντιποιεῖσθε

252 1703 321 1752 τῆς
346 1701 512 1747 πόλεως,
535 1700 599 1740 καὶ
623 1704 743 1740 ταῦτα
769 1702 906 1741 πίστιν
932 1701 1029 1753 ὑπὲρ
1054 1700 1162 1751 ἡμῶν
1182 1698 1293 1739 αὐτοὶ
1312 1696 1584 1748 βεβαιοτάτην

254 1766 465 1809 ἐπιθέντες·
504 1767 698 1809 πολλάκις
724 1769 800 1820 γὰρ
819 1769 913 1818 ἐμοῦ
932 1766 1157 1820 γράφοντος
1183 1767 1225 1806 ἐν
1244 1768 1328 1807 ταῖς
1354 1766 1585 1805 ἐπιστολαῖς

253 1834 349 1887 ὑπὲρ
374 1834 503 1884 αὐτῆς,
530 1834 727 1887 ἐγνώκατε
754 1835 911 1876 δικαίως
937 1834 1045 1887 ἔχειν
1069 1834 1182 1885 ἡμᾶς,
1210 1833 1298 1872 τότε
1323 1832 1395 1881 μὲν
1419 1828 1584 1880 ποιησά-

252 1918 364 1951 μενοι
388 1900 458 1951 τὴν
484 1900 642 1953 εἰρήνην
669 1901 832 1955 ἔχοντος
863 1902 957 1951 ἐμοῦ
981 1900 1051 1950 τὴν
1076 1901 1204 1945 πόλιν,
1234 1897 1331 1953 κᾷτα
1355 1897 1584 1949 συμμαχίαν

254 1968 318 2008 ἐπὶ
350 1972 434 2010 ταῖς
466 1968 601 2009 αὐταῖς
635 1968 878 2020 ὁμολογίαις.
951 1968 1075 2008 καίτοι
1105 1969 1185 2008 πῶς
1214 1964 1262 2006 ἂν
1287 1963 1401 2016 ἑτέρα
1428 1962 1584 2015 γένοιτο

253 2033 498 2086 βεβαιοτέρα
529 2034 672 2085 ταύτης
708 2036 857 2085 κτῆσις,
890 2035 958 2084 τῆς
992 2033 1035 2073 τὸ
1068 2035 1140 2084 μὲν
1173 2030 1220 2082 ἐξ
1246 2032 1370 2085 ἀρχῆς
1400 2034 1580 2070 καταλει-

254 2101 424 2153 φθείσης
442 2101 535 2153 ἡμῖν
553 2100 628 2142 ὑπὸ
648 2104 726 2142 τῶν
741 2101 960 2153 προγόνων,
978 2100 1099 2141 πάλιν
1119 2101 1161 2140 δὲ
1181 2099 1279 2139 κατὰ
1297 2097 1472 2147 πόλεμον
1489 2096 1583 2146 ἐμῆς

302 2220 315 2241 1
356 2211 405 2243 ἆεί
441 2225 472 2243 τι
510 2210 690 2252 λαμβάνειν
729 2209 937 2242 FelicianuSt
985 2208 1238 2248 ἀντιλαμβάνειν
1271 2206 1356 2245 (sive
1391 2207 1445 2243 -ειῖ
1480 2204 1579 2235 codd.

256 2265 274 2284 2
299 2257 364 2286 τῶν
382 2254 555 2285 Palatinus
569 2264 648 2293 113:
672 2257 740 2286 τοῖς
753 2253 843 2292 vulg.
935 2263 975 2292 25
994 2254 1157 2294 ἐγνώκατε
1170 2251 1379 2282 Felicianus:
1403 2248 1582 2288 ἐγνωκότες

257 2298 353 2328 codd·
445 2298 612 2337 φαίνεσθαι
630 2302 708 2337 post
733 2296 911 2338 ἐγνωκότες
929 2297 1004 2328 add.
1025 2296 1134 2327 Cobet
1233 2298 1309 2334 post
1327 2293 1408 2331 ἡμᾶς
1425 2292 1581 2322 lacunam

256 2340 417 2372 indicavit
433 2340 534 2382 weil,
555 2345 689 2372 servato
707 2339 884 2382 ἐγνωκότες
1041 2340 1083 2370 26
1107 2338 1192 2381 κᾷτα
1209 2337 1318 2368 Index
1336 2335 1488 2367 Lambini
1504 2347 1554 2375 γρ.
1574 2344 1582 2363 .·

257 2384 340 2416 κατὰ
354 2384 450 2416 codd.

1600 516 1619 548 5

1606 846 1643 868 10

1609 1179 1644 1211 ¹5

1607 1516 1647 1538 20

1606 1847 1644 1879 25
