1763 2828
131 152 241 207 [232]

197 810 240 844 23

127 990 238 1044 [233]

194 1208 238 1241 24

193 1939 234 1976 25

700 151 1186 190 ΔΗΜΟΣΘΕΝΟΎΣ
1481 147 1603 201 [xvm

274 256 334 298 ἐπ’
369 256 487 306 αὐτῆς
520 257 588 306 τῆς
623 256 810 306 ἀληθείας
844 256 945 296 οὕτω
978 254 1253 306 δεικνυμένων,
1281 256 1335 297 εἰς
1368 254 1472 295 τοῦθ’
1507 254 1602 307 ἧκεν

274 323 473 365 ἀναιδείας
509 322 604 362 ὥστ’
641 324 791 374 ἐτόλμα
829 322 962 375 λέγειν
1002 322 1053 364 ὡς
1090 321 1151 374 ἄρ’
1189 323 1266 375 ἐγὼ
1306 321 1402 374 πρὸς
1440 326 1493 377 τῷ
1532 324 1601 373 τῆς

275 389 428 444 εἰρήνης
466 392 590 432 αἴτιος
626 392 868 443 γεγενῆσθαι
902 391 965 431 καὶ
999 390 1227 432 κεκωλυκὼς
1261 390 1344 440 εἵην
1377 388 1449 440 τὴν
1481 390 1602 430 πόλιν

272 459 372 509 μετὰ
406 461 536 498 κοινοῦ
570 458 775 510 συνεδρίου
808 461 886 498 τῶν
919 456 1130 508 Ἑλλήνων
1161 457 1307 507 ταύτην
1338 455 1599 508 ποιήσασθαι.

274 523 343 565 εἶτ’
369 523 500 565 ὧ-τί
528 524 576 565 ἂν
602 525 723 565 εἰπών
757 523 805 565 σε’
840 541 897 566 τις
931 525 1054 577 ὀρθῶς
1087 525 1320 576 προσείποι;
1358 523 1469 564 ἔστιν
1502 524 1601 564 ὅπου
1621 539 1639 572 5

274 591 325 632 σὺ
358 592 493 643 παρὼν
525 591 765 641 τηλικαύτην
797 589 939 643 πρᾶξιν
973 592 1036 632 καὶ
1069 592 1311 644 συμμαχίαν,
1342 590 1484 642 ἡλίκην
1516 590 1601 631 νυνὶ

273 657 450 715 διεξῄεις,
479 658 580 709 ὁρῶν
605 658 897 710 ἀφαιρούμενόν
928 676 978 710 με
1009 660 1078 709 τῆς
1111 659 1277 704 πόλεως,
1305 656 1598 710 ἠγανάκτησας,

272 721 295 774 ἢ
323 725 532 777 παρελθὼν
556 724 664 764 ταῦθ’
690 725 714 764 ἃ
737 728 806 766 νῦν
832 724 1059 777 κατηγόρεις
1085 724 1264 776 ἐδίδαξας
1290 725 1351 765 καὶ
1376 722 1598 775 διεξῆλθεςῑ

274 792 336 832 καὶ
368 791 445 842 μὴν
476 792 509 831 εἰ
540 790 584 831 τὸ
617 794 794 832 κωλῦσαι
822 791 894 842 τὴν
923 796 1001 833 τῶν
1025 791 1235 842 Ἑλλήνων
1270 793 1475 832 κοινωνίαν
1508 792 1597 832 ε’πε-

272 857 434 909 πράκειν
460 858 538 910 ἐγὼ
564 858 766 912 Φιλίππῳ,
795 858 860 898 σοὶ
888 858 934 898 τὸ
962 858 1013 909 μὴ
1042 860 1209 911 σιγῆσαι
1237 859 1379 899 λοιπὸν
1404 857 1464 908 ἦν,
1493 859 1600 898 ἀλλὰ
1623 872 1660 894 10

271 927 376 975 βοᾶν
403 924 466 965 καὶ
496 923 829 977 διαμαρτύρεσθαι
860 925 922 965 καὶ
955 927 1102 975 δηλοῦν
1131 926 1321 966 τουτοισί.
1395 924 1440 964 οὐ
1468 925 1600 965 τοίνυν

271 993 463 1042 ἐποίησας
489 992 658 1043 οὐδαμοῦ
681 995 808 1038 τοῦτο,
831 991 911 1032 οὐδ’
930 991 1077 1043 ἤκουσέ
1103 1009 1176 1033 σου
1200 992 1345 1043 ταύτην
1369 991 1441 1042 τὴν
1461 991 1600 1044 φωνὴν

271 1058 410 1100 οὐδείς·
460 1059 549 1100 οὔτε
586 1060 662 1111 γὰρ
699 1057 747 1110 ἦν
784 1059 984 1111 πρεσβεία
1019 1058 1114 1112 πρὸς
1151 1057 1276 1100 οὐδέν’
1313 1056 1597 1109 ἀπεσταλμένη

271 1126 359 1166 τότε
398 1129 476 1167 τῶν
511 1124 735 1176 Ἑλλήνων,
773 1126 881 1166 ἀλλὰ
916 1125 1041 1167 πάλαι
1079 1125 1224 1168 πάντες
1264 1124 1367 1176 ἦσαν
1411 1125 1596 1177 ἐξεληλε-

270 1192 422 1245 γμένοι,
451 1192 532 1234 οὔθ’
552 1193 666 1235 οὗτος
690 1193 797 1245 ὑγιὲς
822 1193 910 1245 περὶ
935 1193 1085 1234 τούτων
1111 1194 1263 1245 εἴρηκεν
1289 1192 1416 1234 οὐδέν.
1477 1192 1599 1246 χωρὶς
1623 1208 1659 1241 15

270 1261 312 1300 δὲ
337 1260 485 1301 τούτων
516 1260 578 1301 καὶ
608 1259 823 1311 διαβάλλει
846 1259 916 1310 τὴν
942 1261 1061 1301 πόλιν
1084 1261 1133 1300 τὰ
1165 1259 1323 1313 μέγιστ’
1348 1261 1391 1301 ἐν
1415 1260 1473 1302 οἷς
1497 1259 1597 1311 ψεύ-

269 1329 389 1367 δεται·
439 1329 472 1368 εἰ
505 1328 581 1379 γὰρ
614 1327 723 1378 ὑμεῖς
759 1326 839 1378 ἅμα
871 1326 961 1369 τοὺς
995 1328 1068 1378 μὲν
1094 1325 1301 1378 ’Έλληνας
1334 1328 1389 1370 εἰς
1422 1327 1599 1377 πόλεμον

270 1397 541 1446 παρεκαλεῖτε,
564 1393 675 1434 αὐτοὶ
700 1395 742 1434 δὲ
767 1393 863 1445 πρὸς
883 1394 1090 1435 Φίλιππον
1114 1394 1202 1446 περὶ
1229 1393 1384 1446 εἰρήνης
1404 1393 1598 1445 πρέσβεις

270 1459 478 1511 ἐπέμπετε,
507 1459 743 1512 Εὐρυβάτου
769 1463 941 1513 πρᾶγμα,
969 1461 1014 1501 οὐ
1042 1461 1197 1503 πόλεως
1227 1460 1344 1513 ἔργον
1379 1459 1467 1501 οὐδὲ
1500 1477 1595 1513 χρη-

269 1530 376 1567 στῶν
391 1528 609 1579 ἀνθρώπων
626 1526 920 1579 διεπράττεσθε.
964 1526 1057 1567 ἀλλ’
1074 1527 1141 1567 οὐκ
1158 1527 1245 1567 ἔστι
1261 1530 1394 1573 ταῦτα,
1414 1526 1481 1567 οὐκ
1497 1526 1597 1567 ἔστι·
1622 1544 1661 1566 20

268 1594 309 1634 τί
330 1595 404 1645 γὰρ
431 1594 492 1634 καὶ
516 1594 758 1645 βουλόμενοι
781 1593 1073 1644 μετεπέμπεσθ’
1091 1593 1139 1635 ἂν
1164 1593 1304 1635 αὐτοὺς
1330 1595 1372 1634 ἐν
1396 1593 1520 1648 τούτῳ
1545 1597 1598 1648 τῷ

269 1664 386 1715 καιρῷ
394 1677 406 1707 ;
438 1661 502 1702 ἐπὶ
521 1660 592 1711 τὴν
611 1659 787 1713 εἰρήνην;
819 1660 910 1700 ἀλλ’
927 1661 1104 1714 ὑπῆρχεν
1124 1660 1287 1701 ἅπασιν.
1337 1659 1429 1701 ἀλλ’
1445 1660 1510 1700 ἐπὶ
1529 1659 1599 1700 τὸν

268 1728 463 1778 πόλεμον;
502 1727 593 1768 ἀλλ’
612 1726 723 1768 αὐτοὶ
743 1727 830 1779 περὶ
850 1726 1006 1779 εἰρήνης
1026 1728 1305 1779 ἐβουλεύεσθε.
1350 1727 1490 1768 οὔκουν
1509 1727 1599 1767 οὔτε

266 1796 334 1844 τῆς
352 1793 398 1845 ἐξ
411 1795 535 1848 ἀρχῆς
552 1793 706 1846 εἰρήνης
721 1794 878 1847 ἡγεμὼν
894 1793 974 1835 οὐδ’
990 1796 1112 1836 αἴτιος
1128 1793 1182 1835 ὢν
1198 1795 1276 1847 ἐγὼ
1293 1795 1498 1847 φαίνομαι,
1509 1794 1599 1834 οὔτε

266 1864 344 1902 τῶν
368 1860 504 1902 ἄλλων
529 1862 584 1902 ὧν
610 1861 888 1914 κατεψεύσατό
910 1878 985 1912 μου
1011 1861 1122 1902 οὐδὲν
1148 1862 1293 1912 ἀληθὲς
1318 1859 1363 1902 ὂν
1388 1862 1596 1902 δείκνυται.
1621 1878 1658 1910 25

334 1927 498 1979 Ἐπειδὴ
528 1929 659 1970 τοίνυν
689 1928 908 1980 ἐποιήσατο
939 1928 1010 1979 τὴν
1043 1927 1199 1980 εἰρήνην
1223 1928 1247 1979 ἡ
1273 1928 1402 1974 πόλις,
1431 1929 1599 1969 ἐνταῦθα

267 1993 389 2036 πάλιν
415 1994 627 2048 σκέψασθε
652 1996 693 2036 τί
715 1995 825 2047 ἡμῶν
852 1994 1036 2047 ἑκάτερος
1063 1996 1271 2048 προείλετο
1297 1994 1495 2047 πράττειν·
1535 1993 1598 2034 καὶ

266 2063 341 2114 γὰρ
367 2063 409 2103 ἐκ
434 2062 583 2104 τούτων
609 2064 770 2104 ε’ίσεσθε
795 2063 853 2104 τίς
879 2061 926 2112 ἧν
952 2063 972 2101 ὁ
999 2063 1190 2117 Φιλίππῳ
1217 2061 1346 2103 πάντα
1376 2077 1595 2114 συναγωνι-

310 2181 329 2200 2
354 2171 479 2211 ἐτόλμα
496 2171 527 2201 Α
543 2182 550 2201 t
576 2178 699 2210 ετολμα
713 2169 748 2201 S¹
762 2171 791 2208 (ε
809 2169 897 2200 linea
915 2169 1080 2211 deletum)
1097 2181 1104 2201 :
1126 2173 1233 2213 τολμᾷ
1250 2170 1275 2201 F
1291 2169 1379 2208 vulg.
1474 2178 1491 2207 7
1516 2174 1596 2200 ante

265 2214 398 2257 διεξῄεις
425 2216 501 2246 add.
533 2214 723 2257 ἐτραγῴδεις
751 2214 802 2245 καὶ
829 2214 942 2252 vulg:
976 2213 1197 2256 διετραγῴδεις
1225 2215 1276 2246 καὶ
1309 2213 1404 2244 BY:
1443 2223 1508 2244 om.
1533 2213 1598 2244 SL

265 2259 286 2287 8
310 2261 500 2299 κατηγορεῖς
519 2259 616 2289 codd.
635 2269 640 2289 z
667 2256 855 2298 κατηγόρεις
874 2256 916 2288 G.
935 2257 978 2287 H.
999 2257 1163 2289 Schaefer
1281 2257 1331 2289 καὶ
1349 2258 1511 2296 διεξῆλθες
1528 2256 1595 2288 del.

268 2301 426 2332 Dobree:
456 2303 475 2339 ἢ
501 2304 663 2342 διεξῆλθες
690 2301 714 2330 F
891 2310 929 2339 13
962 2300 1092 2334 εἰκότως
1117 2305 1194 2340 post
1219 2300 1319 2332 οὐδείς
1343 2300 1418 2330 add.
1444 2299 1497 2329 A:
1530 2309 1595 2330 om.

268 2345 291 2374 S
305 2344 343 2374 Ll
357 2345 393 2382 F,
412 2345 452 2375 cf.
473 2348 488 2382 ς
504 2356 545 2385 47
639 2343 752 2376 οὐδένα
769 2343 792 2374 S
808 2343 833 2373 L
851 2343 953 2382 vulg„
967 2344 1008 2375 cf.
1027 2344 1035 2373 i
1056 2354 1106 2384 19,
1121 2344 1180 2374 xix
1197 2353 1260 2383 50:
1285 2342 1413 2376 οὐδένας
1431 2342 1474 2381 O,
1489 2343 1596 2374 Cobet

269 2389 308 2418 18
332 2390 390 2426 τῆς
406 2393 484 2419 ante
502 2388 626 2429 εἰρήνης
642 2388 719 2418 add.
739 2387 763 2417 S
780 2386 873 2417 solus
1007 2388 1049 2418 28
1075 2387 1219 2428 εἴσεσθε]
1238 2386 1354 2428 ὄψεσθε
1371 2386 1403 2418 Α
1492 2386 1598 2420 πάντα

265 2431 354 2471 vulg.
375 2432 398 2461 S
414 2445 481 2472 Ὑρ.,
496 2430 603 2463 schol.
621 2441 654 2471 p.
671 2441 747 2471 274,
767 2439 825 2469 15:
852 2444 888 2462 τε
906 2430 967 2470 τὴν
985 2430 1112 2471 εἶρήνην
1129 2431 1153 2462 S
1166 2430 1205 2461 Ll
