1763 2828
109 130 222 184 [284]

160 570 224 606 168

156 1033 220 1077 169

106 1563 218 1617 [285]

154 1644 220 1678 17.0

681 127 1165 166 ΔΗΝῘΟΣΘΕΝΟΎΣ
1463 124 1581 176 [xvm

256 224 279 275 ἢ
308 227 398 266 ταῖςγ
417 226 546 274 ἑτέρων
575 224 836 262 ἐπακολουθεῖν
864 224 1034 276 γνώμαις,
1068 223 1190 272 ἥσθην
1220 224 1278 261 καὶ
1311 226 1460 272 μᾶλλον
1489 225 1583 274 ὑμᾶς

256 282 389 318 ἐπαινῶ
411 281 501 318 κατὰ
521 280 660 323 πολλά,
674 280 842 328 μάλιστα
859 277 887 316 δ’
904 279 962 316 ἐπὶ
977 281 1026 328 τῷ
1045 277 1333 326 βουλεύσασθαι
1347 278 1430 328 περὶ
1444 280 1582 317 τούτων

255 335 543 383 ἀσφαλέστερον
564 334 623 371 καὶ
648 335 693 371 τὰ
717 334 808 383 πρὸς
827 334 923 382 ἡμᾶς
944 333 1040 383 ἔχειν
1060 335 1098 370 ἐν
1117 333 1247 382 εὐνοίᾳ·
1277 332 1367 381 ὅπερ
1387 334 1429 370 οὐ
1448 335 1582 383 μικρὰν

254 390 340 439 ὑμῖν
366 389 481 427 οἴσειν
505 389 641 434 ἐλπίζω
667 389 794 438 ῥοπήν,
824 389 886 425 ἐάν
908 404 977 437 περ
1002 387 1060 424 ἐπὶ
1086 387 1220 436 ταύτης
1245 387 1378 436 μένητε
1403 389 1469 436 τῆς
1493 404 1581 437 προ-

256 444 402 484 θέσεως.
462 442 648 494 ἔρρωσθε]

323 566 439 606 Οὕτω
470 566 615 607 διαθεὶς
640 566 660 604 ὁ
686 566 888 606 Φίλιππος
917 566 986 607 τὰς
1016 565 1153 606 πόλεις
1183 563 1280 615 πρὸς
1311 562 1493 614 ἀλλήλας
1517 566 1582 605 διὰ

255 632 403 672 τούτων
446 631 507 671 καὶ
549 631 700 673 τούτοις
743 632 924 683 ἐπαρθεὶς
963 634 1044 672 τοῖς
1083 631 1351 683 ψηφίσμασιν
1392 631 1454 672 καὶ
1495 634 1582 674 ταῖς

255 699 530 749 ἀποκρίσεσιν,
570 697 663 747 ἧκεν
704 697 808 750 ἔχων
847 698 916 747 τὴν
955 698 1119 748 δύναμιν
1159 698 1220 738 καὶ
1259 697 1330 747 τὴν
1368 696 1580 739 Ἐλάτειαν

255 764 491 814 κατέλαβεν,
519 764 569 806 ὡς
595 763 674 803 οὐδ’
698 763 746 804 ἂν
772 766 809 804 εἴ
835 781 872 804 τι
902 763 1047 816 γένοιτ’
1074 764 1130 804 ἔτι
1162 763 1502 815 συμπνευσάντων
1531 763 1580 805 ἂν

252 831 360 881 ἡμῶν
399 832 460 870 καὶ
496 834 574 870 τῶν
611 830 819 880 Θηβαίων,
892 831 1000 870 ἀλλὰ
1035 830 1112 881 μὴν
1149 830 1219 871 τὸν
1254 832 1344 872 τότε
1381 830 1580 882 συμβάντ’

253 898 293 937 ἐν
318 897 363 953 τῇ
389 897 506 937 πόλει
531 897 703 948 θόρυβον
732 898 820 937 ἵστε
854 898 925 948 μὲν
960 896 1143 938 ἅπαντες·
1179 899 1299 949 μικρὰ
1331 897 1364 938 δ’
1389 897 1579 938 ἀκούσαθ’

251 964 355 1014 ὅμως
381 963 479 1003 αὐτὰ
504 963 831 1016 τάναγκαιότατα.

317 1029 497 1082 Ἑσπέρα
528 1032 601 1080 μὲν
626 1031 702 1082 γὰρ
726 1029 786 1080 ἦν,
814 1029 883 1081 ἧκε
911 1029 943 1070 δ’
969 1027 1182 1082 ἀγγέλλων
1207 1046 1266 1072 τις
1291 1030 1342 1071 ὡς
1367 1030 1457 1072 τοὺς
1483 1047 1578 1083 πρυ-

250 1096 381 1139 τάνεις
414 1097 464 1139 ὡς
497 1095 686 1137 Ἐλάτεια
721 1098 990 1148 κατείληπται.
1065 1096 1127 1136 καὶ
1162 1098 1261 1147 μετὰ
1293 1096 1402 1137 ταῦθ’
1435 1099 1472 1138 οἱ
1507 1099 1581 1148 μὲν

251 1164 362 1205 εὐθὺς
406 1163 692 1214 ἐξαναστάντες
733 1162 880 1215 μεταξὺ
924 1166 1173 1205 δειπνοῦντες
1213 1163 1304 1206 τούς
1345 1163 1380 1204 τ’
1421 1165 1463 1204 ἐκ
1502 1167 1580 1205 τῶν

250 1235 407 1281 σκηνῶν
439 1235 517 1271 τῶν
550 1232 648 1271 κατὰ
679 1230 751 1281 τὴν
785 1231 935 1284 ἀγορὰν
967 1229 1145 1283 ἐξεῖργον
1181 1231 1243 1270 καὶ
1275 1233 1324 1270 τὰ
1357 1230 1463 1283 γέρρ’
1495 1231 1577 1271 ἐνε-

249 1298 496 1350 πίμπρασαν,
532 1300 568 1338 οἱ
601 1299 642 1338 δὲ
674 1297 764 1340 τοὺς
801 1297 1048 1350 στρατηγοὺς
1084 1297 1381 1348 μετεπέμποντο
1416 1297 1478 1337 καὶ
1511 1297 1580 1338 τὸν

250 1365 472 1415 σαλπικτὴν
506 1364 684 1405 ἐκάλουν·
725 1365 787 1404 καὶ
821 1365 994 1416 θορύβου
1029 1363 1181 1417 πλήρης
1210 1363 1258 1414 ἦν
1283 1364 1305 1414 ἡ
1332 1365 1460 1406 πόλις.
1532 1364 1578 1420 τῇ

250 1431 281 1471 δ’
306 1433 506 1485 ὑστεραίᾳ,
539 1431 618 1482 ἅμα
650 1432 696 1486 τῇ
729 1430 866 1484 ἡμέρᾳ,
902 1433 937 1472 οἱ
972 1433 1044 1482 μὲν
1079 1430 1286 1483 πρυτάνεις
1319 1431 1390 1481 τὴν
1423 1431 1579 1482 βουλὴν

250 1498 418 1538 ἐκάλουν
452 1500 505 1539 εἰς
537 1497 582 1537 τὸ
617 1496 915 1550 βουλευτήριον,
952 1499 1060 1548 ὑμεῖς
1096 1497 1129 1536 δ’
1165 1499 1219 1539 εἷς
1254 1497 1324 1547 τὴν
1361 1499 1578 1547 ἐκκλησίαν

252 1565 502 1616 ἐπορεύεσθε,
531 1565 592 1604 καὶ
619 1565 710 1615 πρὶν
738 1565 888 1614 ἐκείνην
919 1565 1164 1616 χρηματίσαι
1190 1565 1251 1604 καὶ
1280 1567 1578 1615 προβουλεῦσαι

250 1634 325 1672 πᾶς
362 1631 382 1670 ὁ
418 1633 537 1681 δῆμος
575 1630 653 1671 ἄνω
691 1633 848 1680 καθῆτο.
924 1630 984 1670 καὶ
1020 1632 1119 1681 μετὰ
1156 1634 1275 1670 ταῦτα
1312 1630 1362 1672 ὡς
1398 1629 1519 1680 ἦλθεν
1555 1630 1578 1680 ἡ

251 1697 378 1748 βουλὴ
406 1697 467 1737 καὶ
492 1696 741 1749 ἀπήγγειλαν
768 1699 803 1737 οἱ
829 1697 1036 1749 πρυτάνεις
1060 1699 1108 1737 τὰ
1140 1696 1460 1749 προσηγγελμέν’
1488 1699 1575 1737 ἑαυ-

249 1768 331 1806 τοῖς
356 1765 418 1804 καὶ
442 1764 510 1804 τὸν
536 1764 680 1813 ἥκοντα
714 1762 947 1816 παρήγαγον
985 1765 1161 1805 κάκεῖνος
1195 1763 1315 1809 εἶπεν,
1342 1763 1474 1815 ἠρώτα
1505 1765 1579 1814 μὲν

249 1832 269 1870 ὁ
297 1829 418 1882 κῆρυξ
442 1831 525 1872 (τίς
551 1830 753 1882 ἀγορεύειν
791 1830 1016 1881 βούλεται;’
1056 1829 1196 1886 παρῄει
1221 1830 1253 1870 δ’
1279 1830 1417 1872 οὐδείς.
1478 1835 1575 1870 πολ-

247 1897 362 1939 λάκις
401 1899 441 1937 δὲ
477 1900 545 1937 τοῦ
584 1896 744 1948 κήρυκος
787 1899 1009 1950 ἐρωτῶντος
1047 1898 1160 1937 οὐδὲν
1201 1899 1359 1947 μᾶλλον
1398 1895 1578 1937 ἀνίστατ’

249 1963 388 2009 οὐδείς,
424 1963 608 2004 ἁπάντων
645 1966 716 2014 μὲν
751 1967 829 2004 τῶν
869 1967 1100 2016 στρατηγῶν
1137 1965 1355 2016 παρόντων,
1394 1962 1578 2003 ἁπάντων

248 2032 289 2070 δὲ
326 2034 403 2071 τῶν
438 2031 625 2083 ῥητόρων,
667 2031 866 2080 καλούσης
907 2033 947 2070 δὲ
987 2027 1069 2080 [τῆς
1108 2028 1251 2082 κοινῆς]
1289 2032 1357 2080 τῆς
1396 2030 1578 2081 πατρίδος

290 2150 312 2179 9
351 2140 623 2180 συμπνευσάντων
656 2141 693 2172 ἂν
725 2140 877 2179 Elmsley
912 2140 966 2177 ges.
998 2139 1150 2178 Hesych.
1182 2139 1464 2178 συμπνευσάντων·
1505 2141 1578 2178 ὁμο·

249 2183 447 2223 νοησοίντων]
462 2195 468 2214 t
495 2183 767 2223 συμπνευσόντων
784 2184 822 2215 ἂν
839 2184 863 2214 S
877 2183 902 2213 L
913 2183 942 2213 A
956 2195 961 2212 :
983 2182 1253 2222 συμπνευσόντων
1267 2182 1292 2212 F
1304 2183 1393 2220 vulg.
1490 2191 1523 2211 11
1545 2184 1578 2213 ἐν

247 2238 311 2257 om.
332 2227 362 2257 A
544 2237 579 2257 12
605 2227 685 2258 αὐτὰ
708 2227 749 2258 τὰ
774 2236 839 2256 om.
858 2225 893 2257 S¹
911 2226 947 2256 L¹
1127 2226 1168 2254 16
1192 2226 1432 2266 ἐνεπίμπρασαν
1454 2225 1550 2254 codd.
1571 2235 1578 2254 :

248 2270 509 2302 ἀνεπετάννυσαν
538 2270 660 2300 Girard
694 2270 767 2300 coll.
800 2269 902 2300 schol.
934 2270 975 2299 ad
1005 2269 1182 2308 Aristoph.
1212 2268 1294 2299 Ach.
1327 2278 1378 2300 22.
1410 2273 1513 2306 recte,
1542 2273 1577 2298 ut

248 2314 368 2352 opinor
490 2323 530 2344 22
555 2313 654 2351 ἢλθεν
672 2312 695 2343 S
711 2313 736 2342 L
750 2313 781 2342 A
795 2313 824 2351 Q
840 2323 846 2342 z
873 2314 1022 2349 εἰσῆλθεν
1040 2312 1128 2351 vulg.
1258 2312 1300 2341 28
1322 2313 1381 2348 τῆς
1398 2313 1503 2348 κοινῆς
1520 2313 1578 2348 τῆς

247 2358 396 2398 πατρίδος
415 2360 521 2397 φωνῆς
540 2357 565 2386 L
582 2356 669 2396 vulg.
687 2367 693 2386 τ
717 2358 775 2393 τῆς
792 2358 898 2393 κοινῆς
916 2362 948 2386 et
971 2358 1077 2396 φωνῆς
1100 2355 1179 2386 secl.
1202 2354 1355 2393 Lipsius:
1388 2356 1447 2391 τῆς
1472 2355 1578 2391 κοινῆς

248 2401 398 2441 πατρίδος
417 2402 504 2441 φωνῇ
525 2400 547 2429 S
564 2411 570 2429 τ
598 2402 638 2442 τῇ
656 2402 744 2441 κοινῇ
762 2401 820 2437 τῆς
835 2400 984 2439 πατρίδος
1002 2401 1090 2440 φωνῇ
1107 2399 1138 2429 Α
1155 2410 1161 2428 :
1189 2400 1247 2435 τῆς
1263 2398 1413 2438 πατρίδος
1430 2399 1471 2439 τῇ
1489 2399 1577 2439 κοινῇ

249 2446 336 2485 φωνῇ
356 2443 379 2473 S
396 2457 444 2483 γρ,
467 2443 496 2481 Q
513 2456 563 2484 γρ.
584 2455 590 2473 :
615 2446 657 2485 τῇ
674 2445 765 2484 κοινῇ
781 2445 871 2484 φωνῇ
887 2442 967 2473 secl.
986 2441 1078 2472 Weil

1603 455 1620 486 5

1603 849 1642 872 10

1602 1181 1640 1213 15

1601 1513 1642 1535 20

1601 1843 1638 1876 25
