1763 2828
83 135 202 189 [265]

134 936 198 970 116

134 2004 198 2039 118

662 136 1145 174 ΔΗΜΟΣΘΕΝΟΎΣ
1443 132 1563 186 [xvm

801 237 998 266 ΨΗΦῙΣΜΑ.

287 296 451 351 ΓΑρχων
480 300 687 350 Δημόνικος
717 299 869 343 Φλυεύς,
899 298 1177 349 βοηδρομιῶνος
1207 300 1292 351 ἕκτῃ
1320 300 1398 350 μετ’
1428 301 1562 347 εἰκάδα,

230 355 359 405 γνώμη
387 355 532 404 βουλῆς
562 355 621 392 καὶ
649 354 776 404 δήμου,
814 355 987 394 Καλλίας
1015 355 1213 404 Φρεάρριος
1243 354 1351 402 εἶπεν,
1383 355 1438 394 ὅτι
1467 355 1567 395 δοκεῖ

230 411 277 459 τῇ
310 409 439 460 βουλῇ
471 410 530 447 καὶ
563 412 613 460 τῷ
647 408 748 460 δήμῳ
781 411 1024 457 στεφανῶσαι
1060 409 1280 447 Ναυσικλέα
1309 409 1373 447 τὸν
1404 410 1464 447 ἐπὶ
1492 413 1564 449 τῶν

230 463 368 508 ὅπλων,
396 464 451 502 ὅτι
480 462 684 512 Ἀθηναίων
713 465 875 501 ὁπλιτῶν
905 463 1099 514 δισχιλίων
1129 463 1240 502 ὄντων
1270 466 1307 501 ἐν
1329 462 1475 516 Ἴμβρῳ
1505 465 1564 503 καὶ
1586 477 1604 509 5

228 517 468 567 βοηθούντων
486 520 563 558 τοῖς
586 520 820 556 κατοικοῦσιν
839 517 1046 567 Ἀθηναίων
1065 517 1133 566 τὴν
1153 519 1278 566 νῆσον,
1301 519 1342 556 οὗ
1366 518 1566 568 δυναμένου

229 572 393 612 Φίλωνος
436 574 501 611 τοῦ
540 572 598 609 ἐπὶ
642 574 706 621 τῆς
745 572 957 622 διοικήσεως
1001 573 1346 622 κεχειροτονημένου
1384 573 1442 611 διὸ.
1482 574 1567 614 τοὺς

228 629 408 676 χειμῶνας
433 628 596 664 πλεῦσαι
623 626 682 663 καὶ
708 626 982 676 μισθοδοτῆσαι
1012 627 1095 667 τοὺς
1126 627 1291 672 ὁπλίτας,
1314 629 1353 664 ἐκ
1381 629 1446 676 τῆς
1476 627 1566 668 ἰδίας

229 681 357 720 οὐσίας
382 681 489 718 ἔδωκε
517 680 576 718 καὶ
603 682 668 718 οὐκ
695 681 888 730 εἰσέπραξε
912 682 976 720 τὸν
998 681 1125 731 δῆμον,
1150 681 1209 719 καὶ
1233 684 1479 734 ἀναγορεῦσαι
1501 683 1566 721 τὸν

229 736 419 784 στέφανον
439 735 650 775 Διονυσίοις
668 735 870 787 τραγῳδοῖς
892 734 1053 788 καινοῖς]
1589 750 1628 772 ιο

704 866 861 893 ETEPON
893 866 1091 895 ΨΗΦῙΣΜΑ.

283 926 390 979 [Εἷπε
407 929 579 969 Καλλίας
598 929 807 979 Φρεάρριος,
825 930 1033 978 πρυτάνεων
1049 929 1243 981 λεγόντων,
1264 930 1409 979 βουλῆς
1423 931 1563 982 γνώμη·

229 984 352 1033 ἐπειδὴ
373 984 586 1034 Χαρίδημος
614 985 633 1021 ὁ
657 984 716 1021 ἐπὶ
740 987 812 1022 τῶν
834 985 1006 1028 ὁπλιτῶν,
1030 985 1258 1024 ἀποσταλεὶς
1280 986 1329 1025 εἷς
1357 986 1563 1035 Σαλαμῖνα,

228 1038 287 1076 καὶ
308 1039 484 1088 Διότιμος
505 1040 524 1076 ὁ
545 1039 604 1076 ἐπὶ
623 1041 695 1077 τῶν
717 1039 865 1083 ἱππέων,
888 1041 925 1076 ἐν
944 1041 991 1089 τῇ
1014 1038 1072 1076 ἐπὶ
1092 1041 1156 1076 τοῦ
1176 1041 1347 1088 ποταμοῦ
1371 1040 1474 1090 μάχῃ
1494 1042 1566 1078 τῶν

227 1097 461 1142 στρατιωτῶν
480 1096 586 1132 τινῶν
606 1094 677 1131 ὑπὸ
697 1096 769 1131 τῶν
788 1093 977 1143 πολεμίων
999 1093 1286 1138 σκυλευθέντων,
1313 1096 1353 1131 ἐκ
1376 1097 1448 1132 τῶν
1470 1093 1565 1132 ἰδίων
1587 1110 1624 1142 15

227 1149 477 1197 ἀναλωμάτων
505 1147 748 1186 καθώπλισαν
774 1148 858 1188 τοὺς
887 1148 1099 1188 νεανίσκους
1131 1148 1289 1186 ἀσπίσιν
1318 1149 1562 1193 ὀκτακοσίαις,

226 1202 397 1254 δεδόχθαι
425 1205 472 1253 τῇ
505 1203 632 1253 βουλῇ
667 1202 726 1240 καὶ
757 1205 809 1252 τῷ
842 1202 945 1253 δήμῳ
980 1205 1221 1252 στεφανῶσαι
1258 1202 1474 1252 Χαρίδημον
1505 1204 1564 1241 καὶ

227 1257 405 1306 Διότιμον
432 1260 560 1308 χρυσῷ
590 1257 776 1308 στεφάνῳ,
810 1257 868 1295 καὶ
900 1259 1146 1308 ἀναγορεῦσαι
1183 1258 1456 1307 Παναθηναίοις
1489 1259 1564 1298 τοῖς

225 1312 404 1363 μεγάλοις
424 1314 461 1350 ἐν
480 1314 530 1362 τῷ
553 1314 715 1363 γυμνικῷ
740 1313 853 1363 ἀγῶνι
874 1311 934 1350 καὶ
954 1313 1165 1353 Διονυσίοις
1190 1312 1391 1364 τραγῳδοῖς
1416 1314 1561 1353 καινοῖς·

226 1368 290 1415 τῆς
341 1366 378 1404 δὲ
426 1366 700 1418 ἀναγορεύσεως
751 1366 1020 1416 ἐπιμεληθῆναι
1073 1366 1311 1416 θεσμοθέτας,
1360 1367 1562 1417 πρυτάνεις,
1587 1382 1626 1404 20

227 1419 481 1472 ἀγωνοθέτας]

293 1533 455 1574 Τούτων
482 1533 661 1580 ἕκαστος,
683 1533 870 1586 Αἰσχίνη,
892 1534 961 1583 τῆς
987 1535 1060 1583 μὲν
1086 1534 1211 1586 ἀρχῆς
1234 1532 1280 1584 ἧς
1305 1532 1426 1587 ἦρχεν
1445 1534 1559 1576 ὑπεύ-

228 1603 343 1642 θυνος
372 1598 432 1651 ἣν,
465 1599 530 1652 ἐφ’
559 1600 617 1642 οἶς
650 1599 682 1640 δ’
713 1601 985 1652 ἐστεφανοῦτο
1018 1599 1091 1653 οὐχ
1122 1600 1350 1643 ὑπεύθυνος.
1422 1601 1563 1642 οὐκοῦν

228 1666 307 1707 οὐδ’
338 1667 428 1719 ἐγώ·
471 1666 593 1707 ταύτὰ
622 1668 698 1719 γὰρ
728 1665 842 1707 δίκαι’
876 1667 965 1706 ἐστί
989 1684 1056 1718 μοι
1091 1668 1178 1720 περὶ
1211 1671 1290 1708 τῶν
1323 1667 1451 1708 αὐτῶν
1480 1671 1563 1711 τοῖς

228 1733 368 1776 ἄλλοις
393 1733 530 1785 δήπου.
602 1732 794 1775 ἐπέδωκα·
833 1734 1064 1785 ἐπαινοῦμαι
1089 1736 1153 1774 διὰ
1176 1737 1309 1780 ταῦτα,
1337 1734 1405 1774 οὐκ
1431 1733 1485 1775 ὢν
1508 1735 1563 1776 ὧν
1585 1753 1623 1784 ²5

228 1800 345 1854 ἔδωχ’
375 1801 602 1843 ὑπεύθυνος.
673 1799 811 1855 ἦρχον·
856 1802 918 1842 καὶ
949 1800 1098 1842 δέδωκά
1127 1800 1164 1853 γ’
1196 1800 1358 1843 εὐθύνας
1388 1802 1561 1849 ἐκείνων,

229 1867 303 1921 οὐχ
328 1868 382 1909 ὧν
408 1867 597 1908 ἐπέδωκα.
660 1866 705 1918 νὴ
728 1867 811 1915 Δί’,
840 1868 931 1909 ἀλλ’
957 1869 1098 1911 ἀδίκως
1122 1867 1232 1920 ἦρξα.
1305 1868 1389 1909 εἶτα
1413 1869 1560 1921 παρών,

229 1935 295 1975 ὅτε
319 1934 358 1985 μ’
385 1936 550 1987 εἰσῆγον
575 1935 611 1975 οἱ
635 1936 835 1987 λογισταί,
863 1935 907 1975 οὐ
934 1936 1180 1988 κατηγόρεις,·

291 2000 380 2042 Ἵνα
408 2001 539 2042 τοίνυν
572 2001 672 2052 ἴδηθ’
705 2004 766 2043 ὅτι
798 2002 913 2045 αὐτὸς
946 2002 1059 2044 οὗτός
1091 2020 1158 2054 μοι
1191 2008 1381 2058 μαρτυρεῖ
1411 2003 1476 2057 ἐφ’
1505 2005 1562 2047 οἷς

229 2067 303 2122 οὐχ
317 2068 532 2111 ὑπεύθυνος
548 2068 595 2119 ἣν
613 2070 932 2123 ἐστεφανῶσθαι,
947 2071 1089 2121 λαβὼν
1105 2069 1303 2123 ἀνάγνωθι
1318 2071 1363 2111 τὸ
1379 2070 1561 2125 ψήφισμ’
1583 2085 1624 2117 30

229 2136 326 2176 ὅλον
355 2135 400 2176 τὸ
430 2136 586 2188 γραφέν
614 2155 693 2189 μοι.
764 2139 821 2179 οἷς
850 2139 925 2190 γὰρ
958 2137 1027 2177 οὐκ
1056 2137 1264 2190 ἐγράψατο
1293 2141 1361 2178 τοῦ
1385 2142 1558 2190 προβου-

229 2202 437 2253 λεύματος,
463 2204 613 2246 τούτοις
638 2205 662 2245 ἃ
687 2204 816 2245 διώκει
842 2207 1102 2256 συκοφαντῶν
1128 2203 1364 2256 φανήσεται.
1436 2204 1542 2257 λέγε.

273 2324 293 2352 3
316 2316 429 2355 γνώμη
448 2314 547 2346 Blass
565 2327 571 2346 :
594 2315 706 2356 γνώμῃ
724 2314 834 2353 codd„
857 2314 895 2344 cs.
918 2315 955 2351 ἐξ
975 2324 1028 2353 37,
1043 2324 1083 2353 75
1189 2324 1224 2344 12
1247 2315 1359 2355 γνώμη
1378 2314 1401 2345 S
1419 2327 1425 2345 τ
1448 2316 1560 2357 γνώμῃ

230 2358 327 2431 {mg-1
456 2360 498 2388 26
522 2359 623 2390 ἔδωκα
641 2358 676 2387 S¹
689 2357 739 2396 Q:
767 2356 909 2389 ἐπέδωκα
929 2357 953 2387 L
972 2357 1059 2396 vulg.
1196 2368 1237 2396 29
1261 2360 1351 2395 ἴδητε
1369 2357 1404 2388 S¹
1423 2370 1429 2387 τ
1453 2359 1559 2396 εἰδῆτε

275 2412 315 2431 vu
332 2412 361 2440 g.
