1763 2828
135 144 230 199 [131]

126 318 230 373 [132]

119 2052 224 2109 [133]

671 142 1187 198 [AHMOEQENOTQ
1499 142 1587 200 *μ

263 250 513 303 λογισάσθω.
572 253 682 303 ἡμεῖς
708 253 876 303 οὐδαμοῦ
903 253 1072 299 πώποτε,
1095 253 1192 293 ὅπου
1217 253 1306 304 περὶ
1330 257 1408 294 τῶν
1433 255 1590 295 δικαίων

264 318 387 358 εἰπεῖν
404 318 578 369 ἐδέησεν,
595 318 817 370 ἡττήθημεν
833 319 912 359 οὐδ’
928 320 1075 360 ἀδικεῖν
1090 318 1293 370 ἐδόξαμεν,
1312 320 1418 360 ἀλλὰ
1433 319 1592 362 πάντων

264 389 467 438 πανταχοῦ
494 389 707 438 κρατοῦμεν
736 386 798 426 καὶ
828 387 1040 438 περίεσμεν
1069 389 1121 440 τῷ
1151 386 1273 440 λόγῳ.
1345 386 1404 438 ἆρ’
1433 386 1501 427 οὖν
1528 389 1591 428 διὰ

263 451 366 492 τοῦτ’
392 453 525 506 ἐκείνῳ
552 452 715 504 φαύλως
743 453 825 505 ἔχει
850 454 898 492 τὰ
927 452 1149 505 πράγματα,
1178 449 1200 502 ἡ
1227 453 1274 509 τῇ
1300 453 1416 493 πόλει
1442 457 1588 501 καλῶς;

263 522 417 559 πολλοῦ
444 536 489 571 γε
522 520 584 559 καὶ
617 523 686 560 δεῖ·
725 521 883 560 ἐπειδὰν
913 522 989 572 γὰρ
1015 521 1035 559 ὁ
1067 522 1139 570 μὲν
1173 520 1314 570 λαβὼν
1341 521 1441 570 μετὰ
1471 523 1591 560 ταῦτα
1609 538 1627 570 5

261 585 403 641 βαδίζῃ
423 587 471 625 τὰ
490 586 607 631 ὅπλα,
626 588 750 626 πᾶσιν
768 590 849 628 τοῖς
868 586 982 627 οῦσιν
1002 587 1165 637 ἑτοίμως
1186 587 1458 632 κινδυνεύσων,
1479 587 1590 637 ἡμεῖς

261 653 302 692 δὲ
333 651 523 703 καθώμεθ’
553 653 750 704 εἰρηκότες
782 654 830 692 τὰ
861 654 1002 699 δίκαια,
1034 655 1069 694 οἱ
1099 653 1132 693 δ’
1164 654 1386 704 ἀκηκοότες,
1418 654 1588 701 εἰκότως,

262 718 381 769 οἶμαι,
423 719 514 760 τοὺς
560 719 704 771 λόγους
745 719 870 771 τᾶργα
910 719 1161 773 παρέρχεται,
1209 720 1270 760 καὶ
1317 719 1590 773 προσέχουσιν

262 784 432 826 ἅπαντες
451 784 524 837 οὐχ
544 785 601 826 οἶς
618 785 777 836 εἴπομέν
794 785 882 826 ποθ’
897 786 1008 837 ἡμεῖς
1029 787 1189 828 δικαίοις
1210 783 1233 836 ἢ
1251 790 1317 827 νῦν
1333 787 1382 827 ἂν
1397 788 1586 838 εἴποιμεν,

261 850 352 891 ἀλλ’
377 852 433 892 οῖς
463 855 659 902 ποιοῦμεν.
732 851 820 892 ἔστι
848 855 890 893 δὲ
918 852 1024 893 ταῦτ’
1049 852 1190 893 οὐδένα
1220 857 1297 893 τῶν
1325 853 1589 904 ἀδικουμένων

261 915 397 972 σῴζειν
426 916 634 968 δυνάμενα·
672 918 784 959 οὐδὲν
811 920 886 971 γὰρ
916 922 977 960 δεῖ
1006 919 1129 960 πλείω
1163 919 1252 971 περὶ
1286 919 1411 960 αὐτῶν
1439 919 1585 972 λέγειν.

258 983 459 1036 τοιγάρτοι
491 984 755 1035 διεστηκότων
787 986 841 1027 εἷς
874 985 943 1026 δύο
974 989 1095 1026 ταῦτα
1124 989 1203 1027 τῶν
1234 987 1277 1026 ἐν
1310 989 1395 1027 ταῖς
1426 986 1586 1033 πόλεσι,

257 1054 335 1091 τῶν
367 1053 440 1102 μὲν
475 1052 529 1093 εἷς
561 1051 605 1092 τὸ
637 1050 726 1103 μήτ’
760 1051 896 1106 ἄρχειν
927 1053 1002 1106 βίᾳ
1032 1053 1256 1103 βούλεσθαι
1287 1051 1456 1104 μηδενὸς
1490 1051 1589 1104 μήτε

256 1118 456 1159 δουλεύειν
480 1117 605 1173 ἄλλῳ,
634 1117 725 1160 ἀλλ’
745 1119 787 1159 ἐν
813 1120 1016 1173 ἐλευθερίᾳ
1043 1119 1104 1160 καὶ
1130 1120 1264 1171 νόμοις
1290 1117 1337 1169 ἐξ
1358 1120 1447 1160 ἴσου
1471 1125 1585 1160 πολι-

255 1185 450 1231 τεύεσθαι,
477 1189 555 1226 τῶν
579 1184 612 1225 δ’
638 1186 692 1227 εἷς
721 1185 767 1226 τὸ
796 1184 933 1240 ἄρχειν
961 1188 1034 1237 μὲν
1057 1189 1135 1226 τῶν
1165 1189 1340 1227 πολιτῶν
1370 1187 1585 1237 ἐπιθυμεῖν,

255 1251 372 1307 ἑτέρῳ
393 1251 426 1292 δ’
442 1252 665 1298 ὑπακούειν,
683 1252 732 1293 δι’
753 1253 845 1293 ὅτου
863 1252 949 1293 ποτ’
967 1252 1015 1293 ἂν
1034 1254 1193 1294 οἴωνται
1210 1255 1323 1293 τοῦτο
1343 1251 1588 1304 δυνήσεσθαι

254 1321 431 1369 ποιῆσαι,
460 1321 496 1360 οἱ
523 1321 593 1370 τῆς
621 1320 771 1360 ἐκείνου
796 1318 1077 1372 προαιρέσεως,
1105 1321 1142 1360 οἱ
1166 1320 1407 1372 τυραννίδων
1433 1319 1496 1360 καὶ
1520 1321 1584 1360 δυ-

256 1389 450 1426 ναστειῶν
486 1387 776 1438 ἐπιθυμοῦντες,
815 1385 1077 1439 κεκρατήκασι
1114 1389 1331 1439 πανταχοῦ,
1372 1385 1435 1426 καὶ
1471 1386 1586 1427 πόλις

257 1453 598 1506 δημοκρατουμένη
631 1454 814 1505 βεβαίως
844 1453 912 1494 οὐκ
946 1452 1019 1494 οἶδ’
1053 1454 1090 1494 εἴ
1120 1454 1178 1495 τίς
1210 1454 1299 1493 ἐστι
1331 1456 1407 1493 τῶν
1445 1455 1588 1493 πασῶν

257 1519 376 1570 λοιπὴ
410 1519 516 1570 πλὴν
548 1520 571 1571 ἡ
604 1519 786 1573 ἡμετέρα.
856 1521 920 1561 καὶ
954 1519 1240 1572 κεκρατήκασιν
1276 1521 1313 1560 οἱ
1350 1518 1398 1560 δι’
1435 1520 1586 1561 ἐκείνου

255 1588 326 1628 τὰς
349 1588 554 1629 πολιτείας
577 1587 804 1638 ποιούμενοι
828 1589 953 1627 πᾶσιν
977 1587 1090 1628 ὅσοις
1118 1586 1331 1640 πράγματα
1359 1585 1583 1638 πράττεται,

255 1654 394 1708 πρώτῳ
423 1656 495 1705 μὲν
524 1652 680 1694 πάντων
710 1654 771 1694 καὶ
799 1654 977 1708 πλείστῳ
1007 1657 1060 1708 τῷ
1085 1656 1166 1696 τοῖς
1196 1653 1460 1704 βουλομένοις
1487 1652 1583 1707 χρή-

253 1737 358 1772 ματα
386 1720 610 1772 λαμβάνειν
639 1720 747 1774 ἔχειν
771 1720 839 1761 τὸν
865 1720 1033 1761 δώσονθ’
1059 1722 1155 1772 ὑπὲρ
1181 1721 1321 1766 αὑτῶν,
1347 1719 1512 1775 δευτέρῳ
1544 1722 1586 1761 δὲ

257 1787 318 1828 καὶ
343 1788 457 1828 οὐδὲν
476 1786 657 1828 ἐλάττονι
681 1789 819 1828 τούτου
844 1791 898 1842 τῷ
924 1788 1088 1838 δύναμιν
1106 1787 1177 1837 τὴν
1204 1787 1585 1840 καταστρεψομένην

255 1855 344 1895 τοὺς
388 1853 708 1905 ἐναντιουμένους
750 1854 881 1896 αὐτοῖς
923 1856 965 1894 ἐν
1005 1855 1062 1896 οἷς
1100 1853 1148 1894 ἂν
1187 1853 1384 1904 αἰτήσωσι
1425 1854 1585 1907 χρόνοις

256 1925 448 1973 παρεῖναι.
501 1922 611 1972 ἡμεῖς
636 1920 669 1961 δ’
690 1921 735 1962 οὐ
758 1922 881 1972 μόνον
905 1921 1058 1963 τούτοις
1082 1921 1376 1972 ὑπολειπόμεθ’,
1398 1919 1428 1961 ὦ
1448 1920 1585 1973 ἄνδρες

255 1988 470 2039 Ἀθηναῖοι,
504 1988 595 2028 ἀλλ’
629 1987 707 2029 οὐδ’
741 1989 1000 2041 ἀνεγερθῆναι
1032 1987 1238 2039 δυνάμεθα,
1274 1988 1380 2028 ἀλλὰ
1410 1990 1582 2039 μανδρα-

255 2055 378 2107 γόραν
414 2055 642 2096 πεπωκόσιν
678 2054 702 2106 ἤ
737 2071 774 2094 τι
811 2054 1017 2107 φάρμακον
1054 2054 1156 2094 ἄλλο
1191 2058 1367 2094 τοιοῦτον
1403 2054 1585 2105 ἐοίκαμεν

254 2122 487 2174 ἀνθρώποις·
523 2121 604 2168 εἶτ’,
623 2121 742 2172 οἶμαι,
755 2120 832 2173 (δεῖ
844 2121 931 2174 γάρ,
951 2122 1001 2164 ὡς
1022 2122 1099 2173 ἐγὼ
1120 2123 1250 2173 κρίνω,
1267 2120 1401 2173 λέγειν
1416 2116 1587 2171 τάληθῆ)

297 2240 315 2270 7
340 2229 443 2270 οἱμὲν
460 2235 539 2262 ante
557 2230 721 2273 εἰρηκότες
739 2231 813 2261 add.
836 2230 923 2269 vulg.
940 2242 947 2260 ι
974 2241 1037 2262 om.
1060 2230 1096 2261 S¹
1229 2230 1250 2260 8
1273 2230 1347 2262 τοὺς
1363 2229 1482 2271 λόγους
1503 2235 1583 2260 ante

252 2274 294 2306 τὰ
313 2274 390 2315 ἔργα
408 2275 431 2304 S
449 2274 548 2305 Vind.
571 2284 583 2304 1
603 2285 610 2304 τ
635 2278 711 2314 post
731 2277 773 2306 τὰ
794 2274 872 2316 ἔργα
886 2274 975 2313 vulg.
1162 2284 1198 2304 12
1230 2278 1305 2313 post
1330 2273 1384 2305 δύο
1408 2273 1485 2304 add.
1503 2273 1583 2315 μέρη

252 2317 341 2356 vulg.
363 2329 369 2347 :
393 2328 457 2348 om.
478 2317 545 2348 SA
637 2328 677 2348 22
701 2317 864 2358 πλείστῳ]
885 2318 1032 2358 μεγίστῳ
1050 2317 1080 2347 Α
1170 2320 1238 2350 τοῖς
1249 2317 1457 2356 βουλομένοις
1473 2316 1582 2346 Index

254 2360 429 2391 Lambini:
453 2362 527 2393 τοὺς
546 2361 763 2401 βουλομένους
781 2361 879 2391 codd.
986 2371 1026 2399 23
1051 2363 1155 2392 αὑτῶν
1173 2360 1329 2391 Bekker:
1356 2362 1460 2392 αὐτῶν
1483 2359 1580 2391 codd.

253 2405 296 2434 26
319 2406 567 2444 ὑπολειποιμεθα
585 2404 621 2434 S¹
641 2417 683 2444 got
702 2414 789 2435 corr.
806 2404 839 2434 in
858 2404 889 2444 ο)
907 2415 913 2433 z
939 2404 1178 2443 ἀπολειπόμεθα
1193 2403 1224 2434 Α
1242 2403 1329 2442 vulg.

1611 869 1650 893 10

1610 1202 1647 1235 15

1607 1536 1648 1561 20

1606 1872 1644 1904 25
