1731 2844
173 134 263 188 vm]
378 138 520 174 ΠΕΡΙ
569 135 696 173 ΤΩΝ
747 135 824 173 ΕΝ
874 134 1278 172 ΧΕΡΡΟΝΗΣΩΙ
1517 133 1612 187 [96]

172 241 375 282 Διοπείθει
411 238 618 292 στράτευμ’
653 238 786 291 ἔχοντι
822 240 964 289 σαφῶς
1001 237 1086 276 ἐστι
1121 240 1235 276 τοῦτο
1271 238 1393 286 δῆλον
1429 238 1489 277 ὅτι

170 308 343 348 δώσουσι
372 306 555 359 χρήματα
582 304 724 345 πάντες
753 303 871 343 οὗτοι·
909 305 1029 343 πόθεν
1058 304 1134 355 γὰρ
1163 302 1286 342 οἴεσθ’
1316 302 1489 343 ἄλλοθεν

169 374 237 414 τὸν
255 372 354 424 μήτε
372 374 553 423 λαβόντα
572 371 661 423 παρ’
681 372 788 422 ὑμῶν
806 371 927 420 μηδὲν
945 368 1034 420 μήτ’
1053 368 1171 409 αὐτὸν
1191 368 1323 421 ἔχονθ’
1345 370 1489 409 ὁπόθεν

168 439 463 491 μισθοδοτήσει,
482 438 723 491 στρατιώτας
743 435 921 489 τρέφειν;
961 437 1001 476 ἐκ
1016 438 1084 476 τοῦ
1099 435 1281 487 οὐρανοῦ;
1316 435 1384 475 οὐκ
1401 435 1489 476 ἔστι

132 523 149 554 5
168 510 300 553 ταῦτα,
322 505 412 546 ἀλλ’
433 505 502 558 ἀφ’
521 506 575 545 ὧν
595 504 741 556 ἀγείρει
768 503 830 543 καὶ
850 505 1060 554 προσαιτεῖ
1083 503 1144 543 καὶ
1163 502 1390 551 δανείζεται,
1413 502 1489 542 ἀπὸ

169 573 316 613 τούτων
341 571 478 625 διάγει.
549 571 659 611 οὐδὲν
685 570 751 610 οὖν
776 569 877 609 ἄλλο
907 572 1089 610 ποιοῦσιν
1119 570 1154 609 οἱ
1183 572 1489 620 κατηγοροῦντες
1520 581 1562 616 27

170 641 211 680 ἐν
235 640 324 690 ὑμῖν
349 635 372 688 ἢ
397 637 660 690 προλέγουσιν
685 636 811 677 ἅπασι
834 635 922 687 μηδ’
943 637 1070 675 ὁτιοῦν
1096 636 1229 689 ἐκείνῳ
1254 635 1416 680 διδόναι,
1439 635 1489 676 ὡς

170 706 317 746 καὶτοῦ
339 707 540 756 μελλῆσαι
565 704 735 744 δώσοντι
759 704 883 753 δίκην,
904 702 956 753 μή
981 718 1018 742 τι
1044 700 1256 752 ποιήσαντί
1272 701 1308 754 γ’
1328 698 1350 751 ἦ
1371 718 1486 741 κατα-

168 770 411 825 πραξαμένῳ.
470 770 571 810 τοῦτ’
587 771 689 811 εἰσὶν
708 772 744 810 οἱ
762 770 890 822 λόγοι·
926 771 934 786 ‘
949 768 1089 820 μέλλει
1108 767 1360 820 πολιορκεῖν,’
1379 770 1387 784 ‘
1400 767 1489 809 τοὺς

111 837 367 888 ω”Ελληνας
386 837 618 877 ἐκδίδωσιν.’
676 836 790 887 μέλει
808 836 882 888 γάρ
901 852 977 876 τινι
995 836 1142 876 τούτων
1161 838 1238 875 τῶν
1256 834 1328 884 τὴν
1347 834 1489 874 Ἀσίαν

168 904 378 945 οἰκούντων
410 902 640 954 Ἑλλήνων;
689 903 869 954 ἀμείνους
900 901 1047 953 μέντᾶν
1080 901 1158 942 εἶεν
1188 905 1266 941 τῶν
1296 900 1432 941 ἄλλων
1465 897 1488 951 ἢ

168 973 237 1022 τῆς
267 971 452 1021 πατρίδος
490 969 687 1020 κήδεσθαι.
760 969 823 1009 καὶ
853 969 899 1009 τό
931 968 968 1021 γ’
999 969 1053 1010 εἰς
1084 967 1152 1008 τὸν
1183 966 1488 1018 Ἑλλήσποντον
1521 969 1564 1004 28

170 1036 403 1088 εἰσπέμπειν
440 1038 572 1089 ἕτερον
611 1035 833 1088 στρατηγὸν
869 1034 971 1075 τοῦτ’
1008 1035 1130 1075 ἐστίν.
1202 1035 1235 1074 εἰ
1271 1035 1346 1086 γὰρ
1382 1035 1489 1074 δεινὰ

169 1107 275 1144 ποιεῖ
309 1105 523 1154 Διοπείθης
558 1103 620 1143 καὶ
657 1101 818 1155 κατάγει
851 1103 899 1142 τᾶ
935 1104 1067 1147 πλοῖα,
1104 1100 1256 1152 μικρόν,
1291 1098 1319 1139 ὦ
1353 1099 1489 1152 ἄνδρες

112 1188 123 1210 ι
131 1188 148 1220 5
168 1169 381 1220 Ἀθηναῖοι,
409 1169 545 1222 μικρὸν
564 1168 742 1210 πινάκιον
767 1171 886 1209 ταῦτα
910 1167 1037 1209 πάντα
1062 1170 1237 1207 κωλῦσαι
1262 1166 1407 1207 δύναιτ’
1427 1166 1486 1213 ἄν,
1521 1163 1607 1218 [97]

170 1236 231 1277 καὶ
255 1236 446 1288 λέγουσιν
470 1238 506 1277 οἱ
531 1236 656 1287 νόμοι,
681 1238 803 1275 ταῦτα
827 1234 916 1276 τοὺς
941 1235 1167 1276 ἀδικοῦντας
1192 1232 1486 1285 εἰσαγγέλλειν,

167 1302 212 1343 οὐ
236 1304 290 1354 μὰ
311 1302 381 1343 Δί’
401 1302 445 1342 οὐ
469 1302 659 1344 δαπάναις
686 1302 747 1342 καὶ
772 1300 974 1354 τριήρεσιν
991 1301 1202 1342 τοσαύταις
1225 1300 1326 1351 ἡμᾶς
1351 1299 1489 1341 αὐτοὺς

168 1368 394 1422 φυλάττειν,
421 1370 506 1410 ἐπεὶ
534 1369 650 1409 τοῦτό
676 1368 713 1421 γ’
739 1368 850 1408 ἐστὶν
876 1367 1082 1420 ὑπερβολὴ
1111 1367 1264 1418 μανίας·
1303 1365 1395 1406 ἀλλ’
1425 1366 1489 1406 ἐπὶ
1520 1377 1564 1412 29

166 1438 237 1487 μὲν
262 1435 350 1477 τοὺς
375 1436 552 1489 ἐχθρούς,
580 1435 645 1477 οὓς
670 1435 738 1475 οὐκ
763 1435 849 1475 ἔστι
873 1437 1018 1485 λαβεῖν
1041 1433 1117 1474 ὑπὸ
1142 1436 1223 1475 τοῖς
1248 1433 1395 1484 νόμοις,
1428 1433 1489 1472 καὶ

111 1519 150 1541 20
168 1503 408 1555 στρατιώτας
449 1501 610 1554 τρέφειν
653 1502 714 1542 καὶ
755 1500 924 1554 τριήρεις
965 1500 1179 1551 ἐκπέμπειν
1218 1500 1280 1540 καὶ
1320 1498 1488 1552 χρήματ’

168 1568 367 1622 εἰσφέρειν
409 1572 469 1610 δεῖ
507 1570 570 1610 καὶ
613 1569 826 1621 ἀναγκαῖόν
867 1569 990 1617 ἐστιν,
1034 1567 1097 1608 ἐπὶ
1138 1566 1170 1607 δ’
1207 1566 1307 1618 ἡμᾶς
1350 1566 1488 1608 αὐτοὺς

167 1634 373 1688 ψήφισμα,
405 1636 653 1688 εἰσαγγελία,
684 1634 861 1687 πάραλος
896 1633 1001 1675 ταῦτ’
1034 1634 1158 1674 ἔστιν.
1228 1632 1334 1674 ταῦτ’
1363 1632 1410 1683 ἧν
1447 1633 1488 1673 εὗ

168 1703 417 1754 φρονούντων
443 1703 670 1755 ἀνθρώπων,
698 1702 993 1754 ἐπηρεαζόντων
1018 1703 1059 1742 δὲ
1089 1701 1151 1741 καὶ
1178 1700 1489 1752 διαφθειρόντων

167 1770 215 1809 τὰ
233 1768 429 1822 πράγμαθ’
449 1770 472 1810 ἃ
496 1773 564 1810 νῦν
588 1769 694 1810 οὗτοι
718 1772 912 1810 ποιοῦσιν.
968 1769 1029 1809 καὶ
1054 1767 1098 1808 τὸ
1121 1769 1194 1818 μὲν
1211 1767 1360 1807 τούτων
1380 1768 1488 1808 τινὰς
1519 1778 1563 1813 30

111 1849 149 1880 25
168 1835 267 1876 εῖναι
301 1837 510 1883 τοιούτους,
545 1836 674 1877 δεινὸν
705 1833 752 1876 ὃν
782 1836 827 1876 οὐ
862 1835 991 1876 δεινόν
1023 1836 1147 1875 ἐστιν·
1184 1833 1276 1874 ἀλλ’
1308 1834 1417 1884 ὑμεῖς
1452 1835 1487 1874 οἱ

169 1901 380 1954 καθήμενοι
419 1904 541 1945 οὕτως
583 1903 654 1954 ἤδη
698 1902 909 1949 διάκεισθε,
953 1900 1061 1947 ὥστ’,
1100 1901 1148 1942 ἂν
1191 1899 1263 1952 μέν
1299 1917 1357 1942 τις
1398 1901 1488 1955 εἴπῃ

168 1971 374 2021 παρελθὼν
402 1971 462 2010 ὅτι
490 1971 705 2020 Διοπείθης
738 1970 825 2010 ἐστὶ
851 1972 929 2009 τῶν
958 1971 1084 2009 κακῶν
1112 1967 1270 2009 πάντων
1299 1968 1434 2012 αἴτιος,
1464 1963 1487 2015 ἦ

166 2035 300 2088 Χάρης
324 2033 347 2086 ἢ
368 2036 621 2089 Ἀριστοφῶν
645 2033 668 2086 ἦ
695 2035 740 2077 ὃν
764 2035 812 2077 ἂν
836 2039 913 2076 τῶν
938 2038 1111 2076 πολιτῶν
1136 2036 1225 2091 εἴπῃ
1250 2051 1319 2080 τις,
1347 2032 1489 2074 εὐθέως

209 2147 230 2176 8
245 2145 515 2187 καταπραξαμένῳ
531 2145 554 2176 S
567 2144 602 2175 L'
617 2145 647 2176 Y
658 2145 757 2177 Vind.
774 2155 786 2175 1
803 2157 809 2177 z
836 2143 1173 2187 συγκαταπραξαμένῳ
1190 2144 1231 2174 al.
1326 2152 1364 2172 10
1380 2140 1488 2182 μέλει]

166 2188 282 2228 μέλλει
315 2189 402 2219 S¹L¹
583 2199 620 2228 13
659 2189 847 2229 εἰσπέμπειν
880 2189 955 2219 SL¹
982 2189 1081 2218 Vind.
1114 2197 1150 2219 1:
1192 2187 1365 2226 ἐκπέμπειν
1396 2185 1484 2223 vulg.

171 2241 208 2270 15
232 2235 373 2265 κωλῦσαι
391 2233 486 2264 codd.
504 2244 511 2263 τ
536 2234 685 2273 ἐπισχεῖν
703 2231 811 2270 Etym.
833 2231 877 2262 M.
897 2242 922 2261 S.
938 2242 966 2262 v.
987 2231 1141 2265 πινάκιον,
1164 2230 1262 2260 Blass
1370 2238 1406 2267 17
1433 2226 1487 2260 Δί’

168 2283 202 2313 οὺ
221 2280 248 2312 Β
261 2280 327 2312 FO
346 2280 400 2319 (cf.
423 2284 438 2318 ξ
462 2280 514 2319 Ῑ9δ
531 2292 538 2310 t
562 2281 624 2312 Δία
642 2280 666 2310 S
680 2279 717 2310 L¹
737 2279 823 2319 vulg.
925 2289 966 2309 22
989 2279 1081 2310 ταῦτ’
1100 2278 1190 2308 ἔστιν
1207 2275 1326 2314 scripsi
1344 2284 1417 2304 cum
1438 2273 1494 2303 L¹z

169 2325 257 2356 ταῦτ’
284 2324 374 2356 ἐστίν
402 2323 445 2356 S:
481 2323 573 2356 ταῦτ’
599 2323 691 2355 ἐστίν
719 2322 842 2353 Blass:
878 2321 969 2354 ταῦτ’
997 2323 1086 2353 ἐστὶν
1115 2320 1205 2352 ἱκανά
1233 2319 1323 2357 vulg.
1354 2318 1380 2347 L
1408 2326 1493 2348 corr.

170 2377 208 2406 27
233 2371 295 2400 τῶν
311 2371 417 2399 κακῶν
433 2372 510 2397 ante
528 2365 655 2398 πάντων
672 2365 696 2396 S
711 2366 736 2396 L
753 2366 851 2396 Vind.
877 2375 888 2395 1
908 2377 914 2396 ε
939 2370 1013 2404 post
1031 2364 1158 2396 πάντων
1175 2362 1263 2401 vulg.
1367 2362 1408 2391 28
1432 2363 1496 2391 τῶν

170 2414 309 2442 πολιτῶν
332 2416 410 2441 ante
439 2413 508 2452 εἴπῃ
532 2424 580 2441 τις
607 2409 775 2440 SLAY:
810 2414 885 2448 post
911 2411 983 2449 εἴπῃ
1007 2422 1055 2440 τις
1079 2406 1168 2445 vulg.
1301 2404 1386 2446 εἴπῃ]
1415 2406 1494 2434 εἴποι

170 2453 255 2492 Aug.
275 2464 293 2483 2
314 2453 518 2484 Harleianus
537 2453 634 2483 Blass
650 2453 724 2482 coll.
748 2452 861 2482 Liban.
883 2451 998 2482 Herm.
1020 2451 1053 2480 ix
1069 2461 1120 2490 44,
1139 2460 1182 2490 30
