<?xml version="1.0" encoding="UTF-8"?>
<!DOCTYPE html PUBLIC "-//W3C//DTD XHTML 1.0 Transitional//EN"
    "http://www.w3.org/TR/xhtml1/DTD/xhtml1-transitional.dtd">
<html xmlns="http://www.w3.org/1999/xhtml" xml:lang="en" lang="en">
 <head>
  <title>
</title>
<meta http-equiv="Content-Type" content="text/html;charset=utf-8" />
  <meta name='ocr-system' content='tesseract 3.04.00' />
  <meta name='ocr-capabilities' content='ocr_page ocr_carea ocr_par ocr_line ocrx_word'/>
</head>
<body>
  <div class='ocr_page' id='page_1' title='image "./orationesrecogno01demouoft_0168.png"; bbox 0 0 1763 2828; ppageno 0'>
   <div class='ocr_carea' id='block_1_1' title="bbox 131 139 230 193">
    <p class='ocr_par' dir='ltr' id='par_1_1' title="bbox 131 139 230 193">
     <span class='ocr_line' id='line_1_1' title="bbox 131 139 230 193; baseline 0 0"><span class='ocrx_word' id='word_1_1' title='bbox 131 139 230 193; x_wconf 83' lang='lat'><strong>[153]</strong></span> 
     </span>
    </p>
   </div>
   <div class='ocr_carea' id='block_1_2' title="bbox 120 1573 224 1627">
    <p class='ocr_par' dir='ltr' id='par_1_2' title="bbox 120 1573 224 1627">
     <span class='ocr_line' id='line_1_2' title="bbox 120 1573 224 1627; baseline 0 0"><span class='ocrx_word' id='word_1_2' title='bbox 120 1573 224 1627; x_wconf 88' lang='lat'>[154]</span> 
     </span>
    </p>
   </div>
   <div class='ocr_carea' id='block_1_3' title="bbox 660 135 1584 191">
    <p class='ocr_par' dir='ltr' id='par_1_3' title="bbox 660 135 1584 191">
     <span class='ocr_line' id='line_1_3' title="bbox 660 135 1584 191; baseline 0 -13"><span class='ocrx_word' id='word_1_3' title='bbox 660 135 1180 191; x_wconf 76' lang='grc' dir='ltr'><strong>[ΔΗΜΟΣΘΕΝΟΎΣ]</strong></span> <span class='ocrx_word' id='word_1_4' title='bbox 1529 135 1584 189; x_wconf 72' lang='lat' dir='ltr'>[m</span> 
     </span>
    </p>
   </div>
   <div class='ocr_carea' id='block_1_4' title="bbox 262 242 1587 497">
    <p class='ocr_par' dir='ltr' id='par_1_4' title="bbox 262 242 1587 497">
     <span class='ocr_line' id='line_1_4' title="bbox 262 242 1583 296; baseline 0.001 -14"><span class='ocrx_word' id='word_1_5' title='bbox 262 242 336 283; x_wconf 86' lang='grc' dir='ltr'>ὑπὸ</span> <span class='ocrx_word' id='word_1_6' title='bbox 373 246 451 284; x_wconf 89' lang='grc' dir='ltr'>τῶν</span> <span class='ocrx_word' id='word_1_7' title='bbox 485 243 705 296; x_wconf 80' lang='grc' dir='ltr'>Περινθίων</span> <span class='ocrx_word' id='word_1_8' title='bbox 737 244 800 284; x_wconf 87' lang='grc' dir='ltr'>καὶ</span> <span class='ocrx_word' id='word_1_9' title='bbox 835 243 1054 293; x_wconf 80' lang='grc' dir='ltr'>Βυζαντίων</span> <span class='ocrx_word' id='word_1_10' title='bbox 1088 243 1150 283; x_wconf 88' lang='grc' dir='ltr'>καὶ</span> <span class='ocrx_word' id='word_1_11' title='bbox 1181 246 1258 284; x_wconf 85' lang='grc' dir='ltr'>τῶν</span> <span class='ocrx_word' id='word_1_12' title='bbox 1291 244 1454 285; x_wconf 86' lang='grc' dir='ltr'>ἐκείνοις</span> <span class='ocrx_word' id='word_1_13' title='bbox 1486 259 1583 294; x_wconf 89' lang='grc' dir='ltr'>συμ-</span> 
     </span>
     <span class='ocr_line' id='line_1_5' title="bbox 262 309 1587 363; baseline 0.001 -13"><span class='ocrx_word' id='word_1_14' title='bbox 262 310 496 363; x_wconf 89' lang='grc' dir='ltr'>μαχούντων</span> <span class='ocrx_word' id='word_1_15' title='bbox 533 310 584 352; x_wconf 84' lang='grc' dir='ltr'>ὡς</span> <span class='ocrx_word' id='word_1_16' title='bbox 619 312 800 361; x_wconf 85' lang='grc' dir='ltr'>ἐπιθυμεῖ</span> <span class='ocrx_word' id='word_1_17' title='bbox 834 312 1150 363; x_wconf 81' lang='grc' dir='ltr'>προσενεχθῆναι</span> <span class='ocrx_word' id='word_1_18' title='bbox 1185 309 1337 352; x_wconf 81' lang='grc' dir='ltr'>τούτοις</span> <span class='ocrx_word' id='word_1_19' title='bbox 1368 309 1437 351; x_wconf 86' lang='grc' dir='ltr'>τὸν</span> <span class='ocrx_word' id='word_1_20' title='bbox 1469 309 1587 351; x_wconf 83' lang='grc' dir='ltr'>αὐτὸν</span> 
     </span>
     <span class='ocr_line' id='line_1_6' title="bbox 263 376 1586 429; baseline 0.001 -13"><span class='ocrx_word' id='word_1_21' title='bbox 263 377 409 428; x_wconf 85' lang='grc' dir='ltr'>τρόπον</span> <span class='ocrx_word' id='word_1_22' title='bbox 445 378 565 429; x_wconf 88' lang='grc' dir='ltr'>ὅνπερ</span> <span class='ocrx_word' id='word_1_23' title='bbox 602 377 826 419; x_wconf 84' lang='grc' dir='ltr'>Ὀλυνθίοις</span> <span class='ocrx_word' id='word_1_24' title='bbox 862 378 1065 429; x_wconf 87' lang='grc' dir='ltr'>πρότερον,</span> <span class='ocrx_word' id='word_1_25' title='bbox 1103 376 1171 417; x_wconf 81' lang='grc' dir='ltr'>οὐκ</span> <span class='ocrx_word' id='word_1_26' title='bbox 1208 377 1408 429; x_wconf 82' lang='grc' dir='ltr'>ἀγνοεῖται</span> <span class='ocrx_word' id='word_1_27' title='bbox 1442 376 1475 417; x_wconf 90' lang='grc' dir='ltr'>δ’</span> <span class='ocrx_word' id='word_1_28' title='bbox 1511 376 1586 417; x_wconf 88' lang='grc' dir='ltr'>ὑπὸ</span> 
     </span>
     <span class='ocr_line' id='line_1_7' title="bbox 264 442 1586 497; baseline 0 -13"><span class='ocrx_word' id='word_1_29' title='bbox 264 446 480 484; x_wconf 85' lang='grc' dir='ltr'>Θετταλῶν</span> <span class='ocrx_word' id='word_1_30' title='bbox 519 445 740 494; x_wconf 82' lang='grc' dir='ltr'>δεσπόζειν,</span> <span class='ocrx_word' id='word_1_31' title='bbox 782 443 873 484; x_wconf 81' lang='grc' dir='ltr'>ἀλλ’</span> <span class='ocrx_word' id='word_1_32' title='bbox 913 443 986 496; x_wconf 86' lang='grc' dir='ltr'>οὐχ</span> <span class='ocrx_word' id='word_1_33' title='bbox 1024 443 1209 496; x_wconf 84' lang='grc' dir='ltr'>ἡγεῖσθαι</span> <span class='ocrx_word' id='word_1_34' title='bbox 1249 447 1329 484; x_wconf 87' lang='grc' dir='ltr'>τῶν</span> <span class='ocrx_word' id='word_1_35' title='bbox 1367 442 1586 497; x_wconf 87' lang='grc' dir='ltr'>συμμάχων</span> 
     </span>
    </p>
   </div>
   <div class='ocr_carea' id='block_1_5' title="bbox 263 509 1623 562">
    <p class='ocr_par' dir='ltr' id='par_1_5' title="bbox 263 509 1623 562">
     <span class='ocr_line' id='line_1_8' title="bbox 263 509 1623 562; baseline 0.001 -12"><span class='ocrx_word' id='word_1_36' title='bbox 263 510 579 562; x_wconf 77' lang='grc' dir='ltr'>προαιρούμενος,</span> <span class='ocrx_word' id='word_1_37' title='bbox 615 511 877 551; x_wconf 82' lang='grc' dir='ltr'>ὑποπτεύεται</span> <span class='ocrx_word' id='word_1_38' title='bbox 909 510 941 551; x_wconf 85' lang='grc' dir='ltr'>δ’</span> <span class='ocrx_word' id='word_1_39' title='bbox 973 509 1048 551; x_wconf 84' lang='grc' dir='ltr'>ὑπὸ</span> <span class='ocrx_word' id='word_1_40' title='bbox 1082 511 1277 561; x_wconf 87' lang='grc' dir='ltr'>Θηβαίων</span> <span class='ocrx_word' id='word_1_41' title='bbox 1310 509 1481 551; x_wconf 88' lang='grc' dir='ltr'>Νίκαιαν</span> <span class='ocrx_word' id='word_1_42' title='bbox 1513 512 1586 561; x_wconf 81' lang='grc' dir='ltr'>μὲν</span> <span class='ocrx_word' id='word_1_43' title='bbox 1605 527 1623 559; x_wconf 87' lang='lat'>5</span> 
     </span>
    </p>
   </div>
   <div class='ocr_carea' id='block_1_6' title="bbox 253 576 1587 2346">
    <p class='ocr_par' dir='ltr' id='par_1_6' title="bbox 254 576 1587 1760">
     <span class='ocr_line' id='line_1_9' title="bbox 262 576 1587 632; baseline 0.002 -15"><span class='ocrx_word' id='word_1_44' title='bbox 262 582 415 632; x_wconf 75' lang='grc' dir='ltr'>φρουρᾷ</span> <span class='ocrx_word' id='word_1_45' title='bbox 449 576 638 631; x_wconf 86' lang='grc' dir='ltr'>κατέχων,</span> <span class='ocrx_word' id='word_1_46' title='bbox 666 579 720 619; x_wconf 82' lang='grc' dir='ltr'>εἰς</span> <span class='ocrx_word' id='word_1_47' title='bbox 751 580 793 618; x_wconf 82' lang='grc' dir='ltr'>δὲ</span> <span class='ocrx_word' id='word_1_48' title='bbox 824 577 897 628; x_wconf 79' lang='grc' dir='ltr'>τὴν</span> <span class='ocrx_word' id='word_1_49' title='bbox 930 577 1216 629; x_wconf 85' lang='grc' dir='ltr'>ἀμφικτυονίαν</span> <span class='ocrx_word' id='word_1_50' title='bbox 1245 577 1490 624; x_wconf 83' lang='grc' dir='ltr'>εἰσδεδυκώς,</span> <span class='ocrx_word' id='word_1_51' title='bbox 1516 578 1587 619; x_wconf 82' lang='grc' dir='ltr'>τὰς</span> 
     </span>
     <span class='ocr_line' id='line_1_10' title="bbox 260 643 1586 696; baseline 0 -12"><span class='ocrx_word' id='word_1_52' title='bbox 260 646 302 684; x_wconf 82' lang='grc' dir='ltr'>δὲ</span> <span class='ocrx_word' id='word_1_53' title='bbox 332 645 552 696; x_wconf 82' lang='grc' dir='ltr'>πρεσβείας</span> <span class='ocrx_word' id='word_1_54' title='bbox 585 646 654 686; x_wconf 78' lang='grc' dir='ltr'>τὰς</span> <span class='ocrx_word' id='word_1_55' title='bbox 687 646 729 684; x_wconf 88' lang='grc' dir='ltr'>ἐκ</span> <span class='ocrx_word' id='word_1_56' title='bbox 756 643 1070 694; x_wconf 84' lang='grc' dir='ltr'>Πελοποννήσου</span> <span class='ocrx_word' id='word_1_57' title='bbox 1103 644 1200 696; x_wconf 89' lang='grc' dir='ltr'>πρὸς</span> <span class='ocrx_word' id='word_1_58' title='bbox 1232 643 1349 684; x_wconf 80' lang='grc' dir='ltr'>αὑτὸν</span> <span class='ocrx_word' id='word_1_59' title='bbox 1381 643 1489 695; x_wconf 85' lang='grc' dir='ltr'>ἄγων</span> <span class='ocrx_word' id='word_1_60' title='bbox 1523 643 1586 684; x_wconf 83' lang='grc' dir='ltr'>καὶ</span> 
     </span>
     <span class='ocr_line' id='line_1_11' title="bbox 259 709 1585 765; baseline 0.001 -16"><span class='ocrx_word' id='word_1_61' title='bbox 259 709 330 760; x_wconf 80' lang='grc' dir='ltr'>τὴν</span> <span class='ocrx_word' id='word_1_62' title='bbox 372 711 532 751; x_wconf 83' lang='grc' dir='ltr'>ἐκείνων</span> <span class='ocrx_word' id='word_1_63' title='bbox 574 711 803 764; x_wconf 80' lang='grc' dir='ltr'>συμμαχίαν</span> <span class='ocrx_word' id='word_1_64' title='bbox 842 710 1166 763; x_wconf 84' lang='grc' dir='ltr'>παραιρούμενος·</span> <span class='ocrx_word' id='word_1_65' title='bbox 1219 710 1323 751; x_wconf 79' lang='grc' dir='ltr'>ὥστε</span> <span class='ocrx_word' id='word_1_66' title='bbox 1364 713 1442 751; x_wconf 85' lang='grc' dir='ltr'>τῶν</span> <span class='ocrx_word' id='word_1_67' title='bbox 1483 709 1585 765; x_wconf 81' lang='grc' dir='ltr'>αὐτῷ</span> 
     </span>
     <span class='ocr_line' id='line_1_12' title="bbox 260 776 1583 829; baseline 0.002 -12"><span class='ocrx_word' id='word_1_68' title='bbox 260 776 334 829; x_wconf 85' lang='grc' dir='ltr'>πρὸ</span> <span class='ocrx_word' id='word_1_69' title='bbox 358 780 425 817; x_wconf 85' lang='grc' dir='ltr'>τοῦ</span> <span class='ocrx_word' id='word_1_70' title='bbox 445 778 577 829; x_wconf 88' lang='grc' dir='ltr'>φίλων</span> <span class='ocrx_word' id='word_1_71' title='bbox 603 778 728 818; x_wconf 81' lang='grc' dir='ltr'>ὄντων</span> <span class='ocrx_word' id='word_1_72' title='bbox 753 777 842 819; x_wconf 88' lang='grc' dir='ltr'>τοὺς</span> <span class='ocrx_word' id='word_1_73' title='bbox 868 779 940 828; x_wconf 81' lang='grc' dir='ltr'>μὲν</span> <span class='ocrx_word' id='word_1_74' title='bbox 960 780 1029 818; x_wconf 86' lang='grc' dir='ltr'>νῦν</span> <span class='ocrx_word' id='word_1_75' title='bbox 1049 780 1238 828; x_wconf 86' lang='grc' dir='ltr'>πολεμεῖν</span> <span class='ocrx_word' id='word_1_76' title='bbox 1263 776 1583 824; x_wconf 82' lang='grc' dir='ltr'>ἀκαταλλάκτως,</span> 
     </span>
     <span class='ocr_line' id='line_1_13' title="bbox 259 842 1585 896; baseline 0.001 -14"><span class='ocrx_word' id='word_1_77' title='bbox 259 842 348 885; x_wconf 86' lang='grc' dir='ltr'>τοὺς</span> <span class='ocrx_word' id='word_1_78' title='bbox 377 845 419 884; x_wconf 82' lang='grc' dir='ltr'>δὲ</span> <span class='ocrx_word' id='word_1_79' title='bbox 450 842 588 894; x_wconf 84' lang='grc' dir='ltr'>μηκέτι</span> <span class='ocrx_word' id='word_1_80' title='bbox 623 844 843 896; x_wconf 84' lang='grc' dir='ltr'>προθύμους</span> <span class='ocrx_word' id='word_1_81' title='bbox 877 843 977 884; x_wconf 80' lang='grc' dir='ltr'>εἶναι</span> <span class='ocrx_word' id='word_1_82' title='bbox 1011 843 1323 895; x_wconf 86' lang='grc' dir='ltr'>συναγωνιστάς,</span> <span class='ocrx_word' id='word_1_83' title='bbox 1351 842 1526 886; x_wconf 79' lang='grc' dir='ltr'>ἅπαντας</span> <span class='ocrx_word' id='word_1_84' title='bbox 1551 843 1585 883; x_wconf 86' lang='grc' dir='ltr'>δ’</span> 
     </span>
     <span class='ocr_line' id='line_1_14' title="bbox 258 909 1585 962; baseline 0.002 -14"><span class='ocrx_word' id='word_1_85' title='bbox 258 910 485 961; x_wconf 80' lang='grc' dir='ltr'>ὑφορᾶσθαι</span> <span class='ocrx_word' id='word_1_86' title='bbox 511 910 572 950; x_wconf 86' lang='grc' dir='ltr'>καὶ</span> <span class='ocrx_word' id='word_1_87' title='bbox 597 912 898 961; x_wconf 84' lang='grc' dir='ltr'>διαβεβλῆσθαι</span> <span class='ocrx_word' id='word_1_88' title='bbox 922 910 1019 962; x_wconf 84' lang='grc' dir='ltr'>πρὸς</span> <span class='ocrx_word' id='word_1_89' title='bbox 1044 910 1176 950; x_wconf 83' lang='grc' dir='ltr'>αὐτόν.</span> <span class='ocrx_word' id='word_1_90' title='bbox 1248 910 1305 950; x_wconf 84' lang='grc' dir='ltr'>ἔτι</span> <span class='ocrx_word' id='word_1_91' title='bbox 1329 911 1459 951; x_wconf 88' lang='grc' dir='ltr'>τοίνυν</span> <span class='ocrx_word' id='word_1_92' title='bbox 1482 909 1585 960; x_wconf 80' lang='grc' dir='ltr'>(οὐδὲ</span> 
     </span>
     <span class='ocr_line' id='line_1_15' title="bbox 259 974 1581 1029; baseline 0.001 -13"><span class='ocrx_word' id='word_1_93' title='bbox 259 976 332 1027; x_wconf 78' lang='grc' dir='ltr'>γὰρ</span> <span class='ocrx_word' id='word_1_94' title='bbox 357 975 459 1016; x_wconf 82' lang='grc' dir='ltr'>τοῦτ’</span> <span class='ocrx_word' id='word_1_95' title='bbox 484 975 572 1016; x_wconf 78' lang='grc' dir='ltr'>ἔστι</span> <span class='ocrx_word' id='word_1_96' title='bbox 604 974 758 1029; x_wconf 87' lang='grc' dir='ltr'>μικρόν)</span> <span class='ocrx_word' id='word_1_97' title='bbox 781 978 818 1017; x_wconf 80' lang='grc' dir='ltr'>οἱ</span> <span class='ocrx_word' id='word_1_98' title='bbox 843 978 940 1016; x_wconf 82' lang='grc' dir='ltr'>κατὰ</span> <span class='ocrx_word' id='word_1_99' title='bbox 973 976 1044 1026; x_wconf 82' lang='grc' dir='ltr'>τὴν</span> <span class='ocrx_word' id='word_1_100' title='bbox 1069 975 1212 1016; x_wconf 88' lang='grc' dir='ltr'>Ἀσίαν</span> <span class='ocrx_word' id='word_1_101' title='bbox 1241 975 1440 1027; x_wconf 88' lang='grc' dir='ltr'>σατράπαι</span> <span class='ocrx_word' id='word_1_102' title='bbox 1470 979 1581 1017; x_wconf 80' lang='grc' dir='ltr'>καθε-</span> 
     </span>
     <span class='ocr_line' id='line_1_16' title="bbox 259 1039 1584 1096; baseline 0.003 -15"><span class='ocrx_word' id='word_1_103' title='bbox 259 1046 406 1085; x_wconf 87' lang='grc' dir='ltr'>στῶτες</span> <span class='ocrx_word' id='word_1_104' title='bbox 449 1043 621 1096; x_wconf 81' lang='grc' dir='ltr'>ἔναγχος</span> <span class='ocrx_word' id='word_1_105' title='bbox 661 1045 733 1094; x_wconf 81' lang='grc' dir='ltr'>μὲν</span> <span class='ocrx_word' id='word_1_106' title='bbox 775 1042 908 1094; x_wconf 83' lang='grc' dir='ltr'>ξένους</span> <span class='ocrx_word' id='word_1_107' title='bbox 950 1039 1250 1095; x_wconf 72' lang='grc' dir='ltr'>[μισθοφόρους]</span> <span class='ocrx_word' id='word_1_108' title='bbox 1289 1041 1584 1095; x_wconf 81' lang='grc' dir='ltr'>εἰσπέμψαντες</span> 
     </span>
     <span class='ocr_line' id='line_1_17' title="bbox 257 1108 1584 1162; baseline 0.002 -13"><span class='ocrx_word' id='word_1_109' title='bbox 257 1110 464 1150; x_wconf 85' lang='grc' dir='ltr'>ἐκώλυσαν</span> <span class='ocrx_word' id='word_1_110' title='bbox 502 1111 858 1162; x_wconf 85' lang='grc' dir='ltr'>ἐκπολιορκηθῆναι</span> <span class='ocrx_word' id='word_1_111' title='bbox 895 1108 1105 1161; x_wconf 87' lang='grc' dir='ltr'>Πέρινθον,</span> <span class='ocrx_word' id='word_1_112' title='bbox 1147 1113 1215 1150; x_wconf 87' lang='grc' dir='ltr'>νῦν</span> <span class='ocrx_word' id='word_1_113' title='bbox 1253 1110 1294 1149; x_wconf 78' lang='grc' dir='ltr'>δὲ</span> <span class='ocrx_word' id='word_1_114' title='bbox 1333 1111 1403 1159; x_wconf 89' lang='grc' dir='ltr'>τῆς</span> <span class='ocrx_word' id='word_1_115' title='bbox 1440 1109 1584 1162; x_wconf 87' lang='grc' dir='ltr'>ἔχθρας</span> 
     </span>
     <span class='ocr_line' id='line_1_18' title="bbox 258 1175 1582 1228; baseline -0.001 -12"><span class='ocrx_word' id='word_1_116' title='bbox 258 1175 388 1218; x_wconf 83' lang='grc' dir='ltr'>αὐτοῖς</span> <span class='ocrx_word' id='word_1_117' title='bbox 420 1177 649 1227; x_wconf 79' lang='grc' dir='ltr'>ἐνεστώσης</span> <span class='ocrx_word' id='word_1_118' title='bbox 679 1177 742 1217; x_wconf 88' lang='grc' dir='ltr'>καὶ</span> <span class='ocrx_word' id='word_1_119' title='bbox 769 1179 836 1217; x_wconf 82' lang='grc' dir='ltr'>τοῦ</span> <span class='ocrx_word' id='word_1_120' title='bbox 869 1176 1048 1217; x_wconf 89' lang='grc' dir='ltr'>κινδύνου</span> <span class='ocrx_word' id='word_1_121' title='bbox 1077 1177 1252 1226; x_wconf 90' lang='grc' dir='ltr'>πλησίον</span> <span class='ocrx_word' id='word_1_122' title='bbox 1282 1177 1407 1221; x_wconf 81' lang='grc' dir='ltr'>ὄντος,</span> <span class='ocrx_word' id='word_1_123' title='bbox 1435 1176 1469 1215; x_wconf 83' lang='grc' dir='ltr'>εἰ</span> <span class='ocrx_word' id='word_1_124' title='bbox 1500 1192 1582 1228; x_wconf 93' lang='grc' dir='ltr'>χει-</span> 
     </span>
     <span class='ocr_line' id='line_1_19' title="bbox 256 1241 1581 1295; baseline 0 -13"><span class='ocrx_word' id='word_1_125' title='bbox 256 1241 479 1294; x_wconf 83' lang='grc' dir='ltr'>ρωθήσεται</span> <span class='ocrx_word' id='word_1_126' title='bbox 513 1243 739 1294; x_wconf 80' lang='grc' dir='ltr'>Βυζάντιον,</span> <span class='ocrx_word' id='word_1_127' title='bbox 767 1243 811 1284; x_wconf 85' lang='grc' dir='ltr'>οὐ</span> <span class='ocrx_word' id='word_1_128' title='bbox 843 1243 965 1294; x_wconf 91' lang='grc' dir='ltr'>μόνον</span> <span class='ocrx_word' id='word_1_129' title='bbox 997 1242 1106 1283; x_wconf 86' lang='grc' dir='ltr'>αὐτοὶ</span> <span class='ocrx_word' id='word_1_130' title='bbox 1140 1242 1348 1295; x_wconf 88' lang='grc' dir='ltr'>προθύμως</span> <span class='ocrx_word' id='word_1_131' title='bbox 1381 1246 1581 1292; x_wconf 88' lang='grc' dir='ltr'>συμπολε-</span> 
     </span>
     <span class='ocr_line' id='line_1_20' title="bbox 256 1306 1584 1362; baseline -0.001 -13"><span class='ocrx_word' id='word_1_132' title='bbox 256 1308 468 1359; x_wconf 89' lang='grc' dir='ltr'>μήσουσιν,</span> <span class='ocrx_word' id='word_1_133' title='bbox 503 1310 609 1350; x_wconf 80' lang='grc' dir='ltr'>ἀλλὰ</span> <span class='ocrx_word' id='word_1_134' title='bbox 642 1310 704 1350; x_wconf 86' lang='grc' dir='ltr'>καὶ</span> <span class='ocrx_word' id='word_1_135' title='bbox 737 1309 914 1361; x_wconf 84' lang='grc' dir='ltr'>βασιλέα</span> <span class='ocrx_word' id='word_1_136' title='bbox 946 1306 1145 1361; x_wconf 87' lang='grc' dir='ltr'>[Περσῶν]</span> <span class='ocrx_word' id='word_1_137' title='bbox 1178 1307 1362 1362; x_wconf 89' lang='grc' dir='ltr'>χρήματα</span> <span class='ocrx_word' id='word_1_138' title='bbox 1397 1311 1584 1362; x_wconf 85' lang='grc' dir='ltr'>χορηγεῖν</span> 
     </span>
     <span class='ocr_line' id='line_1_21' title="bbox 255 1375 1584 1429; baseline -0.002 -13"><span class='ocrx_word' id='word_1_139' title='bbox 255 1375 348 1426; x_wconf 84' lang='grc' dir='ltr'>ἡμῖν</span> <span class='ocrx_word' id='word_1_140' title='bbox 372 1376 676 1429; x_wconf 82' lang='grc' dir='ltr'>προτρέψονται,</span> <span class='ocrx_word' id='word_1_141' title='bbox 699 1375 741 1419; x_wconf 84' lang='grc' dir='ltr'>ὃς</span> <span class='ocrx_word' id='word_1_142' title='bbox 765 1380 956 1417; x_wconf 83' lang='grc' dir='ltr'>τοσοῦτον</span> <span class='ocrx_word' id='word_1_143' title='bbox 979 1377 1052 1427; x_wconf 84' lang='grc' dir='ltr'>μὲν</span> <span class='ocrx_word' id='word_1_144' title='bbox 1079 1375 1262 1426; x_wconf 88' lang='grc' dir='ltr'>κέκτηται</span> <span class='ocrx_word' id='word_1_145' title='bbox 1287 1378 1460 1415; x_wconf 84' lang='grc' dir='ltr'>πλοῦτον</span> <span class='ocrx_word' id='word_1_146' title='bbox 1485 1375 1584 1415; x_wconf 84' lang='grc' dir='ltr'>ὅσον</span> 
     </span>
     <span class='ocr_line' id='line_1_22' title="bbox 256 1441 1584 1496; baseline 0.001 -14"><span class='ocrx_word' id='word_1_147' title='bbox 256 1441 335 1482; x_wconf 79' lang='grc' dir='ltr'>οὐδ’</span> <span class='ocrx_word' id='word_1_148' title='bbox 360 1444 395 1483; x_wconf 83' lang='grc' dir='ltr'>οἱ</span> <span class='ocrx_word' id='word_1_149' title='bbox 426 1444 560 1484; x_wconf 86' lang='grc' dir='ltr'>λοιποὶ</span> <span class='ocrx_word' id='word_1_150' title='bbox 593 1443 749 1490; x_wconf 84' lang='grc' dir='ltr'>πάντες,</span> <span class='ocrx_word' id='word_1_151' title='bbox 777 1442 1016 1493; x_wconf 88' lang='grc' dir='ltr'>τηλικαύτην</span> <span class='ocrx_word' id='word_1_152' title='bbox 1049 1442 1082 1482; x_wconf 80' lang='grc' dir='ltr'>δ’</span> <span class='ocrx_word' id='word_1_153' title='bbox 1108 1442 1191 1496; x_wconf 85' lang='grc' dir='ltr'>ἔχει</span> <span class='ocrx_word' id='word_1_154' title='bbox 1226 1442 1359 1494; x_wconf 82' lang='grc' dir='ltr'>ῥώμην</span> <span class='ocrx_word' id='word_1_155' title='bbox 1390 1441 1486 1493; x_wconf 88' lang='grc' dir='ltr'>πρὸς</span> <span class='ocrx_word' id='word_1_156' title='bbox 1515 1443 1584 1483; x_wconf 83' lang='grc' dir='ltr'>τὰς</span> 
     </span>
     <span class='ocr_line' id='line_1_23' title="bbox 255 1508 1584 1562; baseline 0.001 -14"><span class='ocrx_word' id='word_1_157' title='bbox 255 1509 394 1550; x_wconf 87' lang='grc' dir='ltr'>ἐνθάδε</span> <span class='ocrx_word' id='word_1_158' title='bbox 430 1509 592 1562; x_wconf 80' lang='grc' dir='ltr'>πράξεις</span> <span class='ocrx_word' id='word_1_159' title='bbox 627 1510 732 1550; x_wconf 87' lang='grc' dir='ltr'>ὥστε</span> <span class='ocrx_word' id='word_1_160' title='bbox 770 1509 834 1550; x_wconf 88' lang='grc' dir='ltr'>καὶ</span> <span class='ocrx_word' id='word_1_161' title='bbox 869 1509 1074 1561; x_wconf 89' lang='grc' dir='ltr'>πρότερον,</span> <span class='ocrx_word' id='word_1_162' title='bbox 1108 1509 1223 1559; x_wconf 87' lang='grc' dir='ltr'>ἡνίκα</span> <span class='ocrx_word' id='word_1_163' title='bbox 1260 1508 1584 1558; x_wconf 87' lang='grc' dir='ltr'>Λακεδαιμονίοις</span> 
     </span>
     <span class='ocr_line' id='line_1_24' title="bbox 255 1575 1584 1628; baseline 0 -13"><span class='ocrx_word' id='word_1_164' title='bbox 255 1576 537 1627; x_wconf 84' lang='grc' dir='ltr'>ἐπολεμοῦμεν,</span> <span class='ocrx_word' id='word_1_165' title='bbox 570 1576 773 1628; x_wconf 89' lang='grc' dir='ltr'>ὁποτέροις</span> <span class='ocrx_word' id='word_1_166' title='bbox 805 1576 1034 1628; x_wconf 85' lang='grc' dir='ltr'>πρόσθοιτο,</span> <span class='ocrx_word' id='word_1_167' title='bbox 1070 1575 1230 1617; x_wconf 90' lang='grc' dir='ltr'>τούτους</span> <span class='ocrx_word' id='word_1_168' title='bbox 1266 1576 1391 1616; x_wconf 90' lang='grc' dir='ltr'>ἐποίει</span> <span class='ocrx_word' id='word_1_169' title='bbox 1429 1578 1584 1627; x_wconf 85' lang='grc' dir='ltr'>κρατεῖν</span> 
     </span>
     <span class='ocr_line' id='line_1_25' title="bbox 254 1642 1581 1696; baseline 0.001 -15"><span class='ocrx_word' id='word_1_170' title='bbox 254 1645 331 1682; x_wconf 83' lang='grc' dir='ltr'>τῶν</span> <span class='ocrx_word' id='word_1_171' title='bbox 357 1642 513 1695; x_wconf 82' lang='grc' dir='ltr'>ἑτέρων,</span> <span class='ocrx_word' id='word_1_172' title='bbox 543 1643 605 1683; x_wconf 84' lang='grc' dir='ltr'>καὶ</span> <span class='ocrx_word' id='word_1_173' title='bbox 630 1647 697 1684; x_wconf 83' lang='grc' dir='ltr'>νῦν</span> <span class='ocrx_word' id='word_1_174' title='bbox 721 1642 806 1694; x_wconf 87' lang='grc' dir='ltr'>μεθ’</span> <span class='ocrx_word' id='word_1_175' title='bbox 826 1642 936 1693; x_wconf 87' lang='grc' dir='ltr'>ἡμῶν</span> <span class='ocrx_word' id='word_1_176' title='bbox 961 1642 1170 1695; x_wconf 84' lang='grc' dir='ltr'>γενόμενος</span> <span class='ocrx_word' id='word_1_177' title='bbox 1194 1642 1336 1696; x_wconf 78' lang='grc' dir='ltr'>ῥᾳδίως</span> <span class='ocrx_word' id='word_1_178' title='bbox 1362 1646 1581 1683; x_wconf 90' lang='grc' dir='ltr'>καταπολε-</span> 
     </span>
     <span class='ocr_line' id='line_1_26' title="bbox 254 1708 896 1760; baseline 0.002 -12"><span class='ocrx_word' id='word_1_179' title='bbox 254 1708 373 1760; x_wconf 91' lang='grc' dir='ltr'>μήσει</span> <span class='ocrx_word' id='word_1_180' title='bbox 397 1709 468 1759; x_wconf 79' lang='grc' dir='ltr'>τὴν</span> <span class='ocrx_word' id='word_1_181' title='bbox 493 1711 697 1751; x_wconf 84' lang='grc' dir='ltr'>Φιλίππου</span> <span class='ocrx_word' id='word_1_182' title='bbox 722 1710 896 1760; x_wconf 89' lang='grc' dir='ltr'>δύναμιν.</span> 
     </span>
    </p>

    <p class='ocr_par' dir='ltr' id='par_1_7' title="bbox 253 1774 1585 2163">
     <span class='ocr_line' id='line_1_27' title="bbox 322 1774 1580 1828; baseline 0.002 -13"><span class='ocrx_word' id='word_1_183' title='bbox 322 1775 430 1827; x_wconf 85' lang='grc' dir='ltr'>Πρὸς</span> <span class='ocrx_word' id='word_1_184' title='bbox 453 1778 584 1817; x_wconf 87' lang='grc' dir='ltr'>τοίνυν</span> <span class='ocrx_word' id='word_1_185' title='bbox 608 1776 761 1818; x_wconf 89' lang='grc' dir='ltr'>τούτοις</span> <span class='ocrx_word' id='word_1_186' title='bbox 794 1775 1040 1826; x_wconf 89' lang='grc' dir='ltr'>τηλικούτοις</span> <span class='ocrx_word' id='word_1_187' title='bbox 1073 1775 1200 1821; x_wconf 79' lang='grc' dir='ltr'>οὖσιν,</span> <span class='ocrx_word' id='word_1_188' title='bbox 1228 1774 1296 1815; x_wconf 85' lang='grc' dir='ltr'>οὐκ</span> <span class='ocrx_word' id='word_1_189' title='bbox 1327 1776 1401 1828; x_wconf 87' lang='grc' dir='ltr'>ἐρῶ</span> <span class='ocrx_word' id='word_1_190' title='bbox 1434 1776 1507 1825; x_wconf 82' lang='grc' dir='ltr'>μὲν</span> <span class='ocrx_word' id='word_1_191' title='bbox 1532 1774 1580 1817; x_wconf 76' lang='grc' dir='ltr'>ὡς</span> 
     </span>
     <span class='ocr_line' id='line_1_28' title="bbox 255 1842 1581 1895; baseline 0 -14"><span class='ocrx_word' id='word_1_192' title='bbox 255 1842 300 1882; x_wconf 87' lang='grc' dir='ltr'>οὐ</span> <span class='ocrx_word' id='word_1_193' title='bbox 324 1844 388 1882; x_wconf 81' lang='grc' dir='ltr'>διὰ</span> <span class='ocrx_word' id='word_1_194' title='bbox 412 1842 483 1893; x_wconf 80' lang='grc' dir='ltr'>τὴν</span> <span class='ocrx_word' id='word_1_195' title='bbox 509 1842 665 1895; x_wconf 86' lang='grc' dir='ltr'>εἰρήνην</span> <span class='ocrx_word' id='word_1_196' title='bbox 691 1844 824 1884; x_wconf 79' lang='grc' dir='ltr'>πολλὰ</span> <span class='ocrx_word' id='word_1_197' title='bbox 855 1844 1101 1895; x_wconf 87' lang='grc' dir='ltr'>προείληφεν</span> <span class='ocrx_word' id='word_1_198' title='bbox 1131 1842 1241 1893; x_wconf 87' lang='grc' dir='ltr'>ἡμῶν</span> <span class='ocrx_word' id='word_1_199' title='bbox 1272 1843 1399 1895; x_wconf 84' lang='grc' dir='ltr'>χωρία</span> <span class='ocrx_word' id='word_1_200' title='bbox 1425 1842 1488 1882; x_wconf 88' lang='grc' dir='ltr'>καὶ</span> <span class='ocrx_word' id='word_1_201' title='bbox 1520 1845 1581 1881; x_wconf 93' lang='grc' dir='ltr'>λι-</span> 
     </span>
     <span class='ocr_line' id='line_1_29' title="bbox 253 1907 1584 1963; baseline -0.001 -14"><span class='ocrx_word' id='word_1_202' title='bbox 253 1907 374 1960; x_wconf 86' lang='grc' dir='ltr'>μένας</span> <span class='ocrx_word' id='word_1_203' title='bbox 399 1909 462 1950; x_wconf 87' lang='grc' dir='ltr'>καὶ</span> <span class='ocrx_word' id='word_1_204' title='bbox 487 1908 633 1950; x_wconf 83' lang='grc' dir='ltr'>τοιαῦθ’</span> <span class='ocrx_word' id='word_1_205' title='bbox 660 1910 774 1962; x_wconf 81' lang='grc' dir='ltr'>ἕτερα</span> <span class='ocrx_word' id='word_1_206' title='bbox 807 1908 986 1963; x_wconf 88' lang='grc' dir='ltr'>χρήσιμα</span> <span class='ocrx_word' id='word_1_207' title='bbox 1018 1908 1115 1961; x_wconf 88' lang='grc' dir='ltr'>πρὸς</span> <span class='ocrx_word' id='word_1_208' title='bbox 1148 1909 1337 1960; x_wconf 91' lang='grc' dir='ltr'>πόλεμον,</span> <span class='ocrx_word' id='word_1_209' title='bbox 1364 1909 1440 1961; x_wconf 84' lang='grc' dir='ltr'>ὁρῶ</span> <span class='ocrx_word' id='word_1_210' title='bbox 1474 1907 1506 1948; x_wconf 90' lang='grc' dir='ltr'>δ’</span> <span class='ocrx_word' id='word_1_211' title='bbox 1533 1907 1584 1949; x_wconf 84' lang='grc' dir='ltr'>ὡς</span> 
     </span>
     <span class='ocr_line' id='line_1_30' title="bbox 255 1975 1585 2029; baseline 0 -14"><span class='ocrx_word' id='word_1_212' title='bbox 255 1977 350 2016; x_wconf 87' lang='grc' dir='ltr'>ὅταν</span> <span class='ocrx_word' id='word_1_213' title='bbox 387 1978 459 2027; x_wconf 82' lang='grc' dir='ltr'>μὲν</span> <span class='ocrx_word' id='word_1_214' title='bbox 496 1976 560 2018; x_wconf 85' lang='grc' dir='ltr'>ὑπ’</span> <span class='ocrx_word' id='word_1_215' title='bbox 597 1977 749 2019; x_wconf 83' lang='grc' dir='ltr'>εὐνοίας</span> <span class='ocrx_word' id='word_1_216' title='bbox 787 1978 836 2016; x_wconf 82' lang='grc' dir='ltr'>τὰ</span> <span class='ocrx_word' id='word_1_217' title='bbox 875 1975 1087 2029; x_wconf 79' lang='grc' dir='ltr'>πράγματα</span> <span class='ocrx_word' id='word_1_218' title='bbox 1125 1975 1344 2029; x_wconf 87' lang='grc' dir='ltr'>συνέχηται</span> <span class='ocrx_word' id='word_1_219' title='bbox 1382 1975 1445 2016; x_wconf 86' lang='grc' dir='ltr'>καὶ</span> <span class='ocrx_word' id='word_1_220' title='bbox 1483 1977 1585 2015; x_wconf 79' lang='grc' dir='ltr'>πᾶσι</span> 
     </span>
     <span class='ocr_line' id='line_1_31' title="bbox 255 2040 1584 2100; baseline -0.001 -18"><span class='ocrx_word' id='word_1_221' title='bbox 255 2042 377 2083; x_wconf 80' lang='grc' dir='ltr'>ταύτὰ</span> <span class='ocrx_word' id='word_1_222' title='bbox 419 2043 604 2100; x_wconf 89' lang='grc' dir='ltr'>συμφέρῃ</span> <span class='ocrx_word' id='word_1_223' title='bbox 646 2048 729 2086; x_wconf 83' lang='grc' dir='ltr'>τοῖς</span> <span class='ocrx_word' id='word_1_224' title='bbox 769 2042 985 2097; x_wconf 86' lang='grc' dir='ltr'>μετέχουσι</span> <span class='ocrx_word' id='word_1_225' title='bbox 1025 2046 1103 2083; x_wconf 84' lang='grc' dir='ltr'>τῶν</span> <span class='ocrx_word' id='word_1_226' title='bbox 1143 2041 1342 2093; x_wconf 87' lang='grc' dir='ltr'>πολέμων,</span> <span class='ocrx_word' id='word_1_227' title='bbox 1384 2040 1495 2093; x_wconf 89' lang='grc' dir='ltr'>μένει</span> <span class='ocrx_word' id='word_1_228' title='bbox 1535 2042 1584 2081; x_wconf 82' lang='grc' dir='ltr'>τὰ</span> 
     </span>
     <span class='ocr_line' id='line_1_32' title="bbox 256 2106 1584 2163; baseline -0.001 -13"><span class='ocrx_word' id='word_1_229' title='bbox 256 2109 507 2152; x_wconf 87' lang='grc' dir='ltr'>συσταθέντα</span> <span class='ocrx_word' id='word_1_230' title='bbox 530 2112 725 2163; x_wconf 80' lang='grc' dir='ltr'>βεβαίως·</span> <span class='ocrx_word' id='word_1_231' title='bbox 763 2111 857 2151; x_wconf 86' lang='grc' dir='ltr'>ὅταν</span> <span class='ocrx_word' id='word_1_232' title='bbox 883 2109 916 2150; x_wconf 78' lang='grc' dir='ltr'>δ’</span> <span class='ocrx_word' id='word_1_233' title='bbox 942 2108 988 2160; x_wconf 82' lang='grc' dir='ltr'>ἐξ</span> <span class='ocrx_word' id='word_1_234' title='bbox 1011 2111 1231 2161; x_wconf 86' lang='grc' dir='ltr'>ἐπιβουλῆς</span> <span class='ocrx_word' id='word_1_235' title='bbox 1261 2108 1322 2149; x_wconf 89' lang='grc' dir='ltr'>καὶ</span> <span class='ocrx_word' id='word_1_236' title='bbox 1351 2106 1584 2158; x_wconf 82' lang='grc' dir='ltr'>πλεονεξίας</span> 
     </span>
    </p>

    <p class='ocr_par' dir='ltr' id='par_1_8' title="bbox 256 2217 1584 2346">
     <span class='ocr_line' id='line_1_33' title="bbox 303 2217 1583 2260; baseline -0.002 -11"><span class='ocrx_word' id='word_1_237' title='bbox 303 2228 340 2257; x_wconf 87' lang='lat'>13</span> <span class='ocrx_word' id='word_1_238' title='bbox 364 2218 577 2260; x_wconf 86' lang='grc' dir='ltr'>μισθοφόρους</span> <span class='ocrx_word' id='word_1_239' title='bbox 594 2218 673 2249; x_wconf 86' lang='lat' dir='ltr'><strong>secl.</strong></span> <span class='ocrx_word' id='word_1_240' title='bbox 693 2217 802 2249; x_wconf 83' lang='lat' dir='ltr'>Cobet</span> <span class='ocrx_word' id='word_1_241' title='bbox 952 2228 988 2256; x_wconf 92' lang='lat'>17</span> <span class='ocrx_word' id='word_1_242' title='bbox 1015 2221 1147 2259; x_wconf 82' lang='grc' dir='ltr'>Περσῶν</span> <span class='ocrx_word' id='word_1_243' title='bbox 1165 2217 1212 2248; x_wconf 86' lang='lat' dir='ltr'>S:</span> <span class='ocrx_word' id='word_1_244' title='bbox 1236 2220 1302 2249; x_wconf 79' lang='grc' dir='ltr'>τῶν</span> <span class='ocrx_word' id='word_1_245' title='bbox 1318 2219 1452 2258; x_wconf 77' lang='grc' dir='ltr'>Περσῶν</span> <span class='ocrx_word' id='word_1_246' title='bbox 1468 2217 1558 2256; x_wconf 81' lang='lat' dir='ltr'><strong>vulg.</strong></span> <span class='ocrx_word' id='word_1_247' title='bbox 1576 2227 1583 2247; x_wconf 75' lang='grc' dir='ltr'><strong>ε</strong></span> 
     </span>
     <span class='ocr_line' id='line_1_34' title="bbox 256 2259 1581 2303; baseline -0.001 -10"><span class='ocrx_word' id='word_1_248' title='bbox 256 2263 334 2293; x_wconf 82' lang='lat' dir='ltr'>secl.</span> <span class='ocrx_word' id='word_1_249' title='bbox 357 2262 506 2293; x_wconf 84' lang='lat' dir='ltr'>Dindorf</span> <span class='ocrx_word' id='word_1_250' title='bbox 603 2262 755 2303; x_wconf 83' lang='grc' dir='ltr'>χρήματα</span> <span class='ocrx_word' id='word_1_251' title='bbox 771 2259 883 2300; x_wconf 65' lang='lat' dir='ltr'>vulg:</span> <span class='ocrx_word' id='word_1_252' title='bbox 907 2261 1052 2302; x_wconf 77' lang='grc' dir='ltr'>χρήμασι</span> <span class='ocrx_word' id='word_1_253' title='bbox 1071 2261 1094 2292; x_wconf 84' lang='lat' dir='ltr'>S</span> <span class='ocrx_word' id='word_1_254' title='bbox 1108 2261 1133 2291; x_wconf 87' lang='lat' dir='ltr'><strong>F</strong></span> <span class='ocrx_word' id='word_1_255' title='bbox 1149 2270 1234 2291; x_wconf 84' lang='lat' dir='ltr'>corr.</span> <span class='ocrx_word' id='word_1_256' title='bbox 1386 2270 1424 2298; x_wconf 94' lang='lat'>19</span> <span class='ocrx_word' id='word_1_257' title='bbox 1447 2259 1581 2300; x_wconf 80' lang='grc' dir='ltr'>πάντες]</span> 
     </span>
     <span class='ocr_line' id='line_1_35' title="bbox 257 2303 1584 2346; baseline -0.002 -10"><span class='ocrx_word' id='word_1_258' title='bbox 257 2305 440 2345; x_wconf 83' lang='grc' dir='ltr'>σύμπαντες</span> <span class='ocrx_word' id='word_1_259' title='bbox 457 2306 566 2336; x_wconf 80' lang='lat' dir='ltr'>Cobet</span> <span class='ocrx_word' id='word_1_260' title='bbox 654 2304 779 2346; x_wconf 79' lang='grc' dir='ltr'>ῥώμην]</span> <span class='ocrx_word' id='word_1_261' title='bbox 797 2304 929 2343; x_wconf 83' lang='grc' dir='ltr'>δύναμιν</span> <span class='ocrx_word' id='word_1_262' title='bbox 944 2304 995 2334; x_wconf 88' lang='lat' dir='ltr'>A:</span> <span class='ocrx_word' id='word_1_263' title='bbox 1022 2305 1098 2335; x_wconf 84' lang='lat' dir='ltr'>fort.</span> <span class='ocrx_word' id='word_1_264' title='bbox 1118 2305 1220 2345; x_wconf 77' lang='grc' dir='ltr'>ῥοπὴν</span> <span class='ocrx_word' id='word_1_265' title='bbox 1239 2303 1335 2334; x_wconf 83' lang='lat' dir='ltr'>Blass</span> <span class='ocrx_word' id='word_1_266' title='bbox 1439 2313 1479 2342; x_wconf 90' lang='lat'>27</span> <span class='ocrx_word' id='word_1_267' title='bbox 1505 2304 1584 2335; x_wconf 81' lang='grc' dir='ltr'>ὅταν</span> 
     </span>
    </p>
   </div>
   <div class='ocr_carea' id='block_1_7' title="bbox 256 2346 1582 2430">
    <p class='ocr_par' dir='ltr' id='par_1_9' title="bbox 256 2346 1582 2430">
     <span class='ocr_line' id='line_1_36' title="bbox 256 2346 1582 2390; baseline -0.003 -10"><span class='ocrx_word' id='word_1_268' title='bbox 256 2347 315 2388; x_wconf 77' lang='grc' dir='ltr'>μὲν</span> <span class='ocrx_word' id='word_1_269' title='bbox 331 2349 422 2389; x_wconf 70' lang='lat' dir='ltr'>sqq]</span> <span class='ocrx_word' id='word_1_270' title='bbox 442 2350 482 2379; x_wconf 81' lang='lat' dir='ltr'>cf.</span> <span class='ocrx_word' id='word_1_271' title='bbox 501 2349 522 2379; x_wconf 90' lang='lat' dir='ltr'>ii</span> <span class='ocrx_word' id='word_1_272' title='bbox 539 2359 560 2388; x_wconf 92' lang='lat'><strong>9</strong></span> <span class='ocrx_word' id='word_1_273' title='bbox 678 2347 875 2389; x_wconf 82' lang='grc' dir='ltr'>συνέχηται]</span> <span class='ocrx_word' id='word_1_274' title='bbox 894 2350 999 2390; x_wconf 79' lang='grc' dir='ltr'>συστῇ</span> <span class='ocrx_word' id='word_1_275' title='bbox 1017 2348 1039 2377; x_wconf 85' lang='lat' dir='ltr'>ii</span> <span class='ocrx_word' id='word_1_276' title='bbox 1056 2358 1077 2387; x_wconf 93' lang='lat'><strong>9</strong></span> <span class='ocrx_word' id='word_1_277' title='bbox 1194 2349 1272 2379; x_wconf 81' lang='grc' dir='ltr'>πᾶσι</span> <span class='ocrx_word' id='word_1_278' title='bbox 1289 2347 1393 2378; x_wconf 61' lang='lat' dir='ltr'>‘rav-r&amp;</span> <span class='ocrx_word' id='word_1_279' title='bbox 1411 2346 1435 2376; x_wconf 85' lang='lat' dir='ltr'>S</span> <span class='ocrx_word' id='word_1_280' title='bbox 1452 2351 1486 2377; x_wconf 87' lang='lat' dir='ltr'>et</span> <span class='ocrx_word' id='word_1_281' title='bbox 1503 2346 1526 2376; x_wconf 83' lang='lat' dir='ltr'>ii</span> <span class='ocrx_word' id='word_1_282' title='bbox 1541 2356 1582 2385; x_wconf 85' lang='lat'>9:</span> 
     </span>
     <span class='ocr_line' id='line_1_37' title="bbox 257 2389 1444 2430; baseline -0.004 -7"><span class='ocrx_word' id='word_1_283' title='bbox 257 2394 336 2424; x_wconf 80' lang='grc' dir='ltr'>πᾶσι</span> <span class='ocrx_word' id='word_1_284' title='bbox 353 2395 456 2424; x_wconf 85' lang='grc' dir='ltr'>ταῦτα</span> <span class='ocrx_word' id='word_1_285' title='bbox 471 2391 521 2424; x_wconf 87' lang='lat' dir='ltr'>A:</span> <span class='ocrx_word' id='word_1_286' title='bbox 548 2393 650 2424; x_wconf 81' lang='grc' dir='ltr'>ταύτὰ</span> <span class='ocrx_word' id='word_1_287' title='bbox 667 2394 746 2423; x_wconf 82' lang='grc' dir='ltr'>πᾶσι</span> <span class='ocrx_word' id='word_1_288' title='bbox 762 2392 854 2430; x_wconf 80' lang='lat' dir='ltr'>vulg.</span> <span class='ocrx_word' id='word_1_289' title='bbox 989 2391 1030 2421; x_wconf 88' lang='lat'>28</span> <span class='ocrx_word' id='word_1_290' title='bbox 1053 2394 1111 2423; x_wconf 81' lang='grc' dir='ltr'>τοῦ</span> <span class='ocrx_word' id='word_1_291' title='bbox 1128 2390 1270 2429; x_wconf 83' lang='grc' dir='ltr'>πολέμου</span> <span class='ocrx_word' id='word_1_292' title='bbox 1286 2389 1317 2420; x_wconf 91' lang='grc' dir='ltr'><strong>Α</strong></span> <span class='ocrx_word' id='word_1_293' title='bbox 1334 2394 1367 2419; x_wconf 84' lang='lat' dir='ltr'>et</span> <span class='ocrx_word' id='word_1_294' title='bbox 1385 2390 1405 2419; x_wconf 93' lang='lat' dir='ltr'>ii</span> <span class='ocrx_word' id='word_1_295' title='bbox 1422 2400 1444 2429; x_wconf 89' lang='lat'>9</span> 
     </span>
    </p>
   </div>
   <div class='ocr_carea' id='block_1_8' title="bbox 1607 860 1646 882">
    <p class='ocr_par' dir='ltr' id='par_1_10' title="bbox 1607 860 1646 882">
     <span class='ocr_line' id='line_1_38' title="bbox 1607 860 1646 882; baseline 0 0"><span class='ocrx_word' id='word_1_296' title='bbox 1607 860 1646 882; x_wconf 91' lang='lat'>10</span> 
     </span>
    </p>
   </div>
   <div class='ocr_carea' id='block_1_9' title="bbox 1608 1190 1644 1222">
    <p class='ocr_par' dir='ltr' id='par_1_11' title="bbox 1608 1190 1644 1222">
     <span class='ocr_line' id='line_1_39' title="bbox 1608 1190 1644 1222; baseline 0 0"><span class='ocrx_word' id='word_1_297' title='bbox 1608 1190 1644 1222; x_wconf 86' lang='lat'>15</span> 
     </span>
    </p>
   </div>
   <div class='ocr_carea' id='block_1_10' title="bbox 1606 1522 1645 1544">
    <p class='ocr_par' dir='ltr' id='par_1_12' title="bbox 1606 1522 1645 1544">
     <span class='ocr_line' id='line_1_40' title="bbox 1606 1522 1645 1544; baseline 0 0"><span class='ocrx_word' id='word_1_298' title='bbox 1606 1522 1645 1544; x_wconf 92' lang='lat'>20</span> 
     </span>
    </p>
   </div>
   <div class='ocr_carea' id='block_1_11' title="bbox 1606 1854 1643 1886">
    <p class='ocr_par' dir='ltr' id='par_1_13' title="bbox 1606 1854 1643 1886">
     <span class='ocr_line' id='line_1_41' title="bbox 1606 1854 1643 1886; baseline 0 0"><span class='ocrx_word' id='word_1_299' title='bbox 1606 1854 1643 1886; x_wconf 87' lang='lat'>²5</span> 
     </span>
    </p>
   </div>
  </div>
 </body>
</html>
