1763 2828
144 1657 237 1714 [89]

873 569 980 607 VIII

465 695 608 736 ΠΕΡΙ
668 695 794 736 ΤΩΝ
856 695 934 734 EN
993 690 1389 737 ΧΕΡΡΟΝΗΣΩΙ

820 826 1038 855 ΎΠΟΘΕΣῙΣ-

316 899 359 937 Ὁ
389 900 503 952 λόγος
532 898 636 940 ουτος
660 900 751 949 ὑπὲρ
775 899 994 939 Διοπείθους
1020 899 1158 948 εἴρηται
1188 896 1247 936 καὶ
1277 897 1324 936 ὧν
1350 899 1484 938 ἐκεῖνος
1509 895 1596 946 παρ’

262 953 471 1004 Ἀθηναίοις
496 955 736 1023 κατηγόρητο.
794 953 840 1003 ἦν
858 955 926 1003 μὲν
945 954 1016 1005 γὰρ
1036 953 1271 1002 Χερρόνησος
1293 953 1317 1001 ἦ
1336 952 1427 1001 πρὸς
1446 951 1596 1019 Θρᾴκην

262 1012 334 1047 τῶν
352 1008 557 1058 Ἀθηναίων
577 1007 682 1058 κτῆμ’
702 1011 864 1059 ἀρχαῖον,
882 1010 930 1048 εἷς
950 1007 988 1045 δὲ
1006 1009 1142 1056 ταύτην
1162 1008 1387 1045 ἀπέστειλαν
1403 1007 1494 1044 κατὰ
1511 1022 1596 1046 τους

263 1065 452 1102 Φιλίππου
473 1064 617 1113 καιροὺς
638 1063 901 1114 κληρούχους“
886 1065 1030 1101 εαυτῶν.
1090 1061 1171 1101 ἔθος
1191 1059 1220 1099 δ’
1243 1060 1289 1110 ἦν
1307 1062 1416 1098 rota-0
1435 1060 1597 1098 παλαιὸν

262 1120 338 1159 τοῖς
366 1117 586 1167 Ἀθηναίοις,
614 1117 699 1156 ὅσοι
725 1118 877 1167 πένητες
904 1116 1002 1166 ἦσαν
1029 1118 1147 1154 αὐτῶν
1173 1115 1231 1153 καὶ
1261 1115 1462 1164 ἀκτήμονες
1491 1115 1594 1159 οἴκοι,

262 1174 414 1213 τούτους
443 1173 600 1222 πέμπειν
629 1172 795 1212 ἐποίκους
824 1173 873 1212 εἷς
905 1173 969 1211 τὰς
999 1171 1065 1216 ἔξω
1096 1171 1225 1210 πόλεις
1252 1170 1315 1209 τὰς
1344 1171 1490 1207 ἑαυτῶν·
1535 1167 1596 1206 καὶ

265 1228 481 1277 ἐλάμβανον
496 1226 726 1276 πεμπόμενοι
745 1227 845 1265 ὅπλα
864 1224 895 1263 τ’
916 1228 954 1263 ἐκ
974 1227 1037 1263 τοῦ
1058 1224 1240 1274 δημοσίου
1258 1223 1316 1261 καὶ
1337 1222 1496 1272 ἐφόδιον.
1537 1223 1596 1260 καὶ

264 1284 327 1320 νῦν
347 1282 467 1320 τοίνυν
486 1297 594 1319 τουτο
613 1281 754 1333 γέγονε,
777 1281 836 1318 καὶ
855 1280 1101 1329 πεπόμφασιν
1122 1279 1289 1318 ἐποίκους
1309 1279 1357 1318 εἷς
1376 1277 1443 1327 τὴν
1462 1278 1597 1327 Χερρό-

266 1353 392 1385 νησον,
423 1335 634 1387 στρατηγὸν
662 1336 783 1375 αὐτοῖς
816 1334 937 1374 δόντες
966 1333 1269 1382 Διοπείθην.οῖ
1297 1333 1365 1381 μὲν
1393 1348 1456 1370 ουν
1485 1332 1597 1369 ἄλλοι

266 1392 536 1440 Χερρονησῖται
558 1389 642 1429 τοὺς
662 1388 883 1430 ἐπελθόντας
903 1387 1070 1434 ἐδέξαντο
1093 1405 1151 1425 και
1171 1386 1376 1436 μετεδωκαν
1396 1386 1518 1426 αὐτοῖς
1538 1386 1597 1423 καὶ

266 1446 387 1482 οἰκιῶν
412 1461 470 1481 και
493 1445 572 1495 γῆς,
595 1443 795 1492 Καρδιανοὶ
819 1441 847 1480 δ’
870 1444 935 1480 οἰκ
960 1442 1138 1487 ἐδέξαντο,
1161 1441 1333 1492 λέγοντες
1361 1440 1453 1478 ἷδιαν
1475 1440 1598 1491 χώραν

267 1500 377 1536 οἰκεῖν
409 1515 468 1536 και
502 1499 567 1535 οἰκ
599 1496 813 1547 Ἀθηναίων.
872 1496 1036 1535 ε’ντεῦθεν
1065 1495 1128 1534 οὖν
1157 1494 1355 1543 Διοπείθης
1385 1496 1599 1544 ἐπολέμησε

268 1551 499 1602 Καρδιανοῖς.
539 1551 573 1589 οἶ
593 1551 631 1590 δὲ
649 1552 749 1601 παρὰ
768 1551 958 1589 Φίλιππον
979 1551 1266 1602 καταφεύγουσι,
1290 1549 1350 1587 καὶ
1369 1548 1407 1589 ὃς
1427 1550 1599 1587 ἐπιστέλ-

267 1609 326 1644 λει
353 1608 429 1646 τοῖς
457 1604 664 1655 Ἀθηναίοις
691 1605 743 1655 μὴ
771 1605 970 1654 βιάζεσθαι
1002 1604 1229 1654 Καρδιανοὺς
1259 1606 1304 1644 ὡς
1332 1605 1428 1654 αὐτῷ
1456 1603 1599 1653 προσή-

269 1677 407 1705 κοντας,
438 1661 540 1698 ἀλλὰ
573 1658 796 1698 δικάσασθαι
828 1660 919 1709 πρὸς
948 1660 1089 1703 αὗτούς,
1118 1660 1150 1697 εἴ
1176 1659 1215 1697 τί
1239 1663 1358 1707 φασιν
1386 1657 1597 1707 ἠδικῆσθαι.

268 1716 315 1755 ὡς
342 1713 372 1752 δ’
397 1715 462 1752 οὐκ
487 1713 621 1763 ἤκουον
638 1715 775 1752 τούτων
799 1716 833 1752 οἱ
857 1714 1058 1763 Ἀθηναῖοι,
1079 1713 1259 1763 βοήθειαν
1277 1715 1354 1753 τοῖς
1381 1712 1601 1762 Καρδιανοῖς

271 1769 442 1819 ἔπεμψεν.
501 1767 560 1816 ἐφ’
583 1767 635 1808 οἷς
658 1769 918 1819 ἀγανακτήσας
942 1769 962 1806 ὁ
983 1768 1194 1817 Διοπείθης,
1214 1770 1279 1806 τοῦ
1305 1768 1495 1806 Φιλίππου
1517 1766 1601 1816 περὶ

268 1823 336 1872 τὴν
354 1822 564 1874 μεσόγειαν,
584 1822 652 1871 τὴν
671 1823 744 1860 ἅνω
763 1823 922 1873 Θρᾴκην,
943 1825 1195 1872 πολεμοῦντος
1217 1823 1308 1871 πρὸς
1327 1822 1392 1860 τὸν
1410 1820 1602 1871 Ὀδρυσῶν

270 1878 448 1926 βασιλέα,
475 1876 542 1925 τὴν
569 1877 753 1926 παράλιον
781 1876 930 1928 Θρᾴκην
958 1878 1121 1927 ὑπήκοον
1149 1876 1266 1915 οὖσαν
1292 1879 1358 1915 τοῦ
1387 1875 1602 1915 Μακεδόνος

272 1930 474 1981 κατέδραμε
503 1931 562 1968 καὶ
591 1930 777 1980 ἐπόρθησε
811 1932 870 1969 καὶ
903 1931 1010 1980 ἔφθη,
1042 1932 1128 1981 πρὶν
1157 1931 1346 1969 Φίλιππον
1375 1929 1601 1974 ἐπανελθεῖν,

273 1986 515 2036 ἀναχωρήσας
532 1986 580 2024 εἷς
593 1985 661 2033 τὴν
674 1985 912 2035 Χερρόνησον
925 1986 984 2023 καὶ
1000 1989 1037 2023 ἐν
1050 1988 1220 2034 ἀσφαλεῖ
1231 1986 1437 2037 γενόμενος.
1477 1984 1603 2033 διόπερ

274 2041 293 2077 ὁ
330 2040 516 2079 Φίλιππος
553 2041 595 2077 οὗ
634 2039 797 2088 δυνηθεὶς
840 2040 969 2080 ὅπλοις
1012 2041 1122 2078 αὑτὸν
1156 2040 1367 2089 ἀμύνασθαι
1404 2040 1603 2088 πέπομφεν

274 2094 478 2142 ἐπιστολὴν
499 2094 590 2143 πρὸς
615 2094 699 2134 τοὺς
724 2092 952 2142 Ἀθηναίους,
978 2097 1189 2146 κατηγορῶν
1211 2097 1277 2132 τοῦ
1303 2095 1516 2145 στρατηγοῦ
1544 2092 1603 2130 καὶ

273 2148 394 2199 λέγων
414 2148 524 2186 αι”τὸν
542 2148 849 2198 παραβεβηκέναι
868 2148 935 2196 τὴν
955 2149 1099 2197 εἰρήνην
1119 2149 1294 2197 ἄντικρυς.
1344 2147 1403 2185 καὶ
1422 2149 1456 2185 οἱ
1476 2148 1604 2195 φιλιπ-

274 2202 439 2248 πίζοντες
457 2205 529 2240 τῶν
548 2202 711 2251 ῥητόρων
731 2203 998 2252 κατατρέχουσι
1020 2205 1084 2240 τοῦ
1106 2202 1335 2247 Διοπείθους,
1357 2202 1416 2239 καὶ
1436 2201 1605 2246 κολάζειν

277 2257 443 2301 ἀξιοῦσιν
476 2257 596 2294 αὐτόν.
664 2257 755 2306 πρὸς
787 2255 847 2295 οὓς
881 2258 900 2293 ὁ
935 2256 1181 2305 Δημοσθένης
1215 2257 1484 2305 ἐναντιούμενος
1518 2255 1606 2305 διχῇ

276 2311 368 2359 ὑπὲρ
401 2313 465 2348 τοῦ
499 2310 715 2350 Διοπείθους
750 2310 906 2348 ἵσταται.
976 2311 1057 2348 οὔτε
1095 2312 1167 2362 γὰρ
1201 2310 1305 2348 ἄδικά
1343 2314 1463 2358 φησιν
1495 2309 1606 2346 αὐτὸν

326 2424 363 2444 12
390 2413 573 2453 ἐπολέμησε
591 2413 641 2445 Y:
670 2413 819 2453 ἐπολέμει
838 2413 926 2452 vulg.
1077 2423 1114 2452 15
1140 2412 1345 2453 δικάσασθαι]
1364 2412 1605 2444 διαδικάσασθαι

279 2458 397 2488 Voem.
419 2456 494 2488 coll.
516 2456 560 2486 vii
579 2466 597 2495 7

1617 1133 1634 1165 5

1620 1403 1658 1426 10

1623 1673 1659 1705 15

1622 1945 1664 1968 20

1625 2215 1664 2246 25
