1763 2828
98 123 200 177 [371]
659 119 1142 157 ΔΗΜΟΣΘΕΝΟΎΣ
1469 114 1552 168 [m

234 225 374 278 ἐχθρὸς
408 226 470 265 καὶ
504 225 765 277 γραμματεύς,
798 225 848 266 ὡς
883 225 980 276 ὑπὲρ
1013 223 1168 276 εἰρήνης
1201 225 1426 275 κρινόμενος
1457 225 1554 265 ἆπο-

233 291 464 345 λογήσεται,
505 291 578 345 οὐχ
615 293 679 333 ἵνα
715 292 910 332 πλειόνων
946 288 970 341 ἢ
1010 295 1219 343 κατηγορεῖ
1253 307 1312 332 τις
1349 291 1464 331 αὐτοῦ
1503 294 1556 346 δῷ

231 360 370 411 λόγον·
405 359 524 409 μανία
549 360 626 410 γὰρ
649 359 762 398 τοῦτό
786 375 844 410 γε·
883 357 976 398 ἀλλ’
1001 359 1073 413 ὁρᾷ
1096 357 1201 397 τοῦθ’
1226 358 1285 397 ὅτι
1312 358 1353 397 ἐν
1377 359 1449 409 μὲν
1473 361 1557 400 τοῖς

231 425 299 478 ὑφ’
330 426 446 465 αὑτοῦ
478 425 770 477 πεπραγμένοις
807 424 957 477 ἀγαθὸν
991 427 1063 475 μὲν
1099 423 1210 464 οὐδέν
1243 425 1368 470 ἐστιν,
1403 424 1556 464 ἅπαντα

231 494 273 533 δὲ
309 492 563 543 τάδικήματα,
602 492 625 542 ἡ
665 492 698 531 δ’
737 493 832 544 ὑπὲρ
870 494 938 541 τῆς
979 491 1134 542 εἰρήνης
1173 491 1381 542 ἀπολογία,
1423 491 1484 530 καὶ
1523 492 1594 540 εἰς,

153 567 200 611 96
228 561 350 609 μηδὲν
374 558 490 604 ἄλλο,
517 558 690 609 τοῦνομα
713 561 807 610 γοῦν
836 558 921 611 ἔχει
953 557 1252 610 φιλάνθρωπον.
1323 556 1372 607 ἣν
1402 557 1556 597 δέδοικα

87 628 197 683 [372]
228 625 313 675 μέν,
341 624 370 665 ὦ
400 625 537 676 ἄνδρες
560 625 776 675 Ἀθηναῖοι,
805 624 972 670 δέδοικα,
1004 625 1057 675 μὴ
1092 623 1319 674 λελήθαμεν
1353 624 1487 675 ὥσπερ
1520 626 1556 664 οἱ

229 692 494 742 δανειζόμενοι
531 692 595 732 ἐπὶ
631 696 770 746 πολλῷ
807 691 982 743 ἄγοντες·
1023 691 1067 731 τὸ
1106 693 1179 743 γὰρ
1219 692 1402 742 ἀσφαλὲς
1439 690 1557 741 αὐτῆς

229 759 290 798 καὶ
323 758 367 798 τὸ
402 757 577 809 βέβαιον
613 757 721 798 οὗτοι
754 758 994 810 προῦδοσαν,
1022 757 1185 800 Φωκέας
1223 757 1284 797 καὶ
1311 758 1462 799 Πύλας·
1511 758 1557 798 οὐ

226 825 304 875 μὴν
343 826 406 865 διὰ
443 825 582 865 τοῦτόν
621 824 657 876 γ’
699 823 745 874 ἐξ
784 825 909 877 ἀρχῆς
951 823 1237 875 ἐποιησάμεθα,
1279 823 1370 864 ἀλλ’
1408 823 1556 864 ἄτοπον
1579 840 1618 862 10

226 891 299 942 μέν
335 893 446 932 ἐστιν
482 890 502 931 ὃ
538 890 674 942 μέλλω
711 890 857 944 λέγειν,
894 892 1039 941 ἀληθὲς
1075 893 1117 931 δὲ
1157 889 1270 931 πάνυ·
1317 891 1349 932 εἰ
1385 890 1461 943 γάρ
1498 907 1555 932 τις

228 958 278 1000 ὡς
315 959 471 1009 ἀληθῶς
506 958 638 1011 χαίρει
671 963 718 1015 τῇ
755 956 901 1014 εἰρήνῃ,
939 961 1021 1000 τοῖς
1060 961 1309 1010 στρατηγοῖς,
1347 957 1401 998 ὧν
1439 973 1553 1007 κατη-

227 1028 413 1077 γοροῦσιν
447 1024 629 1071 ἅπαντες,
665 1024 782 1077 χάριν
816 1025 935 1075 αὐτῆς
968 1023 1106 1078 ἐχέτω·
1152 1025 1186 1065 εἰ
1218 1025 1294 1076 γὰρ
1330 1025 1471 1064 ἐκεῖνοι
1505 1023 1557 1065 ὡς

226 1092 335 1142 ὑμεῖς
377 1091 591 1142 ἐβούλεσθ’
630 1091 862 1143 ἐπολέμουν,
901 1091 980 1132 οὐδ’
1019 1090 1127 1142 ὄνομ’
1167 1089 1323 1142 εἰρήνης
1361 1090 1409 1131 ἂν
1445 1091 1555 1141 ὑμεῖς

152 1173 196 1211 97
226 1157 466 1212 ἠνέσχεσθε.
537 1157 667 1210 εἰρήνη
707 1160 778 1209 μὲν
817 1158 885 1198 οὖν
921 1157 969 1198 δι’
1009 1159 1190 1204 ἐκείνους,
1232 1158 1478 1199 ἐπικίνδυνος
1514 1159 1555 1198 δὲ
1580 1173 1616 1205 15

228 1226 290 1265 καὶ
326 1226 513 1278 σφαλερὰ
550 1226 612 1265 καὶ
646 1224 812 1267 ἄπιστος
844 1227 907 1265 διὰ
940 1225 1099 1266 τούτους
1133 1223 1299 1277 γέγονεν
1335 1223 1552 1276 δωροδοκή-

227 1308 388 1333 σαντας.
459 1291 599 1344 εἴργετ’
624 1291 706 1338 οὖν,
735 1291 876 1344 εἴργετ’
903 1291 1020 1332 αὐτὸν
1053 1295 1130 1332 τῶν
1164 1292 1262 1342 ὑπὲρ
1294 1293 1362 1341 τῆς
1399 1291 1556 1343 εἰρήνης

226 1359 372 1411 λόγων,
396 1359 446 1400 εἰς
474 1360 515 1399 δὲ
540 1358 630 1400 τοὺς
654 1359 751 1410 ὑπὲρ
775 1362 853 1399 τῶν
878 1357 1166 1410 πεπραγμένων
1193 1357 1448 1409 ἐμβιβάζετε.
1511 1357 1555 1397 οὐ

226 1427 300 1478 γὰρ
327 1426 522 1478 Αἰσχίνης
545 1426 642 1477 ὑπὲρ
670 1427 740 1475 τῆς
770 1423 924 1477 εἰρήνης
959 1425 1141 1476 κρίνεται,
1170 1425 1226 1471 οὔ,
1256 1423 1348 1465 ἀλλ’
1375 1425 1398 1475 ἡ
1425 1423 1555 1477 εἰρήνη

226 1491 274 1531 δι’
316 1493 515 1544 Αἰσχίνην
557 1491 835 1543 διαβέβληται.
908 1494 1073 1542 σημεῖον
1116 1491 1171 1531 δέ·
1222 1493 1255 1531 εἰ
1301 1493 1376 1544 γὰρ
1418 1491 1440 1542 ἡ
1483 1493 1557 1542 μὲν
1578 1505 1619 1527 20

228 1557 358 1610 εἰρήνη
396 1559 583 1610 ἐγεγόνει,
622 1560 743 1608 μηδὲν
779 1557 812 1598 δ’
845 1558 1010 1609 ὕστερον
1047 1557 1290 1608 ἐξηπάτησθ’
1325 1559 1433 1608 ὑμεῖς
1467 1557 1555 1608 μηδ’

228 1625 441 1665 ἀπωλώλει
469 1628 547 1664 τῶν
577 1623 798 1677 συμμάχων
829 1626 975 1675 μηδείς,
1003 1624 1075 1665 τίν’
1103 1625 1322 1677 ἀνθρώπων
1355 1623 1557 1674 ἐλύπησεν

227 1690 318 1742 ἆνὴ
344 1690 489 1743 εἰρήνη,
517 1690 590 1742 ἔξω
616 1694 685 1730 τοῦ
708 1689 847 1740 ἄδοξος
872 1693 1133 1743 γεγενῆσθαι,·
1175 1692 1300 1731 καίτοι
1330 1691 1392 1731 καὶ
1417 1691 1557 1730 τούτου

229 1759 428 1799 συναίτιος
453 1757 565 1800 οὗτος
596 1758 793 1798 συνειπὼν
819 1757 1070 1810 Φιλοκράτει.
1145 1757 1236 1798 ἀλλ’
1264 1757 1486 1808 ἀνήκεστόν
1518 1756 1556 1810 γ’

228 1825 339 1865 οὐδὲν
364 1824 411 1865 ἂν
436 1823 483 1875 ἦν
507 1825 685 1877 γεγονός.
746 1828 813 1865 νῦν
834 1824 879 1871 δ’,
902 1824 1020 1875 οἶμαι,
1046 1824 1179 1871 πόλλ’,
1202 1825 1256 1865 ὧν
1283 1826 1406 1866 αἴτιος
1431 1823 1556 1866 οὗτος.
1579 1839 1617 1872 25

152 1895 198 1940 98
287 1891 383 1931 “Orc
417 1893 490 1942 μὲν
526 1893 658 1932 τοίνυν
695 1893 870 1944 αἰσχρῶς
908 1892 968 1931 καὶ
1012 1895 1137 1933 κακῶς
1173 1890 1302 1932 πάντα
1337 1890 1445 1931 ταῦθ’
1481 1891 1558 1930 ὑπὸ

228 1958 376 1998 τούτων
401 1959 589 1999 ἀπόλωλε
614 1959 677 1998 καὶ
703 1958 948 2010 διέφθαρται,
973 1957 1080 2009 οἶμαι
1100 1957 1250 2000 πάντας
1274 1959 1373 2008 ὑμᾶς
1399 1957 1555 1999 εἰδέναι.

229 2026 307 2077 ἐγὼ
333 2025 380 2072 δ’,
407 2023 436 2065 ὦ
461 2025 599 2077 ἄνδρες
625 2026 819 2071 δικασταί,
847 2024 1005 2064 τοσοῦτ’
1027 2024 1163 2078 ἀπέχω
1189 2028 1258 2065 τοῦ
1284 2025 1557 2077 συκοφαντίαν

229 2094 316 2133 τινὰ
341 2095 421 2134 τοῖς
451 2091 660 2145 πράγμασι
690 2092 842 2133 τούτοις
873 2090 1090 2144 προσάγειν
1115 2089 1138 2142 ἦ
1164 2093 1262 2143 ὑμᾶς
1287 2090 1434 2142 ἀξιοῦν,
1462 2089 1556 2130 ὥστ’

279 2212 291 2232 1
318 2205 376 2241 τῆς
393 2208 471 2233 ante
490 2202 615 2244 εἰρήνης
631 2202 706 2233 add.
726 2201 815 2241 vulg.
834 2213 840 2232 z
865 2211 928 2232 om.
950 2201 973 2231 S
991 2201 1082 2232 solus
1208 2212 1225 2240 7
1251 2203 1357 2241 ὥσπερ
1374 2202 1403 2233 οἱ
1419 2200 1557 2241 δανειζό-

232 2260 320 2286 μενοι
338 2247 416 2277 secl.
439 2246 573 2277 Dobree
590 2251 626 2276 ut
644 2246 735 2276 illata
753 2256 796 2275 ex
814 2255 862 2275 or.
882 2246 889 2274 i
912 2255 948 2284 15
1107 2254 1145 2283 13
1170 2246 1266 2283 αὐτῆς
1285 2244 1308 2275 S
1324 2244 1358 2274 F¹
1374 2255 1380 2274 :
1405 2246 1512 2276 αὐτοῖς
1530 2243 1556 2274 L

232 2290 320 2329 vulg.
339 2301 345 2320 :
371 2300 435 2321 om.
455 2290 486 2320 A
580 2290 619 2319 18
644 2288 838 2330 ἐμβιβάζετε
857 2287 893 2318 F¹
911 2300 917 2318 ε
942 2287 1162 2328 συμβιβάζετε
1181 2288 1204 2319 S
1218 2287 1285 2327 LQ
1298 2287 1327 2317 Y
1428 2297 1468 2317 22
1492 2291 1558 2319 τῶν

234 2333 412 2373 συμμάχων
427 2344 492 2364 om.
513 2333 537 2363 S
555 2333 648 2364 szus
794 2342 835 2370 23
859 2333 879 2370 ἡ
898 2332 1003 2373 εἰρήνη
1020 2342 1085 2362 om.
1107 2331 1173 2369 FQ
1321 2340 1361 2369 25
1386 2330 1495 2369 πόλλ’,
1515 2329 1558 2362 ὧν

234 2376 325 2407 Weil
343 2389 348 2407 ι
373 2380 507 2409 πολλῶν
524 2377 619 2407 codd.
699 2378 798 2408 αἴτιος
815 2374 906 2407 οὗτος
925 2376 948 2405 S
960 2375 990 2413 Q
1007 2387 1013 2405 t
1038 2375 1130 2407 οὗτος
1147 2374 1246 2407 αἴτιός
1264 2377 1354 2407 ἐστιν
1370 2373 1401 2404 Α
1416 2388 1422 2406 2
1450 2375 1558 2407 ἄλλων

235 2421 306 2452 ἐστὶ
325 2423 429 2453 κακῶν
447 2422 545 2453 αἴτιος
563 2419 654 2452 οὗτος
672 2419 697 2450 L
715 2419 802 2457 vulg.
