1747 2844
176 140 294 195 xvm]
477 148 617 185 ΠΕΡΙ
665 148 788 186 ΤΟΎ
835 143 1170 186 ΣΤΕΦΑΝΟΎ

174 247 353 305 συνῄδεις
378 250 585 297 ἀδικοῦντι,
614 252 657 291 ἐν
681 251 739 292 οἷς
763 250 796 289 δ’
820 249 1026 302 ἠτύχησαν
1049 251 1085 290 οἱ
1110 248 1241 294 ἄλλοι,
1269 248 1416 299 θρασὺς
1441 246 1495 290 ὣν

172 315 241 368 ὑφ’
277 315 461 357 ἁπάντων
497 315 617 369 ὦψαι.
674 316 813 356 -καίτοι
847 317 958 357 ὅστις
999 316 1142 369 χιλίων
1182 318 1356 356 πολιτῶν
1398 315 1493 356 ἀπο-

172 382 374 424 θανόντων
398 382 603 435 ἐθάρρησε,
627 384 668 423 τί
688 382 801 424 οὗτος
825 385 964 423 παθεῖν
983 381 1059 422 ὑπὸ
1078 385 1156 422 τῶν
1177 382 1330 431 ζώντων
1349 382 1497 423 δίκαιός

173 450 304 496 ἐστιν,·
353 450 485 490 πολλὰ
518 450 648 490 τοίνυν
681 448 779 500 ἕτερ’
811 449 937 489 εἰπεῖν
970 449 1074 501 ἔχων
1103 448 1191 500 περὶ
1223 447 1340 488 αὐτοῦ
1373 465 1495 499 παρα-

134 534 151 565 5
171 516 316 568 λείψω·
354 516 397 556 οὐ
428 517 502 568 γὰρ
532 515 593 555 ὅσ’
620 515 668 556 ἂν
698 512 866 565 δείξαιμι
896 515 1083 567 προσόντ’
1109 516 1258 568 αἰσχρὰ
1286 514 1409 569 τούτῳ
1436 514 1498 555 καὶ

171 583 315 632 ὀνείδη,
351 581 462 622 πάντ’
496 581 604 633 οἶμαι
639 585 720 622 δεῖν
755 582 925 635 εὐχερῶς
958 580 1105 634 λέγειν,
1143 581 1234 622 ἀλλ’
1267 581 1346 621 ὅσα
1375 583 1498 632 μηδὲν

171 645 339 702 αἰσχρόν
366 649 477 689 ἐστιν
502 650 626 689 εἰπεῖν
650 649 750 699 ἐμοί.

239 713 457 764 Ἐξέτασον
482 716 613 756 τοίνυν
638 714 728 767 παρ’
754 713 914 765 ἄλληλα
944 715 992 755 τὰ
1022 715 1086 755 σοὶ
1114 714 1228 766 κάμοὶ
1251 713 1495 766 βεβιωμένα,

171 780 315 833 πράως,
349 781 401 832 μὴ
435 785 592 834 πικρῶς,
628 782 815 835 Αἰσχίνη·
865 781 934 821 εἶτ’
974 782 1175 833 ἐρώτησον
1210 781 1393 821 τουτουσὶ
1428 780 1499 831 τὴν

114 864 152 886 10
171 847 338 900 ποτέρου
362 849 485 902 τύχην
511 848 559 889 ἂν
585 848 708 889 ἕλοιθ’
735 848 902 890 ἕκαστος
931 848 1071 889 αὐτῶν.
1144 849 1347 896 ἐδίδασκες
1372 846 1495 900 γράμ-

170 932 285 965 ματα,
315 916 392 967 ἐγὼ
417 915 450 956 δ’
472 917 655 968 ἐφοίτων.
716 914 877 962 ἐτέλεις,
906 915 983 968 ἐγὼ
1009 915 1040 955 δ’
1068 915 1292 965 ἐτελούμην.
1352 916 1495 966 ἐγραμ-

171 980 346 1032 μάτευες,
397 983 475 1034 ἐγὼ
528 982 562 1022 δ’
604 982 884 1033 ἠκκλησίαζον.
935 983 1289 1034 ἐτριταγωνίστεις,
1340 981 1417 1033 ἐγὼ
1464 980 1498 1020 δ’

171 1048 374 1100 ἐθεώρουν.
436 1048 654 1099 ἐξέπιπτες,
683 1049 761 1101 ἐγὼ
787 1048 819 1089 δ’
846 1048 1062 1101 ἐσύριττον.
1124 1049 1220 1099 ὑπὲρ
1244 1052 1321 1088 τῶν
1347 1049 1499 1100 ἐχθρῶν

172 1116 458 1156 πεπολίτευσαι
484 1115 624 1162 πάντα,
654 1116 731 1168 ἐγὼ
757 1115 789 1155 δ’
808 1116 904 1166 ὑπὲρ
928 1117 997 1165 τῆς
1020 1115 1218 1167 πατρίδος.
1279 1116 1328 1155 ἐῶ
1353 1114 1496 1160 τᾶλλα,

114 1197 150 1228 15
172 1181 278 1221 ἀλλὰ
304 1182 388 1222 νυνὶ
414 1180 582 1235 τήμερον
603 1182 680 1234 ἐγὼ
704 1184 776 1233 μὲν
800 1183 897 1233 ὑπὲρ
920 1185 987 1222 τοῦ
1012 1182 1318 1234 στεφανωθῆναι
1342 1180 1498 1231 δοκιμά-

173 1247 297 1298 ζομαι,
320 1247 364 1288 τὸ
390 1250 431 1289 δὲ
454 1248 543 1300 μηδ’
565 1249 692 1290 ὁτιοῦν
712 1249 860 1289 ἀδικεῖν
879 1249 1200 1301 ἀνωμολόγημαι,
1223 1248 1288 1289 σοὶ
1313 1249 1354 1288 δὲ
1381 1264 1496 1288 συκο-

172 1312 303 1370 φάντῃ
336 1317 410 1365 μὲν
441 1315 540 1356 εῖναι
573 1317 703 1356 δοκεῖν
731 1314 911 1369 ὑπάρχει,
944 1314 1177 1356 κινδυνεύεις
1207 1313 1239 1354 δ’
1264 1315 1342 1355 ε’ίτε
1371 1316 1432 1354 δεῖ
1459 1313 1498 1354 σ’

171 1380 228 1421 ἔτι
263 1384 375 1421 τοῦτο
408 1385 547 1428 ποιεῖν,
584 1382 653 1422 εἴτ’
684 1382 756 1433 ἤδη
791 1384 1015 1422 πεπαῦσθαι
1049 1380 1101 1432 μὴ
1137 1381 1419 1431 μεταλαβόντα
1454 1379 1499 1420 τὸ

172 1446 351 1498 πέμπτον
385 1447 502 1501 μέρος
534 1452 612 1489 τῶν
644 1447 809 1501 ψήφων.
881 1449 1010 1505 ἀγαθῇ
1043 1447 1091 1500 γ’,
1129 1448 1203 1501 οὐχ
1239 1448 1349 1502 ὁρᾷς,·
1398 1447 1498 1503 τύχῃ

112 1529 151 1552 20
172 1515 463 1566 συμβεβιωκὼς
487 1518 554 1566 τῆς
581 1516 674 1567 ἐμῆς
701 1518 943 1567 κατηγορεῖς.

237 1580 340 1633 Φέρε
367 1581 411 1633 δὴ
439 1582 500 1623 καὶ
525 1583 594 1625 τὰς
613 1586 691 1623 τῶν
710 1586 955 1639 λῃτουργιῶν
973 1582 1185 1633 μαρτυρίας
1209 1581 1264 1621 ῶν
1282 1580 1496 1636 λελῃτούρ-

170 1664 272 1699 γηκα
301 1650 390 1699 ὑμῖν
422 1649 592 1702 ἀναγνῶ.
665 1648 754 1701 παρ’
780 1648 826 1691 ἃς
856 1647 1136 1701 παρανάγνωθι
1166 1647 1228 1688 καὶ
1259 1647 1311 1688 σύ
1338 1664 1405 1698 μοι
1430 1648 1498 1689 τὰς

168 1713 302 1766 ῥήσεις
328 1716 372 1758 ἃς
398 1717 620 1767 ἐλυμαίνου,

369 1816 449 1867 ἥκω
476 1821 623 1870 νεκρῶν
648 1820 851 1869 κευθμῶνα
877 1816 938 1857 καὶ
964 1816 1107 1856 σκότου
1133 1814 1260 1857 πύλας

112 1893 149 1926 25
171 1881 233 1921 καὶ

372 1953 631 2002 κακαγγελεῖν
655 1952 728 2001 μὲν
752 1952 838 1992 ’ίσθι
862 1948 914 2001 μὴ
940 1949 1109 1991 θέλοντά
1133 1966 1194 2000 με,

172 2048 234 2088 καὶ
265 2048 409 2090 ’κακὸν
444 2054 567 2092 κακῶς
602 2050 676 2092 σε’
710 2050 888 2102 μάλιστα
923 2053 995 2102 μὲν
1028 2052 1064 2092 οἱ
1101 2050 1195 2096 θεοί,
1234 2046 1356 2089 ἔπειθ’
1391 2046 1497 2087 οὗτοι

217 2170 250 2190 11
293 2164 370 2199 post
402 2160 580 2199 ἐτελούμην
611 2161 685 2191 add.
714 2160 875 2202 ἐχόρευες,
910 2162 974 2201 ἐγὼ
1006 2160 1033 2192 δ’
1067 2159 1247 2200 ἐχορήγουν
1278 2157 1392 2195 vulg.:
1430 2166 1493 2186 om.

172 2203 247 2233 SL1
272 2204 425 2234 rhetores
602 2214 643 2234 20
667 2205 706 2236 ὡς
731 2204 855 2244 φαύλης
880 2208 956 2243 post
981 2206 1057 2243 ἐμῆς
1081 2204 1155 2233 add.
1182 2202 1294 2239 vulg.:
1330 2210 1394 2230 om.
1421 2198 1497 2229 SL¹

170 2246 233 2277 soli
417 2257 456 2277 22
494 2247 564 2288 παρ’
590 2247 625 2279 ἃς
651 2247 674 2278 S
688 2246 791 2286 LlQ:
826 2247 929 2279 πάσας
952 2248 1038 2285 vulg.
1175 2250 1251 2284 post
1276 2242 1496 2285 παρανάγνωθι

170 2291 247 2321 add.
267 2291 304 2328 δὴ
322 2290 396 2321 ΑΟ
412 2291 458 2322 Β;
499 2290 525 2322 δ’
558 2291 632 2329 ἡμῖν
663 2290 771 2329 vulg.:
810 2301 873 2321 om.
912 2290 1054 2328 SLFQ
1207 2299 1247 2326 24
1288 2289 1404 2327 νεκρῶν
1436 2285 1496 2317 5¹:

170 2335 272 2365 λιπὼν
302 2334 327 2364 L
355 2334 467 2373 vulg.:
505 2335 620 2366 λοιπὸν
646 2333 743 2365 Vind.
777 2344 789 2363 1
969 2336 1010 2364 26
1048 2334 1266 2373 κακαγγελεῖν
1295 2330 1384 2361 ΒΥ;
1425 2328 1495 2361 κάκ’

171 2377 326 2417 ἀγγελεῖν
365 2378 476 2416 vulg.:
524 2377 593 2409 κακ’
626 2377 805 2419 ἀγγέλλειν
837 2377 903 2408 SA
935 2387 1045 2408 corn:
1092 2375 1334 2416 κακαγγέλλειν
1374 2372 1492 2411 LAQ‚

171 2420 210 2450 cf.
236 2425 252 2458 ξ
277 2429 352 2460 323,
377 2420 436 2451 xix
460 2430 511 2460 59,
540 2430 604 2459 209

1525 143 1630 199 [314]

1526 320 1595 363 264

1529 514 1632 569 [315]

1529 719 1593 765 265

1530 1116 1597 1150 266

1530 1582 1596 1625 267
