1763 2828
91 127 204 180 [423]

135 441 202 484 258

88 701 203 755 [424]

134 849 201 884 259

667 125 1145 162 ΔΙ-ΙΜΟΣΘΕΝΟΎΣ
1472 121 1558 175 {x1x

234 234 286 283 τῷ
326 229 432 283 δήμῳ
470 231 627 281 γραφὰς
665 229 849 269 ἀποίσειν
887 228 948 268 καὶ
984 228 1128 269 τοιαῦτ’
1163 228 1331 279 ἠπείλει.
1403 230 1466 269 ἵνα
1504 230 1559 275 τί,·

233 296 281 336 ἵν’
317 297 367 338 ὡς
402 298 507 346 μετὰ
536 296 728 345 πλείστης
765 296 1000 347 συγγνώμης
1033 295 1122 345 παρ’
1151 296 1259 345 ὑμῶν
1292 296 1312 333 ὁ
1343 297 1391 335 τὰ
1423 296 1561 336 τούτου

234 362 493 414 πονηρεύματ’
535 362 792 414 ἀκριβέστατ’
830 363 940 403 εἰδὼς
981 362 1059 412 ἐγὼ
1104 362 1165 401 καὶ
1207 363 1561 413 παρηκολουθηκὼς

235 429 360 470 ἅπασι
391 432 604 480 κατηγορῶ.
679 430 785 469 ἀλλὰ
816 429 877 468 καὶ
908 428 1207 479 διακρουόμενος
1238 427 1369 469 πάντα
1397 428 1464 468 τὸν
1493 428 1558 479 ἔμ-

236 499 409 548 προσθεν
442 496 589 548 χρόνον
623 497 821 536 εἰσελθεῖν
856 496 910 537 εἰς
945 498 1121 535 τοιοῦτον
1151 496 1320 544 ὑπηκται
1353 494 1486 547 καιρὸν
1518 496 1561 536 ἐν

235 561 264 618 ᾡ
292 567 369 603 τῶν
399 562 590 603 ἐπιόντων
620 562 746 608 ἕνεκα,
782 563 815 602 εἰ
841 561 1006 612 μηδενὸς
1035 561 1173 607 ἄλλου,
1206 561 1279 614 οὐχ
1309 561 1392 601 οἶόν
1420 561 1453 601 τ’
1482 561 1561 602 οὐδ’

236 630 420 682 ἀσφαλὲς
444 630 533 679 ὑμῖν
558 629 899 680 δεδωροδοκηκότα
922 631 1061 668 τοῦτον
1082 629 1211 682 ἀθῷον
1237 629 1366 668 ἐᾶσαι·
1405 628 1466 668 ἀεὶ
1490 630 1562 678 μὲν

236 695 322 747 γάρ,
350 694 379 735 ὦ
405 694 541 746 ἄνδρες
562 694 778 745 Ἀθηναῖοι,
806 693 998 746 προσήκει
1021 697 1153 745 μισεῖν
1180 694 1241 734 καὶ
1268 693 1448 744 κολάζειν
1473 694 1561 736 τοὺς

235 762 427 814 προδότας
454 760 516 801 καὶ
546 761 799 813 δωροδόκους,
826 760 1004 811 μάλιστα
1033 763 1074 801 δὲ
1105 764 1172 801 νῦν
1197 761 1262 801 ἐπὶ
1292 763 1424 813 καιροῦ
1449 764 1561 801 τοῦτο

234 828 377 880 γένοιτ’
397 827 445 868 ἂν
466 828 528 868 καὶ
547 826 696 869 πάντας
717 825 970 880 ὠφελήσειεν
990 827 1217 878 ἀνθρώπους
1239 833 1359 883 κοινῇ.
1407 827 1562 878 νόσημα

233 894 319 947 γάρ,
341 893 370 935 ὦ
391 894 528 946 ἄνδρες
547 894 762 944 Ἀθηναῖοι,
786 893 914 934 δεινὸν
935 892 1190 944 ἐμπέπτωκεν
1210 894 1265 935 εἰς
1284 893 1352 943 τὴν
1367 892 1558 940 Ἑλλάδα,

234 962 294 1002 καὶ
324 960 504 1014 χαλεπὸν
531 961 593 1002 καὶ
617 962 772 1011 πολλῆς
798 959 901 1002 τινὸς
933 959 1114 1013 εὐτυχίας
1145 959 1206 1000 καὶ
1232 959 1321 1011 παρ’
1345 960 1452 1010 ὑμῶν
1476 961 1560 1000 ἐπι-

231 1028 391 1078 μελείας
415 1028 613 1079 δεόμενον.
674 1029 710 1068 οἱ
735 1028 811 1078 γὰρ
831 1028 874 1067 ἐν
899 1030 983 1068 ταῖς
1010 1027 1157 1067 πόλεσι
1180 1025 1474 1078 γνωριμώτατοι
1499 1026 1562 1067 καὶ

232 1093 472 1146 προεστάναι
500 1098 579 1134 τῶν
611 1098 751 1134 κοινῶν
784 1092 1020 1144 ἀξιούμενοι,
1054 1093 1125 1143 τὴν
1156 1093 1283 1133 αὐτῶν
1311 1093 1561 1145 προδιδόντες

232 1161 458 1213 ἐλευθερίαν
492 1162 528 1201 οἱ
557 1163 777 1214 δυστυχεῖς,
809 1160 1039 1211 αὐθαίρετον
1072 1160 1202 1201 αὐτοῖς
1232 1158 1446 1211 ἐπάγονται
1474 1161 1560 1200 δου-

230 1227 355 1274 λείαν,
383 1228 570 1281 Φιλίππῳ
595 1226 726 1277 ξενίαν
752 1227 815 1267 καὶ
841 1227 1014 1278 ἑταιρίαν
1040 1223 1118 1277 [καὶ
1145 1223 1301 1278 φιλίαν]
1327 1226 1389 1266 καὶ
1413 1225 1560 1265 τοιαῦθ’

230 1294 560 1346 ὑποκοριζόμενοι·
598 1295 634 1334 οἱ
660 1296 701 1334 δὲ
726 1293 861 1334 λοιποὶ
888 1294 949 1334 καὶ
974 1294 1023 1332 τὰ
1054 1293 1149 1344 κύρι’
1176 1291 1274 1332 ἅττα
1299 1292 1383 1333 ποτ’
1410 1291 1492 1332 ἔστ’
1517 1293 1560 1332 ἐν

230 1359 377 1416 ἑκάστῃ
397 1364 474 1401 τῶν
494 1361 662 1406 πόλεων,
684 1360 750 1402 οὓς
774 1360 852 1400 ἔδει
872 1360 1031 1402 τούτους
1053 1359 1233 1409 κολάζειν
1254 1360 1317 1400 καὶ
1337 1358 1559 1412 παραχρῆμ’

229 1427 517 1472 ἀποκτιννύναι,
545 1426 699 1466 τοσοῦτ’
725 1426 922 1480 ἀπέχουσι
948 1430 1015 1466 τοῦ
1040 1427 1215 1467 τοιοῦτόν
1241 1443 1278 1466 τι
1304 1429 1430 1467 ποιεῖν
1455 1426 1560 1466 ὥστε

229 1492 467 1543 θαυμάζουσι
506 1494 568 1534 καὶ
608 1494 771 1543 ζηλοῦσι
812 1494 873 1533 καὶ
911 1493 1115 1544 βούλοιντ’
1152 1493 1200 1533 ἂν
1237 1493 1352 1536 αὐτὸς
1391 1493 1558 1534 ἕκαστος

228 1563 403 1601 τοιοῦτος
441 1559 551 1600 εἶναι.
624 1561 749 1600 καίτοι
786 1563 900 1599 τοῦτο
937 1560 982 1599 τὸ
1018 1563 1178 1612 πρᾶγμα
1218 1560 1279 1600 καὶ
1315 1562 1363 1599 τὰ
1398 1563 1558 1600 τοιαῦτα

230 1626 437 1676 ζηλώματα
469 1629 686 1666 Θετταλῶν
721 1626 805 1676 μέν,
842 1625 871 1665 ὦ
909 1625 1045 1677 ἄνδρες
1080 1626 1293 1676 Ἀθηναῖοι,
1333 1626 1450 1679 μέχρι
1484 1629 1557 1677 μὲν

227 1694 322 1744 χθὲς
346 1689 368 1741 ἢ
395 1692 527 1744 πρώην
552 1692 622 1742 τὴν
646 1693 861 1744 ἡγεμονίαν
895 1693 956 1732 καὶ
986 1693 1031 1733 τὸ
1065 1693 1196 1733 κοινὸν
1222 1692 1359 1744 ἀξίωμ’
1387 1694 1554 1733 ἀπωλω-

227 1757 346 1804 λέκει,
378 1762 447 1799 νῦν
477 1758 509 1799 δ’
533 1758 604 1809 ἤδη
635 1760 697 1799 καὶ
727 1758 798 1809 τὴν
829 1761 1056 1811 ἐλευθερίαν
1089 1763 1345 1811 παραιρεῖται·
1383 1762 1452 1802 τὰς
1481 1762 1557 1812 γὰρ

228 1825 462 1877 ἀκροπόλεις
491 1824 617 1865 αὐτῶν
647 1827 762 1866 ἐνίων
792 1827 1019 1868 Μακεδόνες
1047 1830 1302 1879 φρουροῦσιν·
1341 1828 1395 1868 εἰς
1422 1830 1554 1867 Πελο-

227 1892 426 1942 πόννησον
456 1891 488 1931 δ’
518 1892 701 1933 εἰσελθὸν
731 1895 801 1935 τὰς
833 1895 875 1934 ἐν
895 1892 1036 1933 ”Ηλιδι
1067 1895 1230 1945 σφαγὰς
1260 1895 1461 1944 πεποίηκε,
1493 1893 1556 1934 καὶ

226 1958 420 2009 τοσαύτης
446 1960 657 2010 παρανοίας
684 1959 746 2000 καὶ
771 1962 911 2011 μανίας
944 1959 1144 2010 ἐνέπλησε
1169 1960 1258 2002 τοὺς
1283 1960 1556 2011 ταλαιπώρους

272 2070 285 2089 1
312 2060 439 2098 ἠπείλει
459 2060 484 2090 L
500 2060 588 2099 vulg.
604 2072 611 2092 :
639 2062 784 2094 ἀπειλεῖν
803 2060 839 2092 S¹
855 2072 860 2090 τ
886 2062 1015 2093 ἀπειλεῖ
1031 2060 1054 2090 S
1072 2071 1156 2091 corr.
1255 2062 1307 2093 ἵνα
1322 2062 1366 2100 τί;
1391 2062 1457 2093 SY
1472 2074 1479 2093 :
1504 2063 1555 2095 διὰ

225 2103 268 2140 τί,·
287 2103 312 2133 L
330 2103 416 2142 vulg.
507 2114 527 2143 3
553 2105 689 2144 ἀκριβῶς
706 2104 737 2134 Α
751 2105 776 2134 Ρ
879 2115 900 2143 9
924 2104 1081 2144 προδότας
1099 2105 1150 2136 καὶ
1169 2114 1232 2134 om.
1253 2103 1285 2135 A
1377 2116 1416 2136 10
1440 2107 1553 2147 ἀνθρώ-

226 2159 300 2179 πους
318 2157 382 2178 om.
401 2147 433 2177 A
579 2158 614 2178 11
642 2147 761 2187 δεινὸν]
781 2147 906 2186 νόσημα
922 2148 1024 2179 δεινὸν
1041 2146 1065 2177 S
1078 2160 1128 2188 γρ.
1145 2147 1170 2177 L
1186 2160 1235 2188 γρ.
1381 2150 1420 2179 16
1443 2150 1552 2182 Φιλίπ·

224 2203 271 2230 πῳ
300 2190 324 2222 S
337 2190 363 2221 L
391 2191 479 2230 vulg.
495 2201 501 2221 :
541 2191 697 2223 Φιλίππου
729 2190 772 2229 A,
803 2190 944 2221 Photius
977 2195 1011 2220 et
1042 2190 1167 2221 Suidas
1197 2201 1224 2221 s.
1238 2201 1268 2221 v.
1298 2192 1552 2233 ὑποκοριζόμενοι

224 2235 274 2265 καὶ
289 2234 400 2274 φιλίαν
411 2233 538 2265 Weilio
556 2238 714 2274 suspecta
728 2248 734 2265 :
762 2244 825 2264 om.
842 2233 982 2264 Photius
998 2239 1031 2264 et
1044 2233 1166 2264 Suidas
1180 2245 1186 2264 :
1211 2235 1244 2264 in
1254 2233 1331 2265 aliis
1344 2236 1440 2266 codd.
1454 2236 1553 2266 aliter

224 2277 386 2308 collocata
529 2278 571 2310 τὰ
587 2283 668 2308 ante
685 2278 804 2309 τοιαῦθ’
822 2287 885 2308 om.
908 2277 931 2307 S
945 2277 970 2307 L
987 2277 1076 2315 vulg.
1095 2287 1102 2307 :
1126 2277 1203 2308 add.
1222 2277 1262 2311 A.
1283 2278 1386 2309 schol.
1408 2279 1551 2311 Photius

226 2321 349 2352 Suidas
477 2322 514 2352 18
537 2321 669 2353 τούτους
686 2320 765 2352 secl.
786 2320 1003 2351 Herwerden
1131 2331 1174 2352 20
1197 2320 1362 2357 βούλοιντ’
1380 2321 1404 2353 S
1418 2321 1443 2352 L
1455 2322 1526 2353 ΥΟ
1543 2334 1550 2353 :

225 2364 370 2400 βούλοιτ’
388 2364 477 2403 vulg.
583 2374 623 2403 23
647 2365 667 2402 ἢ
685 2364 708 2395 S
721 2364 748 2394 L
765 2373 847 2394 corr.
869 2363 900 2393 Y
914 2363 939 2393 P
955 2375 961 2393 :
986 2364 1036 2395 καὶ
1054 2364 1142 2402 vulg.
1248 2374 1289 2402 27
1314 2366 1481 2405 παρανοίας
1498 2367 1549 2398 καὶ

224 2408 336 2446 μανίας
355 2408 378 2438 S
392 2408 418 2438 L
435 2408 538 2446 vulg:
577 2407 688 2446 μανίας
706 2408 756 2438 καὶ
774 2407 943 2447 παρανοίας
960 2406 990 2436 Α
1007 2417 1013 2436 :
1053 2407 1245 2447 παρανομίας
1262 2408 1313 2439 καὶ
1329 2408 1440 2447 μανίας
1459 2408 1526 2440 FO
1542 2419 1548 2438 :

225 2451 384 2491 παροινίας
402 2451 453 2482 καὶ
469 2450 581 2490 μανίας
599 2449 703 2481 Bekk.
723 2449 851 2480 Anecd.

1585 844 1623 868 10

1584 1176 1621 1208 15

1580 1508 1620 1531 20

1579 1840 1616 1873 ²5
