1731 2844
175 135 267 190 xm]
548 140 690 178 ΠΕΡΙ
741 139 1119 179 ΣΎΝΤΑΞΕΩΣ
1518 143 1613 199 [171]

170 245 269 295 μετὰ
296 243 443 284 τούτων
474 247 702 296 κρατοῦντες
734 243 822 284 τοὺς
850 242 1016 295 ἐχθροὺς
1049 244 1111 283 καὶ
1143 244 1393 296 ψηφίζεσθαι
1426 246 1488 285 καὶ

170 309 262 350 ἄλλ’
298 310 320 348 ὅ
359 326 395 349 τι
430 308 478 350 ἂν
512 310 717 361 βούλησθε
753 312 877 350 ποιεῖν
911 309 1001 359 ὑμῖν
1037 307 1222 358 ἐξουσίαν
1259 310 1320 349 καὶ
1356 310 1488 351 ἄδειαν

170 375 531 428 παρασκευάσουσι·
581 379 641 416 δεῖ
666 377 741 427 γὰρ
770 376 812 415 ἐν
836 376 908 425 μὲν
933 378 1014 416 τοῖς
1044 375 1183 418 ὅπλοις
1206 377 1418 429 φοβερούς,
1446 378 1488 417 ἐν

170 445 211 483 δὲ
235 447 316 484 τοῖς
341 443 605 494 δικαστηρίοις
630 441 932 494 φιλανθρώπους
958 440 1069 481 εἶναι.

131 526 148 556 5
238 510 286 549 Εἰ
322 508 364 548 δέ
398 525 450 562 τῳ
487 511 585 547 δοκῶ
620 508 773 558 μείζους
805 504 828 556 ἦ
863 507 945 547 κατ’
974 507 1140 557 ἐμαυτὸν
1168 507 1303 560 λέγειν
1330 509 1486 560 λόγους,
1522 515 1564 549 18

168 574 261 614 αὐτὸ
302 574 403 613 τοῦτ’
440 575 562 626 ὀρθῶς
603 573 728 614 αὐτῶν
770 573 864 625 ἔχει·
912 573 979 613 τὸν
1015 575 1089 626 γὰρ
1124 575 1220 626 ὑπὲρ
1257 575 1490 625 τηλικαύτης

166 642 321 682 πόλεως
343 640 614 692 ῥηθησόμενον
637 640 762 692 λόγον
787 639 849 679 καὶ
873 639 1058 680 τοιούτων
1083 640 1321 692 πραγμάτων
1346 640 1490 682 παντὸς

167 706 254 748 ἑνὸς
279 710 347 746 τοῦ
363 705 552 758 λέγοντος
577 706 636 746 ἀεὶ
661 706 778 757 μείζω
800 707 1014 758 φαίνεσθαι
1032 709 1101 752 δεῖ,
1125 706 1186 746 καὶ
1205 709 1273 757 τῆς
1293 706 1403 757 ἀξίας
1422 709 1490 757 τῆς

164 772 351 824 ὑμετέρας
384 771 501 824 ἐγγὺς
534 771 645 818 εῖναι,
671 772 722 823 μὴ
756 775 825 823 τῆς
856 775 925 812 τοῦ
953 772 1153 824 λέγοντος.
1223 774 1282 813 ὅτι
1308 772 1340 813 δ’
1364 772 1490 815 οὐδεὶς

109 856 147 878 10
165 842 242 879 τῶν
265 838 333 891 ὑφ’
357 840 463 890 ὑμῶν
492 838 720 890 τιμωμένων
749 842 870 879 ταῦτα
901 838 1023 890 λέγει,
1054 841 1123 881 τὰς
1155 839 1379 892 προφάσεις
1411 840 1489 892 ἐγὼ

164 904 323 955 διέξειμ’
342 905 445 955 ὑμῖν.
501 907 537 945 οἱ
555 907 627 956 μὲν
646 904 743 956 πρὸς
765 906 1021 957 ἀρχαιρεσίας
1041 906 1103 946 καὶ
1127 905 1269 955 ταύτην
1288 905 1358 955 τὴν
1377 905 1488 956 τάξιν
1522 921 1565 957 19

165 971 397 1023 προσιόντες
422 973 555 1011 δοῦλοι
572 973 642 1022 τῆς
666 971 730 1012 ἐπὶ
749 975 801 1025 τῷ
821 974 1136 1024 χειροτονεῖσθαι
1154 971 1314 1024 χάριτος
1333 971 1485 1024 περιέρ-

164 1054 314 1090 χονται,
333 1039 568 1087 τελεσθῆναι
585 1037 807 1089 στρατηγὸς
823 1037 987 1079 ἕκαστος
1003 1036 1246 1087 σπουδάζων,
1265 1037 1332 1078 οὐκ
1348 1037 1488 1090 ἀνδρὸς

164 1103 280 1155 ἔργον
301 1102 411 1144 οὐδὲν
430 1102 585 1155 πρᾶξαι.
647 1105 680 1144 εἰ
706 1103 747 1144 δέ
770 1119 828 1145 τις
849 1103 910 1143 καὶ
929 1104 1102 1145 τοιοῦτός
1121 1105 1231 1145 ἐστιν
1250 1105 1331 1145 οἶος
1356 1105 1485 1158 ἐγχει-

106 1184 142 1217 15
162 1173 245 1220 ρεῖν
265 1169 364 1224 ἔργῳ
383 1185 450 1224 τῳ,
472 1173 540 1210 νῦν
559 1172 632 1221 μὲν
649 1169 802 1221 ἡγεῖται
820 1169 891 1219 τὴν
906 1172 974 1220 τῆς
994 1170 1145 1212 πόλεως
1163 1169 1282 1221 δόξαν
1302 1170 1486 1223 ἀφορμὴν

162 1236 268 1289 ἔχων
301 1236 362 1276 καὶ
396 1236 578 1286 τοῦνομα,
611 1238 679 1286 τῆς
709 1240 786 1276 τῶν
820 1236 1164 1287 ἐναντιωσομένων
1195 1237 1355 1289 ἐρημίας
1387 1237 1483 1277 ἀπο-

160 1302 306 1349 λαύων,
334 1304 402 1344 τὰς
438 1303 601 1344 ἐλπίδας
629 1303 718 1353 ὑμῖν
747 1302 976 1348 ὑποτείνων,
1003 1302 1105 1342 ἄλλο
1135 1302 1168 1343 δ’
1193 1303 1280 1343 οὐδὲ
1306 1303 1361 1349 ἕν,
1389 1308 1482 1353 κλη-

159 1368 397 1421 ρονομήσειν
426 1368 540 1411 αὐτὸς
570 1372 647 1409 τῶν
676 1367 870 1420 ὑμετέρων
899 1369 1070 1420 ἀγαθῶν,
1097 1369 1193 1421 ὅπερ
1223 1370 1348 1415 ἐστίν,
1374 1369 1422 1410 ἂν
1450 1369 1483 1409 δ’

159 1436 267 1486 ὑμεῖς
292 1435 340 1475 δι’
365 1436 472 1486 ὑμῶν
496 1435 622 1475 αὐτῶν
647 1435 797 1475 ἕκαστα
820 1434 1027 1487 πράττητε,
1053 1435 1097 1474 τὸ
1121 1436 1211 1475 ἴσον
1235 1439 1317 1477 τοῖς
1346 1434 1485 1478 ἄλλοις

102 1518 141 1539 20
160 1502 294 1554 ὥσπερ
319 1505 396 1542 τῶν
414 1501 539 1554 ἔργων
559 1501 699 1548 αὐτῶν,
720 1502 820 1541 οὕτω
845 1502 907 1542 καὶ
931 1504 1009 1542 τῶν
1033 1503 1076 1542 ἐκ
1100 1502 1247 1542 τούτων
1272 1499 1387 1551 ἕξειν.
1448 1504 1484 1543 οἱ
1515 1516 1559 1540 20

160 1570 202 1608 δὲ
218 1568 516 1619 πολιτευόμενοι
537 1568 598 1608 καὶ
613 1569 701 1620 περὶ
716 1566 821 1607 ταῦτ’
837 1568 958 1614 ὄντες,
975 1567 1021 1607 τὸ
1038 1570 1087 1608 τὰ
1105 1567 1304 1619 βέλτιστα
1319 1573 1484 1609 σκοπεῖν

159 1635 248 1685 ὑμῖν
273 1633 453 1687 ἀφέντες,
481 1633 839 1688 προσκεχωρήκασι
867 1633 964 1686 πρὸς
994 1634 1165 1676 τούτους·
1203 1635 1265 1675 καὶ
1294 1636 1483 1687 πρότερον
1514 1634 1615 1689 [172]

158 1703 230 1751 μὲν
263 1702 359 1741 κατὰ
391 1702 609 1753 συμμορίας
643 1700 882 1753 εἰσεφέρετε,
909 1701 993 1742 νυνὶ
1025 1703 1067 1742 δὲ
1099 1700 1357 1742 πολιτεύεσθε
1386 1703 1483 1741 κατὰ

160 1768 389 1819 συμμορίας.
448 1766 575 1819 ῥήτωρ
600 1767 756 1819 ἡγεμὼν
781 1768 844 1808 καὶ
870 1767 1090 1820 στρατηγὸς
1113 1767 1189 1808 ὑπὸ
1212 1767 1334 1822 τούτῳ
1361 1768 1422 1808 καὶ
1447 1769 1482 1808 οἱ

101 1847 138 1879 25
158 1833 402 1884 βοησόμενοι
425 1833 510 1884 μεθ’
530 1832 723 1885 ἑκατέρων
741 1834 972 1885 τριακόσιοι·
1011 1836 1047 1874 οἱ
1071 1833 1104 1875 δ’
1123 1833 1241 1874 ἄλλοι
1265 1833 1479 1886 προσνενέ-

158 1902 287 1950 μησθε
312 1901 346 1940 οἱ
371 1901 442 1951 μὲν
467 1900 517 1941 ὡς
541 1900 713 1947 τούτους,
736 1902 772 1941 οἱ
798 1899 831 1940 δ’
852 1900 902 1942 ὡς
928 1901 1111 1942 ἐκείνους.
1166 1903 1373 1952 τοιγαροῦν
1391 1901 1480 1950 ὑμῖν

201 2019 221 2038 2
255 2010 293 2040 ἂν
320 2008 483 2047 βούλησθε
512 2008 556 2039 S:
593 2008 754 2046 βούλεσθε
781 2013 858 2039 cett.
1037 2019 1056 2048 3
1088 2009 1365 2051 παρασκευάσουσι
1392 2008 1479 2039 SA:

158 2051 451 2093 παρασκευάζουσιν
467 2051 554 2090 vulg.
675 2053 696 2082 6
720 2053 824 2084 αὐτῶν
842 2051 911 2093 ἔχει
930 2053 953 2083 S
971 2053 1065 2084 solus
1080 2064 1087 2083 :
1113 2053 1202 2094 ἔχειν
1221 2053 1306 2093 (ἔχει
1324 2051 1376 2091 1⁷¹)
1395 2054 1479 2093 αὐτῷ

158 2097 240 2126 δοκῶ
256 2094 345 2133 vulg.
478 2105 517 2125 10
540 2098 643 2127 ταῦτα
657 2094 770 2126 Wolf:
795 2095 914 2128 ταύτας
931 2097 1024 2127 codd.
1156 2106 1193 2126 12
1217 2100 1260 2136 τῷ
1278 2095 1302 2125 S
1318 2095 1418 2126 Vind.
1440 2105 1452 2124 1
1471 2106 1478 2125 :

157 2139 196 2169 τὸ
220 2138 307 2177 vulg.
447 2148 485 2177 13
516 2140 708 2176 τελεσθῆναι
734 2140 794 2179 (ex
817 2139 1012 2178 sequiorum
1037 2139 1113 2180 usu)
1141 2139 1261 2170 codd.:
1294 2139 1376 2169 duas
1399 2139 1478 2168 olim

158 2181 315 2212 confusas
347 2191 423 2212 esse
456 2182 630 2219 lectiones,
661 2182 809 2223 γενέσθαι
840 2187 874 2213 et
906 2183 1074 2224 αἱρεθῆναι,
1107 2182 1341 2222 suspicabatur
1371 2181 1478 2212 Cobet

161 2233 196 2261 17
233 2224 423 2264 ὑποτείνων]
453 2225 608 2257 ὑποτίνων
637 2224 681 2256 S:
716 2226 872 2257 ἀποτίνων
897 2225 929 2256 Α
1060 2229 1168 2258 ουδεεν
1197 2226 1240 2257 S:
1278 2225 1371 2257 οὐδὲν
1397 2230 1473 2256 cett.

162 2277 200 2305 19
222 2269 261 2299 τὸ
277 2278 342 2299 om.
363 2267 387 2298 S
405 2267 496 2298 solus
664 2278 706 2298 20
730 2270 833 2300 αὐτῶν
850 2277 913 2299 om.
936 2268 1043 2300 FYO
1169 2272 1234 2300 τῶν
1252 2271 1287 2301 ἐκ
1305 2268 1411 2299 SAY
1424 2268 1476 2298 O:

158 2312 224 2342 τοῖς
242 2310 330 2350 vulg.
478 2321 515 2341 21
544 2314 676 2343 σκοπεῖν
694 2311 759 2342 SA
777 2321 878 2350 marg.
899 2323 905 2342 τ
930 2311 1040 2352 λέγειν
1058 2312 1146 2351 vulg.
1295 2313 1402 2342 22-26
1426 2313 1476 2343 καὶ

158 2353 311 2394 πρότερον
328 2378 334 2384 .
353 2379 358 2385 .
377 2378 384 2385 .
405 2356 445 2386 ὡς
463 2354 614 2395 ἐκείνους]
633 2355 672 2385 cf.
694 2355 714 2384 ii
733 2364 775 2394 29
950 2365 990 2393 23
1014 2356 1079 2387 νυνὶ
1098 2355 1122 2386 S
1139 2359 1173 2386 et
1191 2355 1211 2385 ii
1229 2365 1292 2394 29:
1321 2358 1375 2388 νῦν
1398 2359 1475 2385 cett.

159 2405 197 2431 24
223 2396 366 2437 ἡγεμὼν]
384 2398 514 2438 ἡγεμὼν
531 2396 689 2439 ἑκατέρων
706 2397 728 2427 ii
745 2408 787 2435 29
921 2407 960 2436 25
984 2397 1157 2439 τριακόσιοι
1174 2408 1238 2429 om.
1258 2399 1281 2428 S
1293 2398 1337 2428 A¹
