1731 2844
151 127 190 181 v]
488 133 631 170 ΠΕΡΙ
679 132 802 169 ΤΗΣ
852 133 1132 170 ΕΙΡΗΝΗΣ

147 233 241 285 μηδὲ
266 234 515 284 Φιλοκράτους
540 236 605 272 τοῦ
628 234 774 272 πάντων
797 232 1069 271 ἀναιδεστάτου.
1127 235 1192 272 οὐκ
1216 233 1260 272 ἂν
1284 234 1347 272 οὖν
1370 236 1478 276 αὑτὸς

147 289 230 338 περὶ
248 289 385 327 τούτων
405 288 743 338 συμβεβουλευκὼς
761 288 826 326 τὸν
847 288 1030 338 Αἰσχίνην
1050 286 1104 325 ἐπ’
1124 290 1245 328 αὐτοῖς
1266 288 1476 337 διέβαλλεν,

149 343 249 381 ἀλλὰ
283 342 455 391 δηλονότι
487 343 555 390 τὴν
587 342 760 380 ὑπόνοιαν
792 341 916 388 ἔδεισε,
947 342 999 391 μὴ
1033 341 1120 391 δόξῃ
1155 343 1387 390 φιλιππιζειν
1420 344 1478 381 καὶ

146 396 336 448 χρήμασιν
359 396 430 434 ὑπὸ
459 399 524 434 τοῦ
551 396 742 445 βασιλέως
770 395 933 435 πεισθεὶς
960 397 1133 444 τοιαύτην
1158 397 1308 447 γνώμην
1333 398 1479 446 ἀποφή-

110 465 127 498 5
147 450 292 495 νασθαι,
315 450 392 487 ἐπει
422 467 480 488 Ka!-
510 453 547 488 ἐν
569 452 622 500 Τῷ
647 450 747 501 λόγῳ
776 466 868 498 Τρος
896 451 1066 498 ΤΟιαύΤην
1090 448 1155 487 Τίν’
1179 466 1352 487 'U‘H'OVOLUV
1377 452 1480 488 ἱστά-

146 521 254 555 μενος
301 504 480 552 φαινεται,
520 505 697 544 συνιστὰς
744 504 871 542 ἑαυτὸν
912 505 959 544 ὡς
1007 520 1131 542 εινοιν
1168 506 1216 553 τῇ
1261 504 1370 541 πόλει
1418 504 1477 542 καὶ

147 558 430 608 ἀδωροδόκητον.

126 685 145 719 s
213 701 318 753 Ὁρῶ
353 700 439 752 μέν,
474 699 504 740 ὦ
541 701 678 753 ἄνδρες
714 700 928 751 Ἀθηναῖοι,
963 702 1012 741 τὰ
1049 701 1224 753 παρόντα
1261 700 1471 753 πράγματα

147 767 302 817 πολλὴν
327 769 542 808 δυσκολίαν
567 767 712 820 ἔχοντα
738 768 799 807 καὶ
823 767 1002 820 ταραχὴν
1027 767 1071 807 οὐ
1103 768 1226 818 μόνον
1255 771 1308 822 τῷ
1339 770 1471 808 πολλὰ

91 853 129 875 10
147 837 355 886 προεῖσθαι
380 835 441 874 καὶ
473 836 595 885 μηδὲν
625 833 724 874 εῖναι
756 833 953 885 προῦργου
982 833 1069 885 περὶ
1095 833 1222 873 αὐτῶν
1248 834 1288 873 εὖ
1321 834 1468 885 λέγειν,

147 901 254 941 ἀλλὰ
280 900 341 940 καὶ
366 901 454 952 περὶ
478 903 555 940 τῶν
584 901 814 940 ὑπολοίπων
845 902 941 939 κατὰ
970 900 1090 939 ταύτὰ
1122 902 1219 950 μηδὲ
1251 900 1334 940 καθ’
1361 899 1402 940 ἓν
1427 899 1471 940 τὸ

148 966 352 1019 συμφέρον
377 966 526 1008 πάντας
549 966 749 1018 ἡγεῖσθαι,
777 967 884 1006 ἀλλὰ
909 970 990 1007 τοῖς
1014 967 1086 1017 μὲν
1112 965 1193 1012 ὡδί,
1221 969 1301 1007 τοῖς
1326 966 1359 1005 δ’
1385 965 1468 1007 ἑτέ-

148 1049 223 1085 ρως
261 1035 402 1073 δοκεῖν.
473 1033 669 1072 δυσκόλου
708 1031 741 1072 δ’
777 1034 890 1073 ὄντος
926 1032 1048 1084 φύσει
1084 1033 1147 1072 καὶ
1188 1036 1368 1085 χαλεποῦ
1404 1036 1472 1072 τοῦ

147 1099 428 1150 βουλεύεσθαι,
450 1099 508 1139 ἔτι
528 1102 665 1153 πολλῷ
685 1098 966 1151 χαλεπώτερον
985 1099 1093 1149 ὑμεῖς
1113 1098 1206 1138 αὐτὸ
1226 1097 1468 1148 πεποιήκατ’,

91 1183 128 1215 15
147 1163 177 1204 ὦ
202 1164 339 1217 ἄνδρες
363 1164 578 1216 Ἀθηναῖοι·
617 1166 654 1205 οἱ
677 1166 751 1216 μὲν
774 1166 849 1217 γὰρ
875 1164 992 1204 ἄλλοι
1012 1163 1155 1206 πάντες
1179 1164 1378 1217 ἄνθρωποι
1397 1164 1472 1216 πρὸ

147 1235 225 1271 τῶν
250 1230 490 1283 πραγμάτων
517 1231 680 1272 εἰώθασι
704 1233 879 1284 χρῆσθαι
904 1234 956 1285 τῷ
990 1231 1268 1281 βουλεύεσθαι,
1296 1232 1404 1281 ὑμεῖς
1429 1233 1472 1271 δὲ

146 1298 244 1349 μετὰ
269 1299 318 1337 τὰ
347 1297 567 1350 πράγματα.
641 1299 683 1337 ἐκ
716 1300 758 1338 δὲ
790 1298 929 1337 τούτου
963 1298 1176 1348 συμβαίνει
1208 1298 1313 1348 παρὰ
1344 1296 1473 1338 πάντα

148 1364 216 1404 τὸν
240 1364 384 1417 χρόνον
409 1363 454 1405 ὃν
479 1363 551 1404 οἶδ’
571 1364 661 1416 ἐγώ,
683 1363 750 1404 τὸν
774 1365 846 1414 μὲν
872 1364 928 1405 οῖς
954 1363 1002 1404 ἂν
1027 1363 1215 1415 ἁμάρτητ’
1236 1365 1474 1414 ἐπιτιμῶντα

150 1430 366 1481 εὐδοκιμεῖν
404 1430 466 1470 καὶ
499 1433 628 1470 δοκεῖν
661 1430 702 1470 εὗ
727 1429 873 1482 λέγειν,
900 1431 948 1469 τὰ
979 1431 1019 1470 δὲ
1053 1429 1263 1482 πράγματα
1297 1431 1359 1470 καὶ
1383 1429 1472 1481 περὶ

92 1514 130 1537 20
148 1497 202 1537 ὧν
227 1496 464 1548 βουλεύεσθ’
486 1496 694 1549 ἐκφεύγειν
713 1497 822 1547 ὑμᾶς.
883 1495 928 1536 οὐ
945 1496 1022 1547 μὴν
1042 1497 1148 1536 ἀλλὰ
1169 1497 1305 1548 καίπερ
1324 1496 1471 1536 τούτων

149 1563 270 1605 οὕτως
299 1564 474 1616 ἐχόντων
503 1564 634 1614 οἴομαι
665 1563 728 1603 καὶ
762 1563 954 1604 πεπεικὼς
987 1562 1154 1614 ἐμαυτὸν
1187 1562 1397 1613 ἀνέστηκα,
1424 1562 1472 1603 ἂν

148 1629 367 1681 ἐθελήσητε
391 1633 458 1670 τοῦ
483 1632 667 1682 θορυβεῖν
693 1630 754 1670 καὶ
782 1633 1004 1681 φιλονικεῖν
1031 1628 1278 1671 ἀποστάντες
1303 1629 1470 1675 ἀκούειν,

149 1696 200 1738 ὡς
223 1697 319 1749 ὑπὲρ
344 1697 498 1738 πόλεως
530 1695 834 1747 βουλευομένοις
866 1697 928 1736 καὶ
960 1697 1201 1746 τηλικούτων
1234 1695 1472 1748 πραγμάτων

147 1762 351 1815 προσήκει,
380 1762 482 1814 ἕξειν
509 1764 571 1803 καὶ
604 1763 738 1816 λέγειν
775 1763 836 1803 καὶ
870 1763 1160 1814 συμβουλεύειν
1184 1762 1232 1803 δι’
1258 1763 1311 1803 ὧν
1337 1763 1400 1802 καὶ
1425 1764 1472 1802 τὰ

92 1845 128 1876 25
148 1830 308 1882 παρόντ’
334 1830 448 1871 ἔσται
472 1831 622 1882 βελτίω
648 1831 711 1870 καὶ
736 1831 784 1870 τὰ
809 1829 1023 1882 προειμένα
1047 1828 1286 1879 σωθήσεται.

215 1895 410 1948 Ἀκριβῶς
444 1896 477 1937 δ’
511 1897 634 1944 εἰδώς,
669 1894 699 1936 ὦ
734 1896 870 1949 ἄνδρες
894 1896 1108 1947 Ἀθηναῖοι,
1141 1895 1185 1936 τὸ
1218 1895 1353 1947 λέγειν
1385 1894 1472 1946 περὶ

148 1963 202 2002 ῶν
227 1962 342 2004 αὐτὸς
369 1962 454 2004 ε’ἶπέ
483 1980 541 2005 τις
573 1964 635 2004 καὶ
666 1963 753 2015 περὶ
785 1964 902 2003 αὑτοῦ
927 1962 1017 2015 παρ’
1041 1964 1131 2013 ὑμῖν
1165 1963 1224 2003 ἀεὶ
1257 1965 1335 2002 τῶν
1371 1960 1473 2001 πάνυ

148 2029 464 2070 λυσιτελούντων
497 2033 578 2071 τοῖς
611 2033 814 2080 τολμῶσιν
847 2031 904 2076 ὄν,
937 2030 1058 2071 οὕτως
1089 2029 1257 2081 ἡγοῦμαι
1284 2026 1472 2080 φορτικὸν

151 2095 211 2135 καὶ
236 2097 407 2149 ἐπαχθὲς
433 2096 537 2137 ὥστε
563 2095 737 2148 ἀνάγκην
763 2096 887 2137 οὖσαν
913 2097 1014 2148 ὁρῶν
1039 2097 1144 2147 ὅμως
1177 2096 1347 2135 ἀποκνῶ.

195 2215 233 2235 10
263 2207 425 2246 προεῖσθαι
450 2205 561 2244 vulg.:
594 2204 745 2246 προέσθαι
771 2204 807 2236 S¹
924 2215 958 2235 11
992 2209 1036 2245 τῷ
1061 2209 1138 2235 ante
1163 2205 1232 2244 περὶ
1257 2203 1334 2233 add.
1360 2201 1472 2240 vulg:

149 2258 211 2278 om.
232 2247 299 2278 SA
435 2249 474 2279 18
498 2250 536 2281 ἂν
552 2253 630 2279 ante
648 2248 811 2290 ἁμάρτητε
828 2258 891 2279 om.
914 2248 950 2287 S,
968 2248 1008 2278 cs.
1030 2248 1061 2278 iv
1079 2250 1120 2286 46
1250 2257 1288 2285 19
1313 2245 1346 2277 εὖ
1363 2245 1472 2285 λέγειν

151 2290 236 2329 vulg.
256 2302 262 2320 :
288 2293 434 2332 εὐλογειν
453 2291 486 2322 S¹
507 2291 539 2332 (ἐ
554 2301 657 2331 super
674 2305 690 2323 ο
706 2302 747 2324 m.
766 2294 850 2331 ant.)
1016 2301 1056 2329 23
1081 2293 1139 2328 τῆς
1158 2295 1235 2321 ante
1252 2289 1377 2321 πόλεως
1394 2288 1469 2318 add.

151 2333 178 2363 B
194 2345 199 2363 :
226 2344 288 2365 om.
311 2333 334 2363 S
352 2334 454 2373 vulg„
472 2334 512 2365 cs.
531 2335 601 2364 xxii
625 2336 667 2373 64
835 2344 875 2373 25
901 2334 1070 2375 προειμένα
1086 2333 1196 2372 Ηώς
1222 2331 1429 2374 προειρημένα
1447 2329 1471 2360 S

151 2386 237 2407 corr.

195 2439 378 2470 DEMOSTH.,
395 2441 472 2462 νοτ..
492 2441 514 2462 1.
1324 2431 1342 2459 4

1499 133 1586 188 [56]

1502 703 1584 757 [57]

1407 2110 1469 2133 νο-
1504 2088 1589 2145 [58]
