1747 2844
180 117 267 171 XIX]
392 123 537 161 ΠΕΡΙ
586 122 708 161 ΤΗΣ
757 123 1277 161 ΠΑΡΑΠΡΕΣΒΕΙΑΣ
1538 124 1654 179 [337]

178 221 412 271 πρεσβεῦσαι
444 221 536 271 μήτε
572 223 762 263 κοινωνεῖν,
800 221 869 258 εἴτε
906 222 1026 259 καλῶς
1061 219 1130 258 εἴτε
1170 223 1285 259 κακῶς
1323 221 1451 269 πράξει
1485 221 1508 269 ἡ

177 276 374 325 πρεσβεία.
433 276 491 312 καὶ
510 275 592 313 τότε
609 275 793 323 φοβηθεὶς
811 276 830 312 ὁ
848 274 1040 324 Αἰσχίνης,
1056 274 1199 323 μήποτε
1218 275 1336 323 μένων
1352 276 1370 311 ὁ
1387 279 1509 324 Δημο-

178 329 312 379 σθένης
338 330 481 379 πέμψαι
507 329 627 366 πείσει
653 329 717 367 τὸν
739 329 855 378 δῆμον
875 330 950 368 τοῖς
973 330 1140 365 Φωκεῦσι
1163 328 1351 377 βοήθειαν,
1374 345 1510 378 προσε-

178 385 374 433 ποιήσατο,
396 386 442 423 ὡς
461 384 562 435 λέγει
578 383 839 431 Δημοσθένης,
855 384 1066 431 ἀρρωστεῖν.
1126 383 1185 420 καὶ
1204 382 1287 420 τότε
1308 384 1326 419 ὁ
1347 382 1510 431 ἀδελφὸς

140 452 157 485 5
179 440 290 476 αὐτοῦ
328 440 494 487 Εὔνομος
531 437 645 485 ἢλθεν
682 438 775 486 ἔχων
813 436 935 485 ἰατρὸν
970 436 1029 473 καὶ
1067 437 1208 485 ὀμνύων
1241 436 1296 474 ὅτι
1330 438 1513 486 ἀρρωστεῖ

179 493 371 543 Αἰσχίνης.
434 492 492 529 καὶ
525 492 634 529 αὐτὸν
665 491 729 529 τὸν
760 491 929 540 Εὔνομον
959 490 1036 528 ἀντὶ
1070 491 1199 528 τούτου
1234 491 1510 541 ἐχειροτόνησεν
1543 496 1654 551 [338]

179 548 199 584 ὃ
219 546 332 595 δῆμος
351 546 595 596 πρεσβευτήν.
657 545 715 582 καὶ
740 545 974 583 ἀπελθόντων
993 545 1130 582 τούτων
1148 547 1220 583 τῶν
1240 546 1446 594 πρέσβεων,
1464 547 1510 585 ὡς

179 599 603 649 κατέλαβονΕὔβοιαν,”
581 616 748 648 ηκουσαν
763 599 819 637 ὅτι
831 599 977 638 Φωκέας
991 599 1265 649 κατεστρέψατο
1279 600 1298 636 ὃ
1311 599 1506 647 Φίλιππος,

179 655 238 692 καὶ
256 654 333 703 μετ’
348 655 526 703 αἰσχύνης
543 654 793 703 ὑπέστρεψαν.
835 652 1018 702 ἐλθούσης
1034 653 1071 690 δὲ
1085 656 1150 702 τῆς
1164 670 1287 702 τριτης
1307 654 1510 703 πρεσβείας

120 725 159 747 10
179 710 227 748 εἰς
245 708 312 756 τὴν
331 706 512 756 Ἀττικήν,
537 708 719 758 Αἰσχινης
741 708 1084 757 αὖτοχειροτόνητος
1106 707 1340 757 πρεσβευτὴς
1363 708 1509 756 ἀπῆλθε

176 762 267 811 πρὸς
286 761 484 809 Φίλιππον,
511 763 557 802 ὡς
576 763 677 813 λέγει
699 762 955 811 Δημοσθένης.

230 814 371 854 Ἰστέον
401 816 439 854 δὲ
473 815 527 854 ὅτι
561 818 653 866 μετὰ
689 817 755 865 τὴν
783 816 989 866 πρεσβείαν
1020 817 1175 856 ἕκαστος
1207 819 1279 855 τῶν
1311 817 1508 866 πρέσβεων
1542 834 1584 858 10

177 869 326 910 εὐθύνας
355 869 482 908 ἐδίδου.
542 871 600 908 καὶ
629 871 652 919 ἡ
681 872 748 920 μὲν
776 871 902 920 πρώτη
930 871 1116 920 πρεσβεία
1143 872 1331 921 παρέσχεν
1360 871 1508 911 εὐθύνας

178 924 270 962 οὕτω
301 927 420 965 καλῶς
447 925 543 963 ὥστε
573 926 636 963 τὸν
665 925 913 974 Δημοσθένην
940 926 1080 976 γράψαι
1111 926 1268 962 καλέσαι
1297 925 1426 965 αὐτοὺς
1450 925 1507 962 ἐπ’

121 995 157 1027 15
179 979 341 1028 ἄριστον·
374 979 454 1019 ἔθος
477 980 549 1031 γὰρ
571 979 616 1028 ἢν
634 980 718 1019 τοὺς
745 982 864 1019 καλῶς
889 980 1241 1029 πρεσβευσαμένους
1262 981 1309 1019 εἰς
1329 979 1508 1029 δημόσιον

179 1034 331 1082 ἄριστον
358 1034 563 1072 καλεῖσθαι.
624 1036 805 1083 ἀποροῦσι
835 1033 874 1071 δέ
901 1050 994 1073 τινες
1022 1034 1086 1081 ὅτι,
1116 1036 1145 1071 εἰ
1173 1034 1358 1082 ἠπίστατο
1382 1038 1509 1083 Δημο-

179 1087 313 1137 σθένης
338 1088 393 1126 ὅτι
422 1088 597 1138 προδόται
626 1088 735 1137 ἦσαν,
761 1088 819 1125 διὰ
845 1089 883 1125 τί
906 1088 1080 1137 ἐποίησεν
1104 1088 1232 1128 αὐτοὺς
1257 1087 1435 1137 κληθῆναι
1461 1089 1509 1128 εἰς

179 1142 359 1192 δημόσιον
390 1144 566 1192 ἄριστον;
601 1143 659 1180 καὶ
689 1144 856 1194 λέγομεν,
881 1142 935 1181 ὅτι
964 1144 1056 1192 μετὰ
1083 1143 1125 1180 τὸ
1155 1143 1307 1192 ἄριστον
1327 1143 1418 1193 ἔγνω
1445 1143 1509 1180 τὸν

178 1198 323 1235 σκοπὸν
344 1199 471 1235 αὐτῶν.
531 1200 602 1236 τῶν
623 1197 661 1235 δὲ
688 1200 751 1246 τῆς
779 1196 944 1246 δευτέρας
970 1197 1175 1246 πρεσβείας
1200 1197 1311 1245 μόνος
1337 1198 1355 1234 ὁ
1383 1200 1509 1246 Δημο-

119 1269 158 1292 20
178 1252 313 1300 σθένης
339 1252 490 1290 δέδωκεν
520 1252 680 1291 εὐθύνας
740 1252 945 1301 μέλλοντος
972 1251 1009 1289 δὲ
1033 1254 1096 1288 τοῦ
1119 1251 1299 1301 Αἰσχίνου
1323 1252 1507 1301 παρέχειν,

179 1306 318 1355 ἐπεστη
342 1307 528 1357 Τίμαρχος
554 1324 612 1344 και
634 1306 879 1355 Δημοσθένης
908 1322 1224 1357 κατηγορήσοντες
1249 1305 1391 1343 τούτου.
1450 1322 1508 1342 και

177 1360 317 1411 ᾔτησεν
342 1361 523 1411 Αἰσχίνης
552 1362 743 1409 ἀνάκρισιν
769 1359 951 1411 γενεσθαι,
979 1360 1037 1396 καὶ
1063 1361 1260 1411 γενομένης
1286 1361 1509 1408 ἀνακρίσεως

179 1414 289 1460 ἔδειξε
316 1415 504 1465 Τίμαρχον
531 1415 764 1464 ἡταιρηκότα,
788 1431 845 1451 και
874 1414 1056 1463 ἐξεβαλον
1079 1414 1199 1451 αὐτόν·
1231 1414 1341 1463 νόμος
1366 1415 1437 1479 γὰρ
1464 1413 1508 1462 ἦν

176 1470 240 1507 τὸν
273 1469 496 1519 ἡταιρηκότα
534 1470 586 1519 μὴ
627 1468 900 1506 πολιτευεσθαι.
959 1467 1035 1505 εἶτα
1070 1469 1209 1516 ἐπέστη
1245 1468 1508 1519 κατηγορήσων
1542 1480 1578 1505 11

119 1538 156 1569 25
178 1525 197 1561 ὁ
227 1523 483 1573 Δημοσθένης.
546 1524 605 1562 καὶ
635 1523 795 1575 λέγουσί
820 1539 924 1570 τινες,
948 1525 1024 1562 πῶς
1054 1521 1208 1560 ἐνταῦθα
1235 1522 1415 1571 μέμνηται
1443 1524 1508 1571 τῆς

176 1578 300 1627 τρίτης
328 1578 557 1628 πρεσβείας,·
596 1579 755 1630 λέγομεν
785 1575 814 1614 δ’
844 1577 898 1615 ὅτι
929 1578 1022 1626 μετὰ
1052 1577 1135 1626 τρία
1169 1576 1231 1625 ἔτη
1263 1578 1328 1625 τῆς
1360 1578 1508 1627 γραφῆς
1545 1599 1550 1602 ·

179 1632 351 1681 εἰσῆλθεν
385 1633 478 1683 ἔχων
509 1633 577 1682 τὴν
613 1632 844 1684 κατηγορίαν.
905 1631 1102 1683 γενομένης
1139 1632 1212 1682 γὰρ
1243 1632 1308 1679 τῆς
1342 1630 1508 1680 δευτέρας

176 1687 392 1736 πρεσβείας,
421 1687 600 1737 μαθόντες
635 1689 669 1725 οἱ
702 1686 892 1735 Ἀθηναῖοι
925 1685 992 1734 τὴν
1024 1688 1097 1723 τῶν
1129 1685 1282 1723 Φωκέων
1312 1686 1506 1729 ἀπώλειαν,

178 1743 455 1794 ἐσκευαγώγουν
486 1745 524 1779 ἐκ
552 1745 623 1780 τῶν
653 1743 774 1794 ἀγρῶν
805 1742 863 1778 καὶ
895 1743 932 1779 ἐν
960 1742 1092 1791 πολλῷ
1123 1739 1270 1791 θορύβῳ
1299 1739 1407 1789 ἦσαν·
1449 1741 1507 1777 καὶ

118 1812 157 1842 30
176 1797 269 1845 μετὰ
297 1797 379 1845 τρία
409 1796 471 1845 ἔτη
501 1796 674 1845 εἰσῆλθεν
702 1798 721 1834 ὁ
747 1795 994 1846 Δημοσθένης
1023 1795 1288 1847 κατηγορήσων
1313 1794 1505 1844 Αἰσχίνου.
1539 1794 1654 1849 [339]

178 1850 236 1887 καὶ
275 1852 385 1899 κρίνει
423 1851 533 1889 αὐτὸν
566 1850 625 1888 διὰ
659 1850 721 1889 δύο
757 1851 985 1903 ἐγκλήματα,
1022 1849 1080 1887 διὰ
1117 1849 1184 1898 τὴν
1218 1850 1404 1887 ἀπώλειαν
1436 1852 1507 1887 τῶν

176 1905 330 1943 Φωκέων
354 1904 411 1942 καὶ
439 1904 498 1942 διὰ
524 1904 754 1954 δωροδοκίαν.
815 1905 937 1943 ἰστέον
958 1905 997 1943 δὲ
1025 1905 1080 1943 ὅτι
1105 1904 1383 1956 προηγούμενόν
1407 1906 1507 1941 ἐστιν

177 1960 357 2011 ἔγκλημα,
384 1959 439 1997 ὅτι
468 1962 603 1999 Φωκεῖς
632 1960 886 1997 ἀπολώλασιν.
944 1959 1035 2009 πρὸς
1065 1960 1254 1997 σύστασιν
1276 1958 1405 1996 τούτου
1435 1957 1507 1995 δεύ-

174 2030 279 2063 τερον
293 2014 448 2063 ἀνέκυψε
461 2014 616 2063 ζήτημα,
630 2013 684 2051 ὅτι
699 2014 757 2051 ἐπὶ
771 2014 961 2063 χρήμασιν
976 2014 1138 2064 Αἰσχίνῃ
1151 2016 1260 2052 τοῦτο
1272 2013 1506 2061 τετόλμηται,

116 2078 154 2111 35
176 2069 222 2107 ὡς
237 2069 426 2106 σύστασιν
439 2068 609 2119 γίνεσθαι
628 2070 692 2105 τοῦ
707 2069 886 2117 προτέρου
903 2068 1135 2119 ἐγκλήματος
1155 2070 1221 2106 τοῦ
1238 2068 1329 2104 κατὰ
1348 2066 1505 2105 Φωκέας.

174 2123 352 2171 τεκμήριά
373 2125 453 2160 ἐστι
472 2124 536 2159 τοῦ
551 2122 669 2159 πάλαι
688 2124 801 2159 ταῦτα
823 2122 1100 2171 ἐσκευωρῆσθαι
1121 2122 1180 2159 καὶ
1201 2120 1506 2164 κατεσκευάσθαι,
1541 2136 1580 2160 12

176 2176 218 2213 δι’
248 2176 295 2214 ὧν
325 2177 400 2226 ἅμα
431 2176 489 2213 καὶ
518 2178 732 2225 προαναιρεῖ
758 2176 799 2213 τὸ
827 2179 959 2226 χρῶμα
990 2176 1182 2226 Αἰσχίνου,
1211 2176 1507 2227 καταφεύγοντος

176 2230 234 2267 ἐπὶ
255 2231 405 2282 ἄγνοιαν
421 2230 480 2268 καὶ
495 2230 730 2281 συγγνώμην·
763 2230 822 2267 καὶ
841 2231 979 2267 τούτων
993 2231 1038 2268 τὰ
1057 2231 1125 2278 μὲν
1141 2233 1180 2267 ἐκ
1195 2233 1266 2268 τῶν
1281 2230 1507 2280 παρειμένων

175 2285 319 2333 εἴληφε,
348 2286 394 2323 τὰ
424 2284 461 2322 δὲ
491 2287 530 2322 ἐκ
563 2287 634 2322 τῶν
662 2285 939 2336 πεπραγμένων.
997 2286 1147 2321 συνεῖπε
1181 2285 1252 2335 γὰρ
1287 2285 1505 2334 Φιλοκράτει

533 2399 573 2427 34
598 2388 732 2429 ἀνέκυψε
750 2388 853 2420 Wolf.
869 2399 876 2421 Ξ
903 2387 1034 2427 ἐνέκυψε
1052 2387 1146 2418 codd.
