1763 2828
119 141 220 195 [157]

179 261 223 285 20

178 663 218 688 21

120 910 224 964 [158]

180 1059 223 1083 22

185 1656 228 1690 23

252 131 771 189 [ΔΗΜΟΣΘΕΝΟὙΣ]
792 134 951 172 ΠΡΟΣ
971 133 1101 171 ΤΗΝ
1132 131 1504 170 ΕΠΙΣΤΟΛΗΝ
1521 127 1580 181 [xl

315 241 408 288 Ἷὶν,
447 240 476 282 ὦ
515 240 652 292 ἄνδρες
692 240 907 290 Ἀθηναῖοι,
950 237 1026 291 χρὴ
1066 236 1270 288 λαβόντας
1308 235 1477 281 ἔννοιαν,
1520 235 1583 277 καὶ

252 308 543 363 λογισαμένους
569 308 620 349 ὡς
645 306 724 348 οὐδ’
751 306 815 358 ἐφ’
841 306 934 356 ἡμῖν
961 306 1048 345 ἐστι
1072 303 1117 344 τὸ
1143 302 1314 355 φάσκειν
1344 302 1455 355 ἄγειν
1482 301 1583 355 εἰρή-

252 394 325 428 νην
346 374 431 428 (ἤδη
458 377 533 428 γὰρ
560 376 706 416 ἐκεῖνος
733 373 794 414 καὶ
819 372 1086 425 προηγόρευκε
1115 369 1184 411 τὸν
1212 370 1389 421 πόλεμον
1415 370 1477 410 καὶ
1501 373 1583 411 τοῖς

254 445 383 497 ἔργοις
405 440 632 495 ἐξενήνοχε)
649 440 815 492 μηδενὸς
842 442 914 490 μὲν
935 440 1147 491 φείδεσθαι
1170 436 1267 488 μήτε
1286 440 1364 477 τῶν
1383 438 1584 488 δημοσίων

252 510 351 563 μήτε
375 513 453 550 τῶν
484 511 604 555 ἰδίων,
635 507 920 560 στρατεύεσθαι
954 505 1009 551 δέ,
1036 504 1084 546 ἄν
1119 521 1193 545 που
1223 503 1353 556 καιρὸς
1376 502 1411 561 ᾗ,
1438 503 1581 556 προθύ-
1604 521 1622 554 5

253 594 334 629 μως
359 576 548 621 ἅπαντας,
576 577 751 628 χρῆσθαι
775 576 817 615 δὲ
844 575 1080 625 στρατηγοῖς
1101 572 1306 621 ἀμείνοσιν
1330 567 1354 621 ἢ
1379 571 1582 623 πρότερον.

252 644 305 695 μὴ
342 645 418 696 γὰρ
452 641 642 697 ὑπολάβῃ
678 658 736 683 τις
771 641 891 691 ὑμῶν,
926 639 973 680 δι’
1006 640 1060 679 ὧν
1097 638 1255 691 ἐγένετο
1290 640 1339 679 τὰ
1375 637 1585 690 πράγματα

254 712 374 764 χείρω
415 711 464 749 τὰ
510 711 578 758 τῆς
621 708 786 754 πόλεως,
831 709 895 747 διὰ
937 706 1086 746 τούτων
1128 705 1225 745 αὐτὰ
1268 704 1389 745 πάλιν
1435 703 1583 755 ἀναλή-

254 780 409 829 ψεσθαι
435 776 497 816 καὶ
517 774 762 827 γενήσεσθαι
781 774 945 825 βελτίω·
981 775 1080 824 μηδὲ
1099 773 1289 823 νομίσητε
1308 771 1586 825 ῥᾳθυμούντων

255 845 375 895 ὑμῶν,
410 842 545 894 ὥσπερ
579 842 783 893 πρότερον,
820 839 975 892 ἑτέρους
1007 841 1105 891 ὑπὲρ
1137 843 1215 879 τῶν
1247 838 1444 890 ὑμετέρων
1480 839 1583 890 ἀγω-
1610 854 1649 876 ιο

257 912 429 951 νιεῖσθαι
463 908 683 961 προθύμως·
733 906 825 947 ἀλλ’
859 906 1051 947 ἐννοεῖσθ’
1086 906 1137 947 ὡς
1170 906 1340 958 αἰσχρόν
1375 907 1463 945 ἐστι
1497 904 1587 946 τοὺς

255 980 326 1029 μὲν
352 975 524 1028 πατέρας
548 976 655 1026 ὑμῶν
680 973 858 1016 πολλοὺς
889 974 1032 1014 πόνους
1063 973 1125 1013 καὶ
1159 971 1356 1025 μεγάλους
1387 971 1587 1012 κινδύνους

255 1045 477 1094 ὑποστῆναι
501 1042 826 1093 Λακεδαιμονίοις
858 1043 1143 1091 πολεμοῦντας,
1172 1040 1270 1090 ὑμᾶς
1303 1041 1344 1079 δὲ
1376 1037 1465 1089 μηδ’
1489 1038 1587 1089 ὑπὲρ

254 1112 310 1151 ὧν
352 1112 495 1151 ἐκεῖνοι
541 1110 698 1151 δικαίως
747 1107 986 1159 κτησάμενοι
1032 1106 1259 1159 παρέδοσαν
1301 1106 1391 1156 ὑμῖν
1435 1103 1587 1145 ἐθέλειν

257 1176 484 1230 ἐρρωμένως
517 1176 749 1227 ἀμύνεσθαι,
777 1175 884 1215 ἀλλὰ
909 1173 977 1215 τὸν
1009 1176 1081 1225 μὲν
1115 1174 1156 1213 ἐκ
1185 1173 1433 1214 Μακεδονίας
1463 1171 1587 1225 ὁρμώ-
1611 1188 1647 1220 ¹5

256 1261 375 1296 μενον
399 1245 521 1286 οὕτως
542 1243 641 1284 εἶναι
661 1243 942 1295 φιλοκίνδυνον
962 1240 1059 1281 ὥσθ’
1078 1241 1175 1293 ὑπὲρ
1194 1243 1262 1280 τοῦ
1285 1239 1403 1291 μείζω
1423 1240 1588 1290 ποιῆσαι

257 1312 329 1362 τὴν
369 1311 498 1365 ἀρχὴν
540 1311 855 1362 κατατετρῶσθαι
896 1310 973 1349 πᾶν
1014 1307 1059 1348 τὸ
1102 1311 1217 1359 σῶμα
1257 1311 1339 1349 τοῖς
1381 1307 1588 1357 πολεμίοις

257 1379 498 1431 μαχόμενον,
520 1377 753 1428 Ἀθηναίους
773 1375 827 1423 δέ,
852 1376 908 1417 οἷς
928 1374 1093 1427 πάτριόν
1120 1376 1207 1415 ἐστι
1231 1372 1397 1425 μηδενὸς
1417 1373 1585 1418 ἀκούειν,

259 1444 444 1486 ἁπάντων
469 1446 510 1485 δὲ
536 1448 689 1496 κρατεῖν
717 1445 759 1484 ἐν
783 1446 865 1484 τοῖς
891 1441 1091 1493 πολέμοις,
1117 1441 1278 1483 τούτους
1303 1442 1367 1481 διὰ
1395 1440 1588 1494 ῥᾳθυμίαν

259 1509 282 1562 ἢ
306 1512 504 1563 μαλακίαν
529 1511 831 1563 ἐγκαταλείπειν
856 1508 904 1549 τά
929 1525 971 1549 τε
996 1512 1074 1549 τῶν
1100 1509 1306 1561 προγόνων
1332 1508 1428 1560 ἔργα
1453 1507 1516 1547 καὶ
1540 1508 1588 1547 τὰ
1611 1523 1650 1545 20

260 1578 517 1632 συμφέροντα
541 1580 609 1628 τῆς
634 1578 831 1629 πατρίδος.

319 1644 408 1686 Ἵνα
431 1646 473 1686 δὲ
497 1644 549 1696 μὴ
578 1647 829 1696 μακρολογῶ,
858 1644 958 1696 φημὶ
990 1646 1133 1697 χρῆναι
1163 1640 1485 1695 παρεσκευάσθαι
1516 1642 1588 1692 μὲν

260 1712 354 1765 πρὸς
374 1712 442 1752 τὸν
461 1712 650 1762 πόλεμον,
672 1714 915 1763 παρακαλεῖν
941 1714 984 1753 δὲ
1009 1711 1100 1753 τοὺς
1117 1709 1337 1760 “Ἐλληνας,
1358 1709 1411 1760 μὴ
1437 1708 1587 1761 λόγοις,

260 1780 367 1820 ἀλλὰ
391 1783 473 1821 τοῖς
499 1779 629 1831 ἔργοις
655 1778 751 1829 πρὸς
776 1777 847 1827 τὴν
874 1778 963 1830 παρ’
987 1779 1097 1829 ἡμῶν
1123 1778 1366 1830 συμμαχίαν·
1407 1775 1458 1817 ὡς
1487 1774 1590 1816 ἅπας

259 1846 331 1898 μέν
350 1847 437 1886 ἐστι
455 1846 576 1898 λόγος
599 1844 764 1896 μάταιος
785 1844 967 1897 πράξεων
985 1844 1146 1897 ἄμοιρος
1166 1845 1391 1897 γενόμενος,
1412 1842 1589 1896 τοσούτῳ
1611 1857 1648 1888 25

261 1916 302 1953 δὲ
339 1912 504 1964 μάλισθ’
541 1913 561 1952 ὁ
599 1914 703 1964 παρὰ
738 1915 807 1963 τῆς
845 1911 1035 1965 ἡμετέρας
1071 1912 1238 1957 πόλεως,
1278 1912 1361 1965 ὅσῳ
1401 1912 1589 1960 δοκοῦμεν

261 1980 363 2035 αὐτῷ
388 1979 678 2033 προχειρότατα
701 1981 876 2033 χρῆσθαι
900 1983 978 2020 τῶν
1002 1978 1138 2019 ἄλλων
1162 1977 1388 2028 Ἑλλήνων.

303 2099 323 2128 3
347 2088 566 2132 προηγόρευσε
584 2088 608 2120 S
624 2088 725 2120 Vind.
747 2099 761 2119 1
917 2099 933 2127 7
958 2088 1109 2130 ὑπολάβῃ
1129 2087 1152 2118 S
1164 2087 1194 2118 A
1208 2086 1274 2117 FY
1290 2097 1297 2117 t
1322 2085 1482 2123 ὑπολάβοι
1499 2085 1587 2125 vulg.

262 2135 297 2164 ἐκ
313 2135 470 2175 χρηστῶν
486 2137 563 2173 post
580 2133 619 2164 δι’
637 2131 680 2164 ὧν
697 2132 773 2163 add.
791 2131 880 2171 vulg.
899 2137 932 2163 et
949 2131 970 2161 ii
989 2133 1050 2163 26:
1076 2141 1141 2161 om.
1161 2130 1227 2161 SY
1327 2131 1347 2160 8
1371 2130 1451 2161 αὐτὰ
1467 2129 1563 2160 codd.
1582 2140 1588 2158 ι

262 2177 342 2209 αὑτὰ
359 2175 456 2207 Blass
594 2186 632 2207 12
655 2174 818 2217 μεγάλους
835 2180 913 2206 ante
930 2175 1093 2207 κινδύνους
1112 2174 1136 2205 S
1147 2174 1178 2204 A
1193 2184 1200 2204 τ
1225 2179 1302 2213 post
1318 2172 1479 2205 κινδύνους
1497 2172 1585 2211 vulg.

265 2220 304 2250 18
335 2219 459 2252 ἀκούειν
486 2219 509 2251 S
530 2220 631 2251 Vind.
656 2230 695 2250 1:
730 2218 899 2251 ὑπακούειν
923 2219 1010 2257 vulg.
1194 2227 1236 2248 20
1268 2216 1518 2258 ἐγκαταλείπειν
1543 2215 1588 2247 S:

263 2265 495 2304 ἐγκαταλιπεῖν
512 2268 589 2295 cett.
762 2273 803 2293 22
828 2261 947 2294 πάντας
965 2263 1046 2301 ἡμᾶς
1063 2266 1140 2301 post
1156 2263 1273 2303 χρῆναι
1290 2261 1366 2292 add.
1383 2260 1472 2298 vulg.
1490 2271 1496 2290 t
1521 2269 1587 2290 om.

262 2306 287 2336 S
304 2307 395 2337 solus
493 2305 747 2349 παρεσκευάσθαι
766 2305 790 2336 S
806 2316 813 2335 :
836 2305 1140 2347 παρασκευάσασθαι
1158 2304 1247 2343 vulg.
1404 2313 1444 2342 23
1469 2304 1589 2335 ἄλλους

262 2355 337 2389 post
354 2351 427 2382 τοὺς
445 2351 520 2381 add.
542 2350 656 2389 vulg.:
681 2360 746 2381 om.
766 2348 832 2380 SA
1000 2358 1106 2387 24-27
1132 2348 1171 2379 cf.
1193 2348 1213 2377 ii
1234 2358 1273 2378 12
1451 2356 1488 2384 24
1516 2346 1588 2387 παρ’

263 2394 286 2424 S
298 2393 327 2423 A
343 2393 408 2424 FY
421 2394 474 2425 O:
500 2394 577 2435 ὑπὲρ
593 2393 682 2432 vulg.

325 2440 363 2470 In
383 2439 406 2470 S
426 2439 653 2479 subscriptum

598 2486 703 2515 ΠΡΟΣ
727 2486 810 2513 THN
833 2485 1033 2513 ‹1›1A1nr10'r
1057 2484 1291 2514 ΕΠΙΣΤΟΛΗΝ

781 2530 805 2556 Η
826 2523 860 2555 [Β
881 2531 907 2556 Δ
923 2532 948 2556 Δ
968 2531 993 2555 Δ
1012 2531 1037 2555 Δ
1056 2530 1082 2555 Π
1104 2531 1114 2556 1
