1763 2828
93 143 197 196 {421}

89 711 200 765 [422]

659 143 1140 180 ΔΙΙΜΟΣΘΕΧΟΥΣ
1470 141 1552 193 [xlx

810 295 985 322 ΕΛΕΓΕΙΑ.

333 379 528 430 ἹἸμετέρη
556 382 596 420 δὲ
623 382 736 422 πόλις
765 383 859 420 κατὰ
885 383 956 430 μὲν
984 381 1078 421 Διὸς
1105 380 1236 420 οὔποτ’
1261 382 1411 422 ὀλεῖται

401 447 519 487 αἶσαν
547 448 607 487 καὶ
632 446 817 498 μακάρων
842 450 941 488 θεῶν
967 447 1115 498 φρένας
1140 447 1356 488 ἀθανάτων·

334 513 417 563 τοίη
444 515 518 564 γὰρ
542 513 765 565 μεγάθυμος
792 515 1007 556 ἐπίσκοπος
1032 514 1306 566 ὀβριμοπάτρη

404 581 572 621 Παλλὰς
596 579 784 630 Ἀθηναίη
811 584 945 634 χεῖρας
971 582 1136 632 ὕπερθεν
1161 581 1258 634 ἔχει.

335 646 445 686 αὐτοὶ
470 648 510 686 δὲ
537 648 714 697 φθείρειν
739 647 918 698 μεγάλην
943 648 1061 688 πόλιν
1087 648 1328 704 ἀφραδίῃσιν

402 713 517 752 ἀστοὶ
541 713 770 763 βούλονται,
799 712 976 767 χρήμασι
1001 715 1236 765 πειθόμενοι,

334 778 455 829 δήμου
479 778 513 818 θ’
539 779 743 831 ἡγεμόνων
768 780 898 822 ἄδικος
925 781 1027 826 νόος,
1054 781 1160 821 οἶσιν
1185 784 1343 832 ἑτοῖμον

400 847 537 898 ὕβριος
562 848 605 886 ἐκ
630 846 806 899 μεγάλης
831 847 956 899 ἄλγεα
982 849 1115 888 πολλὰ
1140 850 1290 889 παθεῖν.

333 913 377 953 οὐ
403 914 477 965 γὰρ
503 914 738 954 ἐπίστανται
764 912 945 967 κατέχειν
973 914 1098 966 κόρον,
1127 914 1214 956 οὐδὲ
1240 915 1443 966 παρούσας
1587 932 1624 954 ιο

401 980 648 1031 εὐφροσύνας
674 984 836 1031 κοσμεῖν
861 980 992 1022 δαιτὸς
1016 981 1057 1021 ἐν
1082 981 1242 1036 ἡσυχίῃ.

401 1117 642 1154 πλουτοῦσιν
667 1113 698 1153 δ’
725 1114 870 1157 ἀδίκοις
897 1115 1067 1166 ἔργμασι
1092 1115 1328 1165 πειθόμενοι.

399 1247 479 1288 οὔθ’
507 1249 619 1298 ἱερῶν
646 1247 818 1288 κτεάνων
843 1249 930 1288 οὔτε
956 1265 992 1288 τι
1018 1249 1217 1298 δημοσίων

335 1314 561 1366 φειδόμενοι
587 1310 859 1355 Ύκλέπτουσιν
884 1315 948 1366 ἐφ’
975 1310 1162 1370 ἁρπαγῇῆ·
1188 1314 1359 1355 ἄλλοθεν
1385 1314 1520 1359 ἄλλος,

400 1380 488 1421 οὐδὲ
515 1380 797 1433 φυλάσσονται
823 1383 951 1432 σεμνὰ
976 1380 1149 1431 θέμεθλα
1176 1382 1311 1431 Δίκης,
1588 1401 1621 1431 15

335 1446 354 1497 i)
394 1452 552 1499 σιγῶσα
578 1448 735 1488 σύνοιδε
760 1449 807 1487 τὰ
834 1449 1049 1500 γιγνόμενα
1075 1449 1149 1499 πρό
1174 1447 1206 1487 τ’
1233 1449 1360 1494 ἐόντα,

399 1518 450 1568 τῷ
478 1517 519 1554 δὲ
543 1515 671 1568 χρόνῳ
698 1513 853 1556 πάντως
879 1513 967 1563 ἦλθ’
994 1514 1294 1565 ἁποτεισομένη.

332 1580 434 1620 τοῦτ’
460 1580 530 1630 ἤδη
557 1579 666 1636 πάσῃ
693 1581 807 1621 πόλει
835 1582 992 1634 ἔρχεται
1019 1582 1133 1623 ἕλκος
1159 1581 1347 1633 ἄφυκτον,

401 1648 454 1688 εἰς
479 1649 519 1687 δὲ
547 1647 667 1696 κακὴν
693 1646 846 1700 ταχέως
872 1643 1053 1697 ’Ϋῆλυθε4Γ
1079 1649 1335 1698 δουλοσύνην,

335 1710 356 1763 ἢ
383 1712 527 1754 στάσιν
553 1714 732 1765 ἔμφυλον
759 1714 937 1765 πόλεμόν
963 1713 997 1753 θ’
1024 1714 1169 1754 εὕδοντ’
1197 1715 1401 1766 ἐπεγείρει,
1587 1731 1625 1752 20

400 1780 442 1822 ὃς
467 1784 628 1821 πολλῶν
654 1780 796 1832 ἐρατὴν
823 1781 977 1821 ὤλεσεν
1002 1781 1170 1831 ἡλικίην.

335 1848 377 1888 ἐκ
404 1849 478 1899 γὰρ
503 1846 728 1898 δυσμενέων
753 1847 906 1900 ταχέως
934 1846 1183 1899 πολυήρατον
1208 1847 1308 1889 ἄστυ

402 1914 586 1968 τρύχεται
611 1915 652 1955 ἐν
677 1915 857 1957 συνόδοις
884 1919 965 1957 τοῖς
989 1915 1166 1955 ἀδικοῦσι
1191 1916 1340 1967 φίλαις.

335 1985 456 2022 ταῦτα
478 1982 550 2032 μὲν
576 1982 618 2022 ἐν
643 1980 749 2035 δήμῳ
776 1982 991 2034 στρέφεται
1015 1981 1124 2022 κακά·
1162 1985 1239 2023 τῶν
1263 1983 1304 2023 δὲ
1330 1986 1528 2035 πενιχρῶν

404 2050 597 2089 ἱκνοῦνται
621 2049 766 2089 πολλοὶ
792 2053 908 2100 γαῖαν
935 2050 973 2090 ἐς
1000 2047 1242 2099 ἀλλοδαπήν,
1586 2063 1623 2094 25

283 2169 294 2189 1
323 2163 515 2193 ΣΟΛΩΝΟΣ
533 2164 608 2198 post
625 2165 794 2193 ΕΛΕΓΕΙΑ
811 2161 885 2192 add.
905 2159 993 2199 vulg.
1009 2171 1015 2189 :
1042 2169 1105 2191 om.
1126 2158 1149 2189 S
1161 2157 1192 2188 A
1206 2158 1232 2189 B
1245 2158 1275 2189 Y
1288 2158 1314 2188 P
1431 2168 1450 2188 2
1465 2167 1559 2197 seqq.

236 2204 380 2233 Carmen
401 2213 464 2235 om.
484 2202 508 2233 S
522 2202 547 2233 L
566 2208 599 2234 et
618 2209 769 2244 {praeter
787 2215 913 2244 paucos
932 2205 1064 2241 versus)
1082 2203 1113 2232 A
1218 2212 1254 2240 14
1280 2200 1478 2234 κλέπτουσιν
1494 2225 1500 2231 .
1524 2226 1530 2232 .
1551 2226 1557 2232 .

236 2246 362 2289 ἁρπαγῇ
381 2246 453 2278 iure
469 2252 628 2286 suspecta
675 2247 726 2289 ἐφ’
743 2248 884 2290 ἁρπαγῇ]
905 2249 1076 2289 ἀφαρπαγῇ
1096 2247 1120 2277 F
1132 2247 1158 2276 B
1171 2246 1200 2285 Q
1212 2246 1242 2275 Y
1256 2245 1282 2275 P
1360 2255 1397 2284 15
1423 2243 1561 2283 θέμεθλα

236 2295 314 2321 ante
332 2291 430 2329 Δίκης
449 2291 562 2331 Bergk
577 2303 582 2321 ε
609 2297 685 2331 post
703 2292 801 2330 Δίκης
818 2292 912 2322 codd.
1010 2301 1044 2329 17
1071 2289 1288 2329 ἀποτισομένη
1306 2289 1333 2319 Β
1352 2299 1435 2319 corr.
1457 2288 1557 2326 (coni.

239 2335 402 2374 Sylburg)
420 2347 426 2366 :
451 2335 672 2375 ἀπο-τισαμένη
690 2340 766 2366 cett.
922 2345 960 2374 19
984 2334 1097 2375 ἤλυθε]
1117 2334 1190 2365 sort.
1208 2335 1312 2375 ἤγαγε
1332 2334 1441 2373 (ἤλυθε
1459 2343 1501 2363 ex
1522 2342 1559 2371 17

239 2379 432 2418 repetitum}
584 2390 626 2410 20
651 2379 807 2420 ἐπεγείρει
824 2379 910 2417 vulg.
930 2390 936 2408 :
963 2379 1138 2419 ἐπεγείρειν
1155 2378 1182 2408 Β
1194 2377 1224 2415 Q
1240 2388 1247 2406 τ
1273 2377 1453 2417 ἐπαγείρειν
1471 2376 1495 2406 F
1507 2376 1537 2414 Q
1553 2386 1559 2405 t

239 2421 402 2463 ἐπέγειρεν
421 2422 663 2454 Schneidewin
753 2431 794 2461 23
819 2422 927 2462 φίλαις
943 2421 1073 2460 Bergk:
1098 2421 1203 2461 φίλοις
1221 2420 1251 2459 Q
1263 2420 1313 2451 Y:
1340 2421 1453 2460 φίλους
1471 2420 1557 2459 vulg.
