1731 2844
163 135 256 189 xm]
538 140 684 177 ΠΕΡΙ
733 136 1111 178 ΣΤΝΤΑΞΕΩΣ
1517 138 1619 193 [175]

161 243 197 282 οἱ
223 242 265 281 δὲ
291 242 365 293 γῆν
384 240 677 292 συνεωνημένοι
699 243 942 293 γεωργοῦσιν
968 239 1069 289 ὅσην
1088 238 1167 279 οὐδ’
1188 240 1283 291 ὄναρ
1307 239 1486 290 ἤλπισαν

161 307 332 348 πώποτε.
404 307 551 348 τούτων
576 307 608 347 δ’
634 309 758 348 α’ίτιον
787 305 982 352 ἁπάντων,
1010 306 1071 346 ὅτι
1103 305 1192 346 τότε
1224 307 1296 357 μὲν
1321 307 1340 345 ὁ
1365 309 1486 357 δῆμος
1516 320 1557 354 31

160 374 357 424 δεσπότης
392 372 438 424 ἦν
475 374 537 414 καὶ
575 374 701 425 κύριος
737 372 932 418 ἁπάντων,
972 372 1033 412 καὶ
1071 371 1275 424 ἀγαπητὸν
1312 371 1358 422 ἧν
1395 372 1485 424 παρ’

161 441 311 481 ἐκείνου
335 443 412 480 τῶν
436 439 574 480 ἄλλων
598 439 750 493 ἑκάστῳ
777 439 839 479 καὶ
863 440 976 489 τιμῆς
1003 438 1064 478 καὶ
1090 439 1215 491 ἀρχῆς
1242 438 1304 478 καὶ
1338 439 1486 490 ἀγαθοῦ

123 506 265 555 5τινὸς
301 505 636 557 μεταλαμβάνειν,
676 508 745 545 νῦν
782 507 824 545 δὲ
861 504 1092 545 τούναντίον
1137 504 1259 556 κύριοι
1298 507 1370 555 μὲν
1407 509 1485 545 τῶν

161 573 320 624 ἀγαθῶν
344 572 463 617 οῦτοι,
485 572 547 612 καὶ
571 573 635 611 διὰ
659 572 806 612 τούτων
831 570 986 612 ἅπαντα
1010 570 1237 622 πράττεται,
1260 571 1280 609 ὁ
1299 573 1338 611 δὲ
1365 573 1485 621 δῆμος

161 639 203 678 ἐν
222 637 414 689 ὑπηρέτου
436 638 497 678 καὶ
517 636 744 689 προσθήκης
766 637 886 690 μέρει,
908 637 970 677 καὶ
989 638 1098 687 ὑμεῖς
1119 636 1290 689 ἀγαπᾶθ’
1310 637 1358 677 διν
1377 637 1485 678 οὗτοι

160 706 397 755 μεταδιδῶσι
421 703 710 754 λαμβάνοντες.

225 773 444 821 Τοιγαροῦν
470 771 512 810 ἐκ
541 770 691 810 τούτων
719 773 879 810 τοιαῦτα
907 771 956 810 τὰ
985 768 1196 821 πράγματα
1228 771 1295 819 τῆς
1329 770 1483 810 πόλεώς

104 854 141 876 10
160 838 272 877 ἐστιν
304 836 421 882 ὥστε,
457 837 493 877 εἵ
523 853 582 878 τις
615 837 803 888 ἀναγνοίη
837 837 885 875 τὰ
917 835 1152 888 ψηφίσμαθ’
1178 836 1285 886 ὑμῶν
1320 836 1381 876 καὶ
1414 837 1484 876 τὰς

159 901 319 954 πράξεις
353 901 498 954 ἐφεξῆς
530 902 692 949 διέλθοι,
723 902 802 943 οὐδ’
827 902 875 942 ἂν
909 903 964 944 εἶς
998 902 1211 942 πιστεύσαι
1246 906 1323 941 τῶν
1357 902 1484 942 αὐτῶν

160 969 259 1009 εἶναι
288 972 407 1008 ταῦτα
441 970 612 1009 κάκεῖνα.
672 969 756 1009 οἷον
780 970 804 1009 δι
829 967 924 1020 πρὸς
957 969 1046 1010 τοὺς
1080 968 1317 1020 καταράτους
1343 971 1480 1020 Μεγα-

1515 779 1533 812 0>

1538 778 1558 803 ω

160 1035 250 1087 ρέας
283 1034 536 1087 ἐψηφίσασθ’
561 1035 899 1085 ἀποτεμνομένους
932 1034 1003 1085 τὴν
1036 1034 1195 1086 ὀργάδα,
1223 1032 1379 1083 ἐξιέναι,
1409 1051 1480 1074 κω-

159 1101 281 1147 λύειν,
324 1101 376 1151 μὴ
418 1100 654 1154 ἐπιτρέπειν·
705 1101 730 1141 δι
767 1100 863 1153 πρὸς
901 1103 1154 1147 Φλειασίους,
1195 1100 1251 1141 ὅτ’
1292 1099 1482 1150 ἐξέπεσον

103 1184 139 1215 15
159 1167 341 1219 ἔναγχος,
379 1170 555 1217 βοηθεῖν,
595 1167 648 1218 μὴ
687 1167 909 1219 ἐπιτρέπειν
946 1172 1028 1209 τοῖς
1067 1171 1284 1220 σφαγεῦσι,
1324 1171 1401 1208 τῶν
1440 1169 1482 1207 ἐν

162 1232 457 1288 Πελοποννήσῳ
478 1233 566 1275 τοὺς
585 1233 856 1284 βουλομένους
875 1237 1130 1285 παρακαλεῖν.
1190 1233 1346 1274 ἅπαντα
1366 1232 1479 1279 καλά,
1513 1251 1556 1284 33

160 1297 189 1339 ὦ
213 1299 351 1351 ἄνδρες
375 1299 589 1350 Ἀθηναῖοι,
616 1303 737 1340 ταῦτα
763 1300 825 1340 καὶ
851 1300 980 1340 δίκαια
1005 1300 1066 1340 καὶ
1097 1302 1164 1349 τῆς
1194 1301 1348 1341 πόλεως
1377 1297 1480 1348 ἄξια·

159 1367 207 1405 τὰ
243 1366 337 1418 ἔργα
373 1367 415 1406 δὲ
447 1365 548 1406 τάπὸ
579 1366 728 1406 τούτων
759 1365 940 1416 οὐδαμοῦ.
1011 1366 1148 1406 οὐκοῦν
1179 1366 1250 1415 τὴν
1280 1368 1352 1416 μὲν
1386 1365 1479 1406 ἀπέ-
1514 1359 1619 1415 [176]

158 1434 299 1484 χθειαν
319 1433 382 1472 διὰ
401 1435 477 1472 τῶν
495 1431 773 1485 ψηφισμάτων
794 1431 1026 1483 ἐκφέρεσθε,
1044 1436 1120 1472 τῶν
1137 1432 1169 1471 δ’
1185 1432 1311 1484 ἔργων
1326 1431 1480 1473 οὐδενὸς

101 1515 140 1537 20
160 1498 282 1550 κύριοι
301 1499 501 1550 γίγνεσθε·
541 1499 589 1538 τὰ
612 1500 684 1549 μὲν
702 1500 778 1551 γὰρ
796 1499 1043 1550 ψηφίσματα
1061 1497 1158 1550 πρὸς
1176 1497 1221 1538 τὸ
1240 1500 1309 1548 τῆς
1328 1498 1482 1539 πόλεως

159 1563 311 1615 ἀξίωμα
337 1565 580 1617 ψηφίζεσθε,
607 1564 678 1615 τὴν
711 1565 875 1615 δύναμιν
907 1564 940 1604 δ’
970 1564 1038 1604 οὐκ
1072 1565 1289 1606 ἀκόλουθον
1321 1566 1374 1606 ὧν
1399 1569 1479 1617 ψη-

159 1630 316 1683 φίζεσθ’
342 1631 466 1684 ἔχετε.
528 1632 606 1683 ἐγὼ
631 1633 673 1671 δὲ
697 1630 975 1683 παραινέσαιμ’
994 1630 1043 1671 ἂν
1061 1632 1150 1682 ὑμῖν
1167 1629 1249 1682 (καί
1270 1648 1336 1682 μοι
1359 1633 1482 1682 μηδὲν
1513 1641 1557 1676 34

158 1694 386 1749 ὀργισθῆτε)
410 1697 576 1738 ἔλαττον
609 1701 773 1749 φρονεῖν
807 1698 869 1738 καὶ
901 1699 950 1737 τὰ
981 1695 1133 1749 ὑμέτερ’
1167 1697 1292 1738 αὐτῶν
1325 1699 1482 1750 ἀγαπᾶν

159 1762 412 1814 πράττοντας,
439 1760 462 1813 ἢ
487 1764 604 1814 μείζω
630 1764 794 1815 δύναμιν
819 1762 1201 1816 παρασκευάζεσθαι.
1262 1765 1295 1805 εἰ
1318 1766 1389 1815 μὲν
1414 1764 1482 1804 οὗν

101 1847 137 1878 25
158 1831 339 1881 Σιφνίοις
362 1826 385 1879 ἢ
413 1830 593 1872 Κυθνίοις
618 1829 642 1881 ἤ
666 1846 771 1871 τισιν
795 1830 935 1872 ἄλλοις
960 1830 1151 1872 τοιούτοις
1180 1831 1269 1871 οῧσι
1299 1831 1481 1886 συνῄδειν

157 1896 259 1945 ὑμῖν,
300 1895 467 1936 ἔλαττον
504 1899 667 1947 φρονεῖν
710 1897 1001 1947 συνεβούλευον
1042 1896 1103 1938 ἄν·
1155 1896 1288 1947 ἐπειδὴ
1328 1896 1360 1936 δ’
1397 1896 1481 1936 ἔστ’

158 1960 373 2011 Ἀθηναῖοι,
387 1961 431 2001 τὸ
443 1962 512 2012 τὴν
524 1962 688 2013 δύναμιν
700 1962 1084 2015 παρασκευάσασθαι
1097 1967 1284 2016 παραινῶ·
1310 1962 1480 2015 αἰσχρὸν

199 2080 262 2109 2η3
294 2071 442 2103 ἁπάντων
466 2094 473 2101 .
495 2095 502 2102 .
522 2094 528 2101 -
557 2070 717 2110 δεσπότης
742 2071 781 2110 ἣν
807 2073 852 2104 S:
885 2073 1013 2106 πάντων
1038 2097 1043 2103 .
1072 2098 1077 2104 .
1104 2098 1112 2105 .
1139 2073 1178 2111 ἦν
1202 2073 1362 2110 δεσπότης
1386 2071 1474 2112 vulg.

158 2116 173 2150 ξ
192 2115 249 2154 31]
269 2115 309 2145 cf.
328 2115 361 2144 iii
379 2124 483 2152 30-31
617 2115 639 2143 6
662 2115 838 2156 πράττεται
855 2127 919 2147 om.
942 2117 975 2154 S,
994 2117 1054 2147 sed
1072 2118 1111 2147 cf.
1133 2117 1166 2147 iii
1183 2126 1221 2155 31
1380 2126 1396 2153 7
1422 2114 1476 2155 ἂν]

157 2156 176 2187 ἃ
206 2158 244 2189 ἂν
276 2157 365 2187 SA:
404 2159 442 2189 ἄν
472 2171 503 2188 τι
534 2157 621 2196 vulg.
768 2158 855 2191 οὗτοι
886 2160 931 2190 S:
967 2161 1055 2191 αὐτοὶ
1084 2159 1197 2199 vulg.:
1233 2161 1305 2197 ὑμῖν
1332 2158 1418 2190 οὗτοι
1446 2158 1477 2188 Α

159 2209 196 2238 Ῑ3
228 2200 383 2241 ἐψῆφῑσθὲ
409 2200 440 2230 Α
615 2210 717 2239 14-15
749 2202 798 2233 ἃ
843 2226 850 2232 .
879 2202 1059 2244 ἐπιτρέπειν
1082 2213 1144 2234 om
1169 2203 1205 2233 Sl
1223 2203 1313 2241 (add.
1330 2206 1399 2232 ant.
1418 2204 1476 2240 m.)

159 2251 197 2281 15
231 2244 269 2274 τὸ
296 2248 374 2274 ante
403 2244 541 2284 ἔναγχος
573 2244 647 2274 add.
679 2244 792 2283 vulg.:
826 2255 890 2276 om.
924 2246 1032 2276 SAO
1208 2256 1245 2275 21
1284 2245 1342 2286 ὧν]
1373 2244 1417 2277 οἷς
1444 2244 1475 2274 Λ

156 2294 197 2315 22
226 2286 325 2325 μηδὲν
350 2287 522 2327 ὀργισθῆτε
548 2287 592 2317 S:
626 2289 734 2327 μηδεὶς
757 2287 890 2331 ὀργισθῇ
914 2293 992 2320 cett.
1018 2289 1042 2319 S
1066 2302 1117 2329 γρ.
1280 2298 1319 2327 23
1352 2289 1371 2326 ἢ
1395 2292 1474 2318 ante

156 2327 295 2361 ἔλαττον
317 2330 392 2361 add.
421 2329 549 2360 Reiske
707 2339 747 2369 27
779 2331 1079 2372 παρασκευάσασθαι
1106 2332 1149 2364 S:
1182 2330 1473 2373 παρασκευάζεσθαι

155 2371 242 2409 vulg.
