1763 2828
138 121 197 174 [8]

131 1412 192 1466 [9]

654 123 1138 160 ΔΗΜΟΣΘΕΝΟὙΣ
1527 119 1557 172 [1

227 215 420 268 δύσμαχον
443 216 532 255 εἶναι
561 218 623 255 τὸν
647 218 836 256 Φίλιππον
860 219 970 258 οὕτως
1001 216 1081 269 ζὼς)
1112 219 1346 267 ὑπείληπται,
1369 219 1559 269 θαρσύνων

227 269 282 308 ἐπ’
301 272 410 309 αὐτὸν
430 272 512 312 τοὺς
532 271 758 321 Ἀθηναίους.

284 327 491 364 Διείλεκται
513 326 549 364 δὲ
574 327 632 364 καὶ
656 327 738 376 περὶ
762 329 832 364 τῶν
852 327 1039 376 δημοσίων
1058 328 1266 378 χρημάτων,
1289 328 1559 377 συμβουλεύων

227 381 318 418 αὐτὰ
343 382 498 429 ποιῆσαι
525 383 770 430 στρατιωτικὰ
797 382 875 418 ἀντὶ
902 381 1090 431 θεωρικῶν.
1149 382 1207 419 καὶ
1234 382 1275 419 τὸ
1301 382 1380 423 ἔθος
1406 384 1447 420 οὗ
1470 383 1558 431 πρό-

227 433 342 483 δηλον
360 436 410 479 ὅν,
427 434 454 485 ᾧ
470 434 617 486 ἐχρῶνθ’
633 438 667 473 οἱ
682 435 884 484 Ἀθηναῖοι,
899 436 1040 487 ἀνάγκη
1057 437 1278 485 σαφηνίσαι.
1320 438 1385 474 οὐκ
1401 437 1503 477 ὄντος
1515 438 1557 475 τὸ
1576 456 1594 486 5

226 489 388 527 παλαιὸν
397 489 548 539 θεάτρου
562 490 705 529 λιθίνου
718 489 802 539 παρ’
817 492 948 535 αὐτοῖς,
959 492 1059 527 ἀλλὰ
1073 491 1227 536 ξυλίνων
1239 491 1559 543 συμπηγνυμένων

228 544 358 592 ἰκρίων,
383 544 442 581 καὶ
467 545 612 582 πάντων
636 545 938 594 καταλαμβάνειν
960 545 1073 582 τόπον
1097 545 1339 589 σπευδόντων,
1361 546 1509 597 πληγαί
1528 544 1559 583 τ’

227 598 389 649 ἐγίνοντο
415 599 476 636 καί
498 616 570 636 που
598 599 656 636 καὶ
682 599 883 649 τραύματα.
941 602 1048 637 τοῦτο
1071 602 1235 638 κωλῦσαι
1254 599 1505 649 βουληθέντες
1525 601 1559 638 οἱ

226 656 455 701 προεστῶτες
477 657 548 692 τῶν
570 652 775 702 Ἀθηναίων
794 654 951 703 ὠνητοὺς
978 655 1201 703 ἐποιήσαντο
1224 655 1306 695 τοὺς
1332 655 1476 698 τόπους,
1499 654 1559 692 καὶ

227 706 384 745 ἕκαστον
413 707 481 745 ἔδει
515 707 650 746 διδόναι
679 707 731 745 δύ’
761 709 923 757 ὀβολοὺς
953 709 1011 746 καὶ
1041 710 1304 758 καταβαλόντα
1335 709 1420 747 θέαν
1450 709 1556 760 ἔχειν.
1580 724 1618 747 10

227 761 283 799 ἵνα
309 761 346 799 δὲ
372 762 424 811 μὴ
451 762 607 800 δοκῶσιν
634 764 668 800 οἱ
695 763 846 812 πένητες
874 763 1074 801 λυπεῖσθαι
1103 766 1152 814 τῷ
1182 764 1404 813 ἀναλώματι,
1429 766 1468 800 ἐκ
1493 765 1558 801 τοῦ

225 815 407 865 δημοσίου
428 817 638 866 λαμβάνειν
658 817 815 855 ἕκαστον
830 817 968 868 ἐτάχθη
988 818 1071 858 τοὺς
1091 817 1142 855 δύ’
1163 819 1335 867 ὀβολούς.
1395 817 1558 856 ἐντεῦθεν

224 871 291 919 μὲν
312 869 374 908 οὖν
394 871 435 907 τὸ
461 871 540 911 ἔθος
567 871 714 920 ἤρξατο,
740 872 905 921 προῆλθε
932 871 961 909 δ’
987 874 1036 912 εἷς
1061 875 1180 917 τοῦτο,
1202 871 1289 910 ὥστ’
1314 874 1378 910 οὐκ
1403 874 1451 912 εἷς
1474 872 1557 912 τοὺς

224 925 358 964 τόπους
377 925 491 974 μόνον
506 926 732 975 ἐλάμβανον,
751 925 836 963 ἀλλ’
857 927 982 966 ἁπλῶς
1000 927 1119 964 πάντα
1139 928 1184 964 τὸ.
1203 927 1365 976 δημόσια
1384 927 1558 977 χρήματα

225 978 439 1028 διειέμοντο.
500 980 583 1018 ὅθεν
613 980 672 1017 καὶ
700 997 783 1029 περι
811 981 875 1020 τὰς
904 981 1097 1030 στρατείας
1126 981 1274 1030 ὀκνηροὶ
1308 981 1552 1030 κατέστησαν.
1579 995 1617 1028 15

224 1034 342 1071 πάλαι
357 1035 423 1082 μὲι
438 1035 509 1085 γὰρ
525 1035 808 1084 στρατευόμενοι
826 1034 964 1084 μισθὸν
978 1036 1078 1084 παρὰ
1093 1037 1157 1084 τῆς
1172 1036 1313 1076 πόλεως
1329 1036 1556 1085 ἐλάμβανον,

224 1088 306 1125 τότε
327 1086 356 1125 δ’
377 1091 414 1125 ἐι
433 1105 510 1129 ταις
532 1089 695 1138 θεωρίαις
716 1089 774 1127 καὶ
794 1091 872 1129 ταῖς
892 1092 1032 1139 ἑορταῖς
1052 1090 1144 1128 οἴκοι
1163 1090 1332 1139 μένοντες
1352 1089 1558 1139 διενέμοντο

224 1143 270 1180 τὰ
296 1143 478 1193 χρήματα·
512 1142 626 1181 οὐκέτ’
651 1143 713 1181 οὖν
736 1143 871 1192 ηθελον
891 1144 1021 1190 ἐξιέναι
1046 1144 1106 1182 καὶ
1130 1144 1353 1189 κινδυνεύειν,
1376 1146 1478 1182 ἀλλὰ
1499 1143 1559 1181 καὶ

225 1197 338 1245 νόμον
359 1197 480 1235 έθεντο
503 1215 585 1247 περι
605 1201 676 1236 τῶν
697 1198 874 1247 θεωρικῶν
893 1198 1029 1237 τούτων
1048 1199 1257 1249 χρημάτων,
1280 1199 1476 1237 θάνατον’
1457 1215 1558 1236 απει-

226 1253 362 1289 λοῦντα
385 1254 434 1289 τῶ
456 1252 638 1303 γράψαντι
662 1252 903 1301 μετατεθῆναι
927 1252 1025 1290 ταῦτ’
1046 1255 1094 1294 εἷς
1113 1254 1180 1302 τὴν
1200 1254 1356 1304 ἀρχαίαν
1375 1253 1478 1299 τάξιν
1498 1253 1556 1290 καὶ
1579 1267 1618 1290 20

225 1306 397 1356 γενέσθαι
418 1307 672 1355 στρατιωτικά.
712 1307 770 1344 δια
790 1306 888 1345 τοιθ’
909 1308 928 1345 ὁ
949 1308 1195 1356 Δημοσθένης
1215 1308 1427 1357 εἶν”λαβῶς
1405 1324 1557 1345 απτεται

224 1361 288 1408 τῆς
307 1360 389 1409 περὶ
408 1361 538 1399 τούτου
559 1362 791 1410 συμβουλῆς,
816 1361 875 1399 καὶ
895 1362 1132 1411 ὑπερωτήσας
1153 1362 1280 1400 ἑαυτὸν
1299 1362 1355 1400 ὅτι
1378 1363 1387 1381 ‘
1400 1362 1449 1400 σὺ
1468 1362 1557 1412 γρά-

226 1418 306 1462 φεις
340 1414 438 1452 ταῦτ’
473 1415 561 1453 εἶναι
595 1416 851 1465 στρατιωτικά,·
865 1414 873 1426 ’
916 1417 1081 1465 ἐπιφέρει
1115 1420 1123 1435 ‘
1135 1417 1189 1466 μὰ
1222 1415 1282 1454 Δί’
1315 1418 1379 1454 οὐκ
1418 1415 1557 1468 ἕγωγε.’

225 1472 388 1506 τοσαῦτα
407 1471 474 1519 μὲν
493 1471 575 1519 περὶ
594 1474 665 1508 τῶν
687 1471 873 1520 θεωρικῶν.

281 1524 489 1561 Διείλεκται
524 1523 552 1562 δ’
584 1526 603 1562 ὁ
634 1525 754 1574 ῥήτωρ
789 1525 847 1561 καὶ
880 1524 962 1573 περὶ
995 1527 1187 1574 πολιτικῆς
1221 1525 1414 1574 δυνάμεως,
1448 1525 1557 1570 ἀξιῶν
1577 1540 1614 1571 25

225 1578 354 1618 αὐτοὺς
370 1579 647 1627 στρατεύεσθαι,
665 1579 724 1617 καὶ
743 1579 795 1628 μὴ
811 1579 869 1617 διὰ
885 1580 1004 1627 ξένων,
1025 1580 1149 1629 ὥσπερ
1164 1579 1351 1623 εἰώθεσαν,
1368 1579 1557 1618 ποιεῖσθαι

224 1632 291 1680 τὴν
321 1633 509 1682 βοήθειαν·
552 1636 660 1672 τοῦτο
693 1635 764 1685 γὰρ
798 1634 912 1671 αἴτιον
943 1633 1036 1671 εἶναι’
1066 1638 1164 1682 φησι
1197 1636 1261 1671 τοῦ
1294 1636 1339 1672 τὰ
1372 1632 1557 1685 πράγματ’

224 1687 474 1725 ἀπόλλυσθαι.

291 1780 402 1822 ’Ami
436 1786 597 1822 πολλῶν
631 1782 690 1829 ἄν,
727 1780 756 1822 ὦ
789 1781 928 1833 ἄνδρες
958 1781 1172 1832 Ἀθηναῖοι,
1210 1781 1422 1836 χρημάτων
1456 1782 1555 1832 ὑμᾶς

225 1847 390 1889 ἑλέσθαι
416 1849 571 1899 νομίζω,
595 1850 627 1889 εἰ
648 1848 822 1901 φανερὸν
847 1848 1003 1901 γένοιτο
1028 1848 1073 1890 τὸ
1098 1849 1252 1900 μέλλον
1278 1850 1482 1889 συνοίσειν
1508 1854 1555 1905 τῇ
1575 1866 1615 1898 30

224 1916 340 1956 πόλει
366 1915 452 1967 περὶ
477 1917 531 1956 ὧν
557 1917 641 1956 νυνὶ
667 1920 866 1957 σκοπεῖτε.
927 1917 993 1957 ὅτε
1018 1918 1151 1957 τοίνυν
1175 1915 1280 1956 τοῦθ’
1307 1917 1428 1957 οὕτως
1454 1915 1551 1969 ἔχει,

223 1981 415 2035 προσήκει
431 1982 639 2035 προθύμως
660 1982 848 2025 ἐθέλειν’
830 1984 985 2025 ακούειν
1001 1988 1078 2025 τῶν
1097 1982 1358 2035 βουλομένων
1374 1986 1552 2034 συμβου-

224 2050 367 2090 λεύειν·
406 2050 450 2090 οὐ
480 2052 554 2103 γὰρ
584 2050 708 2101 μόνον
734 2052 770 2091 εἴ
797 2067 834 2091 τι
865 2068 1064 2105 χρησιμον
1096 2049 1336 2102 ἐσκεμμένος
1365 2049 1450 2100 ἥκει
1479 2065 1550 2095 τις,

224 2115 327 2155 τοῦτ’
353 2116 400 2156 ἂν
427 2117 669 2159 ἀκούσαντες
696 2106 881 2168 λάβοιτε,
906 2118 1012 2158 ἀλλὰ
1039 2118 1101 2157 καὶ
1126 2134 1194 2168 της
1220 2116 1408 2168 ὑμετέρας
1432 2116 1554 2169 τύχης

224 2182 498 2234 ὑπολαμβάνω
530 2185 663 2223 πολλὰ
695 2187 773 2224 τῶν
803 2185 974 2224 δεόντων
1005 2202 1048 2224 εκ
1081 2188 1148 2224 τοῦ
1181 2182 1403 2236 παραχρῆμ’
1434 2183 1553 2224 ἐνίοις
1572 2200 1612 2232 35

224 2247 273 2289 ἂν
304 2250 487 2291 ἐπελθεῖν
518 2252 655 2296 εἰπεῖν,
689 2250 783 2289 ὥστ’
805 2249 852 2300 ἐξ
877 2250 1060 2291 ἁπάντων
1088 2251 1226 2304 ῥαδίαν
1256 2266 1327 2300 την
1356 2252 1424 2289 τοῦ
1454 2266 1552 2300 συμ-

226 2315 417 2368 φέροντος
443 2317 532 2366 ὑμῖν
557 2317 710 2368 αἵρεσιν
735 2315 935 2368 γενέσθαι.

230 2433 242 2453 1
270 2424 367 2456 οὕτως
385 2425 424 2455 ὡς
444 2423 541 2454 Blass
558 2435 563 2453 ι
590 2425 687 2456 οὕτως
705 2425 802 2455 codd.
820 2436 825 2454 τ
853 2427 912 2465 οὐχ
930 2427 969 2457 ὡς
990 2425 1177 2456 Felicianus
1324 2436 1365 2464 29
1390 2426 1426 2457 ἄν
1444 2435 1508 2456 om.
1528 2426 1551 2455 5
