1731 2844
159 522 176 554 5

139 853 178 875 10

140 1183 175 1214 15

140 1519 179 1541 20

142 1848 178 1879 25

197 135 256 188 1x]
552 139 711 177 ΚΑΤΑ
760 138 1076 175 ΦΙΛΙΠΠΟΎ
1123 139 1153 174 Γ

196 240 404 296 ᾠκήθησαν
429 240 688 293 προσελθόντ’
712 240 811 281 εἶναι
841 237 975 293 ῥᾴδιον
1006 240 1142 279 εἰπεῖν·
1181 237 1244 278 καὶ
1276 237 1320 277 τὸ
1345 238 1515 278 Φωκέων

197 308 309 350 ἔθνος
340 311 528 348 τοσοῦτον
561 305 804 363 ἀνῃρημένον
837 309 986 346 σιωπῶ.
1057 305 1164 345 ἀλλὰ
1197 305 1402 344 Θετταλία
1434 308 1515 345 πῶς

197 375 300 428 ἕχει;
339 373 428 426 οὐχὶ
456 375 525 416 τὰς
553 373 754 415 πολιτείας
787 372 849 412 καὶ
878 374 947 412 τὰς
977 372 1114 412 πόλεις
1143 370 1270 410 αὐτῶν
1299 367 1515 426 παρῄρηται

199 441 261 481 καὶ
285 441 516 493 τετραρχίας
537 439 793 489 κατέστησεν,
814 439 879 479 ἵνα
902 438 954 489 μὴ
979 438 1100 488 μόνον
1127 438 1223 477 κατὰ
1247 437 1383 477 πόλεις
1409 437 1516 476 ἀλλὰ

198 506 260 547 καὶ
286 506 368 547 κατ’
393 506 484 557 ἔθνη
509 506 770 552 ὃουλεύωσιν;
809 506 848 545 αἱ
873 504 905 544 δ’
931 506 973 544 ἐν
1001 503 1156 557 Εὐβοίᾳ
1184 504 1321 544 πόλεις
1351 503 1418 543 οὐκ
1442 502 1514 553 ἤδη

197 576 485 624 τυραννοῦνται,
514 573 575 613 καὶ
599 571 704 612 ταῦτ’
729 573 772 612 ἐν
797 569 904 625 νήσῳ
930 571 1103 620 πλησίον
1130 572 1284 620 Θηβῶν
1310 569 1372 609 καὶ
1397 568 1514 619 Ἀθη-

197 643 293 686 νῶν,·
328 638 372 679 οὐ
396 637 604 691 διαρρήδην
629 639 683 679 εἷς
708 639 776 679 τὰς
801 638 1017 678 ἐπιστολὰς
1042 635 1190 689 γράφει
1215 638 1225 653 ‘
1242 636 1327 686 ἐμοὶ
1351 635 1384 675 δ’
1405 635 1517 675 ἐστὶν

197 704 328 757 εἰρήνη
347 704 443 756 πρὸς
461 704 551 746 τοὺς
576 704 732 745 ἀκούειν
758 705 850 755 ἐμοῦ
877 702 1188 755 βουλομένους’;
1216 702 1278 742 καὶ
1302 702 1346 742 οὐ
1370 701 1518 753 γράφει

196 773 267 823 μὲν
296 774 426 817 ταῦτα,
453 774 533 813 τοῖς
562 770 595 811 δ’
621 770 751 823 ἔργοις
783 770 827 811 οὗ
857 773 973 816 ποιεῖ,
1002 769 1093 810 ἀλλ’
1120 768 1184 822 ἐφ’
1208 767 1517 818 <Ελλήσποντον

197 839 359 890 οἴχεται,
393 838 584 889 πρότερον
616 837 710 888 ἧκεν
744 836 804 877 ἐπ’
838 836 1099 889 Ἀμβρακίαν,
1129 835 1256 876 ςΗλιν
1289 835 1373 887 ἔχει
1405 840 1515 885 τηλι-

199 904 339 954 καύτην
380 904 498 945 πόλιν
540 905 582 944 ἐν
624 902 938 957 Πελοποννήσῳ,
978 902 1179 955 Μεγάροις
1224 901 1517 952 ἐπεβούλευσεν

197 971 343 1022 πρώην,
364 970 446 1010 οὔθ’
465 970 488 1021 ἡ
507 969 658 1012 Ἑλλὰς
678 969 760 1010 οὔθ’
779 970 802 1020 ἡ
822 969 1030 1022 βάρβαρος
1048 968 1118 1018 τὴν
1138 966 1372 1017 πλεονεξίαν
1397 970 1520 1021 χωρεῖ

197 1037 438 1087 τάνθρώπου.
509 1036 571 1076 καὶ
605 1036 713 1076 ταῦθ’
747 1037 913 1087 ὁρῶντες
948 1037 984 1075 οἱ
1012 1034 1214 1085 ”Ελληνες
1249 1033 1419 1075 ἅπαντες
1456 1033 1517 1073 καὶ

198 1103 405 1145 ἀκούοντες
435 1103 479 1143 οὐ
508 1102 712 1154 πέμπομεν
746 1102 938 1153 πρέσβεις
971 1102 1059 1153 περὶ
1087 1101 1235 1141 τούτων
1264 1099 1360 1152 πρὸς
1392 1098 1517 1150 ἀλλή-

197 1173 292 1211 λους
333 1170 663 1221 κάγανακτοῦμεν,
703 1169 801 1209 οὕτω
839 1170 881 1209 δὲ
918 1171 1043 1210 κακῶς
1078 1168 1303 1218 διακείμεθα
1340 1166 1401 1207 καὶ
1437 1169 1515 1206 διο-

196 1235 428 1287 ρωρύγμεθα
454 1237 550 1276 κατὰ
570 1235 707 1277 πόλεις
726 1234 822 1275 ὥστ’
843 1234 935 1288 ἄχρι
958 1237 1027 1284 τῆς
1051 1232 1218 1285 τήμερον
1236 1232 1382 1285 ἡμέρας
1406 1233 1517 1273 οὐδὲν

198 1302 286 1342 οὔτε
309 1305 387 1342 τῶν
412 1302 698 1354 συμφερόντων
723 1302 811 1342 οὔτε
834 1304 912 1342 τῶν
937 1301 1105 1341 δεόντων
1135 1298 1280 1352 πρᾶξαι
1309 1298 1515 1350 δυνάμεθα,

197 1367 287 1409 οὐδὲ
320 1370 525 1418 συστῆναι,
562 1368 649 1409 οὐδὲ
685 1369 890 1409 κοινωνίαν
922 1368 1110 1419 βοηθείας
1143 1366 1206 1406 καὶ
1239 1367 1377 1419 φιλίας
1409 1365 1515 1406 οὐδε-

197 1436 290 1486 μίαν
330 1433 587 1485 ποιήσασθαι,
628 1435 734 1475 ἀλλὰ
775 1434 891 1485 μείζω
934 1433 1169 1486 γιγνόμενον
1206 1432 1274 1473 τὸν
1310 1432 1517 1483 ἄνθρωπον

199 1505 452 1554 περιορῶμεν,
473 1501 542 1542 τὸν
567 1502 713 1555 χρόνον
734 1504 916 1553 κερδᾶναι
933 1504 1070 1541 τοῦτον
1090 1499 1135 1540 ὃν
1154 1499 1278 1541 ἄλλος
1297 1499 1518 1538 ἀπόλλυται

198 1568 364 1610 ἕκαστος
398 1568 590 1621 ἐγνωκώς,
627 1569 679 1610 ὥς
713 1568 750 1620 γ’
781 1567 866 1619 ἐμοὶ
899 1571 1016 1613 δοκεῖ,
1048 1566 1118 1619 οὐχ
1152 1567 1258 1607 ὅπως
1292 1563 1517 1615 σωθήσεται

198 1636 244 1674 τὰ
269 1639 346 1675 τῶν
369 1634 577 1686 Ἑλλήνων
604 1638 765 1675 σκοπῶν
791 1634 878 1675 οὐδὲ
903 1632 1096 1686 πράττων,
1121 1633 1219 1679 ε’πεί,
1241 1632 1302 1672 ὅτι
1326 1631 1363 1684 γ’
1383 1632 1518 1682 ὥσπερ

198 1703 375 1752 περίοδος
399 1699 422 1752 ἢ
450 1701 653 1753 καταβολὴ
688 1704 853 1753 πυρετοῦ
877 1697 900 1751 ἢ
926 1700 1052 1740 ἄλλου
1080 1699 1186 1741 τινὸς
1219 1701 1336 1738 κακοῦ
1369 1699 1432 1738 καὶ
1464 1701 1517 1751 τῷ

199 1766 298 1808 πάνυ
335 1769 464 1821 πόρρω
501 1772 678 1809 δοκοῦντι
713 1772 780 1809 νῦν
817 1766 1042 1820 ἀφεστάναι
1077 1765 1354 1818 προσέρχεται,
1393 1764 1518 1805 οὐδεὶς

199 1834 344 1885 ἀγνοεῖ.
416 1836 477 1875 καὶ
501 1835 578 1887 μὴν
604 1835 762 1875 κάκεῖνό
793 1834 830 1886 γ’
855 1836 955 1880 ἴστε,
982 1834 1044 1873 ὅτι
1078 1834 1155 1873 ὅσα
1186 1834 1258 1883 μὲν
1291 1831 1366 1872 ὑπὸ
1392 1833 1515 1870 Λακε-

199 1903 408 1951 δαιμονίων
437 1899 461 1952 ἦ
486 1901 553 1953 ὑφ’
577 1902 687 1953 ἡμῶν
719 1901 900 1953 ἔπασχον
933 1898 1200 1950 οἱἽΕλληνες,
1228 1897 1319 1939 ἀλλ’
1344 1898 1413 1938 οῦν
1444 1896 1519 1937 ὑπὸ

200 1969 374 2018 γνησίων
407 1968 443 2020 γ’
476 1970 601 2009 ὄντων
633 1971 701 2018 τῆς
732 1966 931 2009 Ἑλλάδος
963 1966 1178 2017 ἠδικοῦντο,
1207 1965 1270 2005 καὶ
1302 1964 1371 2005 τὸν
1403 1962 1520 2003 αὐτὸν

246 2087 259 2107 1
296 2077 464 2118 ᾠκήθησαν
493 2077 659 2108 SAFY:
695 2077 877 2117 ᾠκίσθησαν
907 2076 932 2105 L
961 2075 1050 2115 vulg.
1081 2074 1224 2113 Dionys.
1255 2073 1331 2104 Hal.
1364 2083 1392 2112 p.
1426 2082 1517 2111 1119,

201 2120 322 2152 Strabo
340 2131 369 2159 p.
393 2131 448 2151 121
587 2120 797 2162 προσελθόντ’
815 2120 893 2152 εἶναι
915 2118 1023 2161 ῥᾴδιον
1045 2120 1145 2150 εἰπεῖν
1167 2119 1189 2148 S
1203 2117 1294 2147 LA:
1319 2117 1396 2148 εἶναι
1413 2115 1522 2157 ῥᾴδιον

200 2164 410 2205 προσελθόντ’
429 2165 528 2196 εἰπεῖν
547 2164 576 2194 O
594 2163 683 2202 vulg.
820 2173 839 2202 3
863 2163 921 2194 τὰς
938 2163 1103 2194 πολιτείας
1122 2161 1171 2193 καῖ
1188 2161 1246 2192 τὰς
1263 2160 1373 2191 πόλεις
1394 2159 1417 2189 S
1432 2158 1518 2189 LA:

202 2208 258 2239 τὰς
274 2207 383 2240 πόλεις
401 2209 451 2239 καὶ
469 2208 525 2239 τὰς
547 2207 711 2239 πολιτείας
728 2206 816 2245 vulg.
837 2206 1003 2244 Harpocr.
1024 2216 1049 2236 s.
1068 2216 1096 2235 V.
1119 2205 1204 2236 ἔθνος
1221 2215 1227 2233 :
1260 2205 1310 2234 καὶ
1332 2204 1390 2235 τὰς
1413 2202 1521 2234 πόλεις

202 2260 266 2280 om.
289 2251 429 2290 Dionys.
452 2250 528 2281 Hal.
549 2260 579 2289 p.
604 2260 704 2280 1120:
731 2250 811 2280 secl.
831 2249 870 2280 G.
890 2249 934 2279 H.
957 2248 1122 2279 Schacfer
1279 2257 1298 2284 4
1330 2246 1521 2287 τετραρχίας

204 2293 228 2323 S
241 2293 284 2324 L:
310 2294 542 2335 τετραδαρχίας
558 2293 646 2332 vulg.
662 2293 828 2332 Harpocr.
922 2303 939 2331 7
966 2293 1008 2324 εἷς
1025 2292 1082 2323 τὰς
1100 2290 1275 2323 ἐπιστολὰς
1294 2290 1317 2320 S
1330 2289 1356 2319 L
1373 2300 1379 2319 z
1404 2292 1437 2321 ἐν
1453 2291 1522 2321 ταῖς

205 2338 389 2369 ἐπιστολαῖς
414 2337 516 2376 vulg,
542 2337 581 2369 cf.
610 2337 668 2366 xix
693 2347 746 2375 40,
771 2337 813 2366 68
979 2346 1021 2365 20
1053 2337 1200 2375 κερδᾶναι
1224 2333 1343 2364 codd.:
1377 2334 1522 2374 κερδῆναι

206 2378 303 2409 Blass
434 2390 474 2419 25
499 2380 598 2418 δήπου
615 2384 691 2419 post
709 2380 821 2420 ἀγνοεῖ
835 2379 910 2411 add.
931 2378 1021 2417 vulg.
1038 2389 1044 2409 z
1070 2387 1134 2408 om.
1157 2378 1180 2408 S
1194 2376 1230 2407 Ll

1542 134 1637 189 [117]

1545 518 1588 553 27

1547 637 1643 692 [118]

1546 1041 1591 1076 28

1548 1444 1592 1479 29

1549 1839 1594 1873 30
