1763 2828
172 606 232 632 121

118 659 234 714 [268]

169 1075 232 1100 122

166 1543 230 1578 123

170 2009 234 2043 124

700 151 1185 190 ΔΗΜΟΣΘΕΝΟΎΣ
1481 150 1600 204 [xvm

859 252 1015 280 ΝΟΜΟΣ.

322 313 475 367 [”Οσους
503 315 740 364 στεφανοῦσί
764 330 856 354 τινες
884 316 955 351 τῶν
984 313 1119 363 δήμων,
1148 314 1213 354 τὰς
1243 315 1501 366 ἀναγορεύσεις
1530 320 1602 356 τῶν

270 371 465 419 στεφάνων
483 370 672 408 ποιεῖσθαι
692 372 729 408 ἐν
749 370 870 408 αὐτοῖς
890 368 1068 408 ἑκάστους
1087 369 1163 408 τοῖς
1185 367 1285 409 ἰδίοις
1305 369 1441 419 δήμοις,
1466 373 1528 410 ἐὰν
1547 373 1601 422 μή

268 441 367 465 τινας
390 426 409 463 ὁ
436 425 550 474 δῆμος
574 426 594 463 ὃ
617 427 688 462 τῶν
707 422 912 473 Ἀθηναίων
931 421 954 472 ἢ
977 423 1001 471 ἡ
1024 422 1153 472 βουλὴ
1179 425 1371 472 στεφανοῖ·
1401 427 1551 468 τούτους
1570 425 1601 466 δ’

269 480 401 525 ἐξεῖναι
423 482 461 517 ἐν
480 482 530 531 τῷ
551 479 689 531 θεάτρῳ
710 478 920 518 Διονυσίοις
942 507 949 514 .
974 507 981 515 .
1005 474 1026 528 .]
1619 500 1636 532 5

335 594 524 640 Ἀκούεις,
560 594 746 647 Αἰσχίνη,
784 596 854 633 τοῦ
891 593 1011 644 νόμου
1047 592 1239 645 λέγοντος
1274 596 1427 646 σαφῶς,
1465 595 1598 647 (πλὴν

267 660 336 702 ἐάν
362 677 470 702 τινας
503 662 523 700 ὁ
553 662 672 711 δῆμος
702 657 725 710 ἢ
753 661 776 711 ἡ
801 659 932 711 βουλὴ
958 661 1206 712 ψηφίσηται·
1244 660 1404 702 τούτους
1437 661 1469 701 δ’
1501 662 1594 703 ἀνα-

266 726 488 780 γορευέτω.’
557 727 597 767 τί
623 726 703 772 οὖν,
731 724 760 766 ὦ
790 727 1027 778 ταλαίπωρε,
1062 731 1346 780 συκοφαντεῖς,·
1385 729 1426 768 τί
1451 729 1597 781 λόγους

266 793 473 840 πλάττεις;
521 794 562 834 τί
592 792 739 833 σαυτὸν
773 792 840 834 οὐκ
877 793 1146 845 ἐλλεβορίζεις
1183 793 1247 835 ἐπὶ
1283 795 1454 842 τούτοις,·
1505 796 1595 836 ἀλλ’

266 861 347 902 οὐδ’
372 861 555 914 αἰσχύνει
583 861 733 913 φθόνου
763 861 873 910 δίκην
902 859 1087 912 εἰσάγων,
1119 859 1188 900 οὐκ
1220 861 1457 912 ἀδικήματος
1486 862 1594 904 οὐδε·
1619 883 1658 905 10

265 928 344 974 νός,
373 928 435 968 καὶ
460 928 601 979 νόμους
625 929 861 978 μεταποιῶν,
888 929 966 966 τῶν
991 926 1023 966 δ’
1044 927 1224 979 ἀφαιρῶν
1249 927 1360 979 μέρη,
1388 928 1454 970 οὓς
1478 929 1597 972 ὅλους

265 996 415 1036 δίκαιον
445 993 492 1045 ἦν
517 994 888 1046 ἀναγιγνώσκεσθαι
918 996 999 1034 τοῖς
1029 992 1065 1046 γ’
1096 994 1348 1045 ὀμωμοκόσιν
1380 996 1476 1034 κατὰ
1505 995 1596 1038 τοὺς

264 1063 406 1113 νόμους
434 1064 700 1114 ψηφιεῖσθαι,·
739 1061 874 1102 ἔπειτα
904 1063 1063 1101 τοιαῦτα
1091 1063 1214 1101 ποιῶν
1237 1060 1370 1113 λέγεις
1400 1062 1509 1102 πόσα
1538 1064 1600 1103 δεῖ

234 1146 237 1157 ³
265 1133 472 1181 προσεῖναι
507 1132 560 1183 τῷ
598 1131 803 1183 δημοτικῷ,
840 1127 975 1179 ὥσπερ
1008 1127 1211 1179 ᾆνὸριάντῖῖ
1239 1128 1596 1175 ἐκδεὸῳκιῲὶέᾳῑὰ

265 1194 516 1253 συγγραφήν,
544 1194 614 1237 εἶτ’
641 1195 709 1235 οὐκ
740 1195 871 1248 ἔχονθ’
900 1195 926 1235 ἃ
954 1196 1155 1247 προσῆκεν
1185 1196 1228 1235 ἐκ
1257 1197 1326 1246 τῆς
1357 1198 1595 1249 συγγραφῆς
1619 1215 1656 1247 15

265 1263 529 1314 κομιζόμενος,
551 1259 574 1313 ἢ
599 1262 708 1317 λόγῳ
733 1262 822 1304 τοὺς
847 1261 1090 1313 δημοτικούς,
1112 1261 1204 1302 ἀλλ’
1225 1261 1269 1302 οὐ
1288 1266 1371 1304 τοῖς
1389 1262 1595 1315 πράγμασι

265 1330 327 1371 καὶ
352 1333 432 1372 τοῖς
457 1330 744 1381 πολιτεύμασιν
768 1327 1124 1381 γιγνωσκομένους.
1197 1329 1259 1369 καὶ
1283 1333 1385 1385 βοᾷς
1407 1330 1506 1381 ῥητὰ
1531 1330 1594 1371 καὶ

263 1396 396 1449 ἄρρητ’
422 1396 635 1448 ὀνομάζων,
663 1397 799 1448 ὥσπερ
823 1395 869 1446 ἐξ
891 1394 1053 1446 ἀμάξης,
1081 1396 1105 1436 ἃ
1130 1396 1195 1436 σοὶ
1222 1396 1283 1436 καὶ
1313 1400 1366 1451 τῷ
1397 1400 1456 1451 σῷ
1486 1395 1594 1448 γένει

263 1464 494 1515 πρόσεστιν,
521 1464 590 1504 οὐκ
614 1464 714 1514 ἐμοί.
775 1464 901 1503 καίτοι
927 1463 989 1502 καὶ
1013 1461 1129 1509 τοῦτ’,
1157 1460 1186 1502 ὦ
1211 1462 1349 1515 ἄνδρες
1374 1462 1591 1513 Ἀθηναῖοι·

262 1530 340 1583 ἐγὼ
367 1531 569 1582 λοιδορίαν
597 1531 830 1582 κατηγορίας
858 1529 981 1583 τούτῳ
1012 1528 1213 1581 διαφέρειν
1237 1529 1417 1581 ἡγοῦμαι,
1445 1533 1497 1584 τῷ
1523 1529 1594 1579 τὴν
1616 1549 1657 1571 20

261 1599 333 1648 μὲν
364 1597 599 1649 κατηγορίαν
628 1594 831 1647 ἀδικήματ’
857 1596 977 1648 ἔχειν,
1004 1596 1059 1636 ὧν
1083 1597 1126 1636 ἐν
1150 1599 1230 1637 τοῖς
1258 1596 1393 1646 νόμοις
1422 1596 1526 1636 εἰσὶν
1555 1597 1594 1636 αἱ

261 1665 454 1717 τιμωρίαι,
479 1663 550 1714 τὴν
576 1665 617 1704 δὲ
646 1662 849 1714 λοιδορίαν
872 1663 1152 1714 βλασφημίας,
1179 1663 1224 1704 ἃς
1249 1664 1347 1702 κατὰ
1371 1662 1442 1712 τὴν
1467 1663 1593 1702 αὑτῶν

263 1731 388 1784 φύσιν
413 1734 493 1773 τοῖς
518 1731 674 1784 ἐχθροῖς
699 1729 787 1781 περὶ
811 1727 1002 1779 ἀλλήλων
1028 1729 1240 1780 συμβαίνει
1269 1728 1416 1781 λέγειν.
1488 1730 1591 1769 οἷκο-

265 1799 437 1849 δομῆσαι
465 1799 507 1838 δὲ
536 1796 627 1839 τοὺς
658 1797 876 1849 προγόνους
905 1797 1015 1836 ταυτὶ
1048 1797 1096 1835 τὰ
1128 1794 1346 1847 δικαστήρι’
1375 1795 1592 1848 ὑπείληφα,

265 1864 338 1917 οὐχ
366 1866 431 1905 ἵνα
460 1862 727 1915 συλλέξαντες
755 1864 852 1914 ὑμᾶς
882 1864 937 1904 εἷς
965 1865 1087 1903 ταῦτα
1115 1862 1193 1903 ἀπὸ
1221 1866 1300 1903 τῶν
1330 1863 1438 1903 ἰδίων
1470 1865 1596 1904 κακῶς
1617 1879 1655 1910 25

269 1931 491 1984 τάπόρρητα
516 1930 697 1984 λέγωμεν
722 1928 936 1980 ἀλλήλους,
959 1928 1051 1970 ἀλλ’
1071 1928 1121 1970 ἵν’
1142 1928 1417 1982 ἐξελέγχωμεν
1443 1927 1513 1970 ἐάν
1536 1945 1596 1971 τις

264 1998 455 2049 ἠδικηκώς
479 2015 516 2039 τι
538 1996 716 2054 τυγχάνῃ
741 1997 812 2047 τὴν
837 1996 967 2037 πόλιν.
1028 1999 1149 2036 ταῦτα
1167 1997 1299 2037 τοίνυν
1317 1996 1428 2038 εἰδὼς
1448 1996 1593 2048 Αἰσχί-

265 2082 334 2116 νης
358 2064 471 2106 οὐδὲν
495 2064 614 2116 ἣττον
639 2066 733 2116 ἐμοῦ
758 2062 974 2114 πομπεύειν
994 2063 1080 2103 ἀντὶ
1105 2065 1173 2102 τοῦ
1199 2065 1430 2115 κατηγορεῖν
1451 2063 1592 2103 εἵλετο.

264 2131 309 2172 οὐ
340 2131 418 2183 μὴν
447 2131 527 2173 οὐδ’
557 2131 709 2173 ἐνταῦθ’
741 2131 908 2172 ἔλαττον
937 2130 1042 2183 ἔχων
1072 2130 1219 2172 δίκαιός
1248 2130 1360 2170 ἐστιν
1389 2130 1592 2170 ἀπελθεῖν.

306 2251 326 2281 5
351 2246 427 2282 post
445 2242 624 2274 Διονυσίοις
640 2241 717 2272 add.
737 2243 850 2281 εξειναι
869 2243 958 2271 εσθαι
976 2238 1043 2269 SY
1058 2249 1065 2269 t
1090 2240 1327 2280 στεφανοῦσθαι
1347 2237 1372 2268 L
1387 2248 1394 2268 τ
1423 2238 1592 2279 ἀναγορεύ-

264 2289 351 2317 εσθαι
369 2286 457 2325 vulg.
619 2295 636 2324 7
661 2284 842 2326 ψηφίσηται
860 2282 884 2313 S
898 2283 923 2312 L
934 2282 966 2312 A
979 2283 1004 2312 F
1015 2282 1045 2321 Q
1060 2281 1089 2313 O
1104 2293 1110 2314 :
1137 2282 1385 2323 στεφανώσηται
1405 2281 1428 2311 S
1445 2291 1546 2320 marg.
1569 2281 1595 2311 F

263 2338 366 2368 marg.
386 2330 477 2368 vulg.
627 2339 648 2368 9
671 2327 811 2359 πλάττει
830 2326 938 2356 Cobet
1089 2335 1129 2356 10
1153 2325 1293 2365 εἰσάγων
1309 2324 1399 2364 vulg.
1418 2335 1424 2354 :
1450 2325 1594 2365 εἰσάγειν

265 2372 288 2401 S
301 2372 327 2402 L
340 2372 376 2402 F¹
389 2372 419 2411 Q
553 2371 695 2412 οὐδενός]
719 2371 845 2402 οὐδενὸς
867 2372 985 2406 λαβεῖν
1006 2369 1160 2411 τιμωρίαν
1176 2368 1260 2408 ΑΟ,
1281 2368 1408 2399 illatum
1432 2378 1475 2398 ex
1494 2372 1509 2405 ἕ
1528 2368 1593 2399 280

266 2424 300 2445 11
326 2416 401 2448 τοὺς
417 2415 476 2455 μὲν
493 2420 570 2455 post
588 2415 700 2454 νόμους
721 2414 796 2444 add.
819 2413 844 2443 L
860 2413 949 2451 vulg.
965 2424 970 2441 z
1004 2423 1067 2443 om.
1091 2412 1127 2443 S¹
1308 2421 1345 2450 13
1368 2411 1455 2443 πόσα
1473 2411 1570 2442 Blass
1585 2422 1593 2441 ε

263 2460 338 2500 πρὸς
356 2459 375 2491 ἃ
394 2459 417 2489 S
431 2459 456 2488 L
474 2468 559 2490 corr.
580 2459 604 2489 F
616 2458 642 2488 B
661 2470 667 2488 ε
692 2458 711 2490 ἃ
727 2456 816 2495 vulg.
953 2465 994 2494 25
1020 2459 1124 2488 κακῶς
1141 2455 1218 2486 secl.
1239 2454 1483 2486 Westermann
