1763 2828
158 537 202 571 62

657 139 1144 176 ΔΗΜΟΣΘΕΝΟΎΣ
1476 133 1560 187 {mx

237 242 291 281 ὧν
326 244 509 283 καθεῖλον
542 242 669 282 αὐτῶν
698 244 744 282 τὰ
782 242 906 294 τείχη,
942 241 990 282 ἵν’
1025 241 1144 291 εἰδῆθ’
1180 242 1272 281 οἵων
1305 241 1563 294 ὑπαρχόντων

237 308 366 350 αὐτοῖς
386 309 476 362 παρ’
493 310 599 360 ὑμῶν
620 309 712 350 οἵων
733 308 874 362 ἔτυχον
895 310 957 349 διὰ
976 307 1136 350 τούτους
1154 307 1243 350 τοὺς
1261 310 1364 350 θεοῖς
1385 308 1560 361 ἐχθρούς.

235 374 340 428 λέγε.

510 450 731 480 ΣΤΜΜΑΧῘΑ
761 451 927 478 ΦΩΚΕΩΝ
962 451 1029 478 ΚΑΙ
1062 449 1289 477 ΑΘΗΝΑῙΩΝ.

295 527 345 568 ΑΑ
365 532 437 580 μὲν
457 530 587 570 τοίνυν
607 531 758 583 ὑπῆρχε
777 529 866 582 παρ’
886 531 994 580 ὑμῶν
1018 530 1162 575 αὐτοῖς,
1184 529 1288 569 ταῦτ’
1308 530 1408 575 ε’στί,
1433 530 1561 581 φιλία,
1585 540 1602 571 5

234 597 451 649 συμμαχία,
479 595 658 647 βοήθεια·
696 598 750 637 ὧν
774 596 806 637 δ’
832 597 975 650 ἔτυχον
1003 599 1066 637 διὰ
1094 600 1232 637 τοῦτον
1262 596 1331 637 τὸν
1359 598 1563 647 βοηθῆσαι

234 663 470 703 κωλύσαντα
494 663 604 713 ὑμᾶς,
631 663 838 704 ἀκούσατε.
908 663 1015 716 λέγε.

523 776 736 803 ΟΜΟΛΟΓΙΑ
766 777 966 804 ΦΙΛΙΠΠΟΤ
998 778 1065 804 ΚΑΙ
1097 777 1273 805 ΦΩΚΕΩΝ.

299 849 486 896 Ἀκούετ’,
515 847 544 889 ὦ
574 849 711 901 ἄνδρες
736 849 953 900 Ἀθηναῖοι.
1027 854 1036 868 ‘
1054 851 1247 903 ὁμολογία
1272 852 1474 892 Φιλίππου
1499 852 1562 892 καὶ

232 915 432 962 Φωκέων,’
452 917 592 969 φησίν,
615 916 703 970 οὐχὶ
725 917 920 968 Θηβαίων
948 918 1010 957 καὶ
1030 916 1214 964 Φωκέων,
1236 917 1323 959 οὐδὲ
1344 921 1562 959 Θετταλῶν
1585 938 1624 960 ιο

231 983 293 1023 καὶ
313 982 498 1029 Φωκέων,
520 983 609 1024 οὐδὲ
629 986 804 1036 Λοκρῶν,
825 983 906 1024 οὐδ’
926 983 1051 1024 ἄλλου
1070 987 1147 1024 τῶν
1167 985 1372 1037 παρόντων
1391 984 1561 1026 οὐδενός·

231 1050 292 1090 καὶ
312 1049 435 1091 πάλιν
453 1053 464 1068 ‘
480 1053 723 1102 παραδοῦναι
743 1052 785 1091 δὲ
804 1052 874 1093 τὰς
893 1051 1031 1093 πόλεις
1047 1050 1237 1097 Φωκέας,’
1254 1052 1371 1103 φησί,
1391 1052 1400 1067 ‘
1414 1051 1560 1092 Φιλίπ-

229 1117 317 1171 πῳ,’
342 1117 431 1170 οὐχὶ
458 1119 659 1168 Θηβαίοις
684 1117 774 1159 οὐδὲ
801 1120 1023 1160 Θετταλοῖς
1047 1117 1125 1158 οὐδ’
1150 1117 1261 1172 ἄλλῳ
1288 1118 1428 1158 οὐδενί.
1499 1119 1562 1159 διὰ

228 1184 283 1230 τί,·
322 1185 383 1224 ὅτι
415 1185 617 1226 Φίλιππος
651 1184 930 1238 ἀπηγγέλλετο
962 1184 1059 1237 πρὸς
1090 1185 1189 1235 ὑμᾶς
1219 1184 1295 1225 ὑπὸ
1327 1184 1465 1225 τούτου
1498 1185 1562 1226 ε’πὶ

228 1256 276 1307 τῇ
300 1254 379 1291 τῶν
404 1250 577 1292 Φωκέων
608 1253 783 1306 σωτηρίᾳ
817 1251 1145 1304 παρεληλυθέναι.
1217 1251 1340 1306 τούτῳ
1371 1251 1416 1302 δὴ
1447 1250 1560 1292 πάντ’
1584 1268 1621 1302 15

228 1318 451 1364 ἐπίστευον,
491 1318 553 1358 καὶ
590 1318 688 1370 πρὸς
723 1322 861 1359 τοῦτον
897 1317 1011 1359 πάντ’
1046 1318 1255 1364 ἐσκόπουν,
1295 1318 1390 1370 πρὸς
1425 1321 1561 1358 τοῦτον

228 1385 433 1425 ἐποιοῦντο
457 1384 529 1435 τὴν
555 1384 726 1437 εἰρήνην.
796 1384 892 1438 λέγε
915 1384 961 1435 δὴ
986 1385 1216 1425 τάπίλοιπα.
1289 1384 1351 1424 καὶ
1376 1387 1561 1425 σκοπεῖτε

226 1451 268 1490 τί
289 1451 578 1494 πιστεύσαντες
602 1452 641 1492 τί
664 1452 858 1505 ἔπασχον.
918 1450 993 1504 ἆρά
1013 1451 1050 1503 γ’
1072 1450 1172 1500 ὅμοι’
1190 1447 1214 1501 ἢ
1235 1449 1482 1503 παραπλήσι’
1502 1452 1559 1493 οἶς

227 1516 339 1559 οὗτος
363 1517 639 1570 ἀπήγγελλεν;
677 1518 784 1571 λέγε.

629 1632 824 1659 ΔΟΓΜΑΤΑ
856 1631 957 1659 ΑΜΦΙ
963 1631 1164 1658 ΚΤΎΟΝΩΝ.
1582 1633 1621 1655 20

291 1705 467 1751 Τούτων,
500 1703 529 1745 ὦ
563 1705 700 1757 ἄνδρες
730 1705 946 1756 Ἀθηναῖοι,
981 1704 1166 1757 δεινότερ’
1197 1706 1242 1746 οὐ
1270 1705 1435 1758 γέγονεν
1468 1706 1557 1747 οὐδὲ

224 1772 343 1823 μείζω
375 1771 572 1825 πράγματ’
604 1772 669 1825 ἐφ’
697 1772 808 1823 ἡμῶν
841 1774 884 1812 ἐν
916 1776 998 1814 τοῖς
1024 1771 1242 1823 (Ἓλλησιν,
1274 1773 1381 1823 οἶμαι
1414 1772 1446 1813 δ’
1476 1772 1556 1813 οὐδ’

225 1839 268 1879 ἐν
303 1842 357 1894 τῷ
392 1839 568 1891 πρόσθεν
604 1840 749 1893 χρόνῳ.
819 1838 1063 1890 τηλικούτων
1096 1839 1232 1891 μέντοι
1274 1840 1336 1880 καὶ
1371 1839 1558 1880 τοιούτων

225 1904 467 1957 πραγμάτων
494 1906 621 1958 κύριος
646 1906 701 1948 εἷς
726 1905 824 1958 ἀνὴρ
852 1903 1079 1958 [Φίλιππος]
1105 1905 1270 1959 γέγονεν
1295 1907 1358 1946 διὰ
1383 1906 1555 1952 τούτους,

225 1972 347 2022 οὔσης
375 1974 445 2023 τῆς
469 1971 690 2023 Ἀθηναίων
720 1972 887 2018 πόλεως,
918 1971 944 2028 ᾗ
974 1972 1217 2024 προεστάναι
1245 1976 1323 2014 τῶν
1347 1972 1558 2023 Ἑλλήνων
1579 1987 1617 2019 25

225 2037 389 2090 πάτριον
420 2039 484 2079 καὶ
516 2041 637 2090 μηδὲν
669 2042 846 2080 τοιοῦτον
875 2042 1061 2092 περιορᾶν
1090 2040 1339 2092 γιγνόμενον.
1410 2037 1455 2080 ὃν
1485 2042 1557 2091 μὲν

224 2106 357 2146 τοίνυν
381 2106 528 2158 τρόπον
553 2108 589 2147 οἰ
615 2107 859 2159 ταλαίπωροι
885 2110 1039 2148 Φωκεῖς
1065 2107 1339 2153 ἀπολώλασιν,
1367 2105 1412 2146 οὐ
1434 2107 1556 2157 μόνον

272 2226 285 2245 1
312 2217 463 2247 καθεῖλον
481 2216 504 2246 S
517 2215 542 2246 L
559 2227 566 2247 :
591 2218 739 2249 καθεῖλεν
755 2221 831 2247 cett.
981 2226 1040 2246 1-2
1065 2218 1139 2249 οἵων
1155 2240 1162 2248 .
1185 2241 1192 2247 .
1212 2240 1218 2247 .
1239 2218 1312 2248 οἵων
1330 2217 1356 2247 L
1373 2215 1462 2255 vulg.
1482 2227 1489 2246 :
1513 2215 1556 2248 ὧν

253 2282 260 2289 .
280 2283 286 2289 .
304 2259 378 2290 οἵων
396 2258 462 2290 SY
553 2269 572 2289 2
597 2259 729 2292 τούτους
748 2260 784 2290 Sl
801 2259 890 2298 vulg.
909 2271 915 2289 :
941 2262 1091 2292 τουτουσὶ
1111 2260 1134 2290 S
1153 2270 1237 2291 corr.
1258 2260 1284 2290 L
1378 2261 1416 2290 18
1440 2261 1473 2291 τί
1489 2284 1496 2290 .
1517 2284 1524 2290 .
1543 2283 1550 2290 .

223 2303 256 2333 τί
272 2302 383 2341 vulg.:
408 2302 503 2334 τίνα.
525 2326 532 2332 .
553 2327 560 2333 .
582 2303 614 2334 τί
631 2302 654 2333 S
667 2302 718 2333 Y:
745 2303 795 2335 οἷα
813 2312 857 2339 *stra
874 2313 976 2342 supra
992 2304 1135 2343 scripto)
1153 2329 1159 2335 .
1179 2327 1186 2334 .
1207 2326 1211 2329 -
1234 2303 1268 2335 τί
1285 2303 1333 2333 L:
1358 2302 1408 2335 οἷα
1426 2327 1432 2334 .
1451 2327 1457 2334 .
1481 2328 1487 2333 .
1505 2302 1555 2334 οἷα

225 2345 256 2374 Α
269 2344 293 2375 S
309 2358 360 2386 γρ.
478 2346 626 2386 ἔπασχον
644 2346 667 2376 S
685 2358 690 2377 :
716 2347 833 2378 ἔπαθον
849 2352 926 2378 cett.
1095 2357 1134 2386 19
1159 2348 1371 2387 ὰπήὙἹελλεν
1390 2346 1413 2376 S
1427 2346 1451 2376 L
1465 2345 1531 2376 ΡΥ
1548 2358 1554 2376 :

224 2388 405 2429 ἀπήγγειλε
423 2389 510 2426 vulg.
605 2399 647 2420 20
671 2395 867 2422 ΔΟΓΜΑΤΑ
885 2390 915 2421 Ο
932 2389 987 2421 aL:
1015 2395 1158 2422 ΔΟΓΜΑ
1176 2390 1199 2421 S
1213 2390 1238 2419 L
1256 2389 1343 2428 vulg.
1439 2400 1477 2428 24
1503 2390 1553 2422 Φί-

224 2439 341 2463 λιππος
357 2432 434 2463 Secl.
458 2432 564 2462 Cobet
