1747 2844
131 525 149 556 5

111 856 149 878 10

111 1187 145 1218 15

108 1853 145 1884 25

176 134 262 189 mx]
398 140 542 177 ΠΕΡΙ
590 139 713 176 ΤΗΣ
760 137 1282 175 ΠΑΡΑΠΡΕΣΒΕΙΑΣ

173 242 375 292 βούλομαί
397 241 433 293 γ’
459 243 536 283 εἴτε
559 240 623 293 μή,
651 240 740 294 παρ’
770 242 868 290 ὅλην
893 241 965 291 μὲν
992 239 1063 290 τὴν
1089 240 1310 290 ἀποδημίαν
1335 239 1409 280 ὑπὸ
1438 243 1511 280 σοῦ

172 307 315 348 τοιαῦτ’
342 306 739 359 ἐπιβεβουλευμένος,
773 309 880 347 δυοῖν
905 305 936 346 δ’
960 305 1149 358 αἱρέσεως
1176 306 1298 356 οὔσης
1322 323 1389 358 μοι
1412 308 1508 353 νυνί,

171 371 194 424 ἢ
220 375 407 415 τοιούτων
437 376 561 415 ὄντων
586 377 664 414 τῶν
691 372 986 426 πεπραγμένων
1018 375 1147 412 δοκεῖν
1178 376 1377 413 κοινωνεῖν
1405 374 1508 423 ὑμῖν,

171 437 194 490 ἢ
227 445 468 493 κατηγορεῖν.
541 441 618 492 ἐγὼ
647 439 679 480 δ’
715 440 803 481 οὐδὲ
838 437 1266 490 συμπεπρεσβευκέναι
1295 439 1399 491 φημί
1430 456 1507 485 σοι,

171 507 410 559 πρεσβεύειν
435 506 568 558 μέντοι
594 508 642 548 σὲ
672 508 744 558 μὲν
771 507 906 546 πολλὰ
936 505 999 545 καὶ
1024 504 1143 551 δεινά,
1171 505 1338 557 ἐμαυτὸν
1363 504 1395 545 δ’
1413 506 1511 558 ὑπὲρ

170 573 333 614 τουτωνὶ
371 574 419 613 τὰ
458 572 666 624 βέλτιστα.
745 573 851 612 ἀλλὰ
894 571 1142 623 Φιλοκράτης
1181 588 1247 612 σοι
1285 571 1508 624 συμπεπρέ-

171 644 332 690 σβευκε,
356 639 516 693 κάκείνῳ
540 639 602 685 σύ,
626 639 689 679 καὶ
715 639 896 691 Φρύνων·
935 639 1045 689 ὑμεῖς
1063 639 1138 691 γὰρ
1158 638 1264 679 ταῦτ’
1284 637 1508 690 ἐπράττετε,

171 706 233 746 καὶ
253 705 374 746 ταύτὰ
394 708 517 747 πᾶσιν
536 707 626 756 ὑμῖν
646 704 830 757 ἤρεσκεν.
903 707 912 722 ‘
929 708 1002 745 ποῦ
1021 704 1054 744 δ’
1074 704 1187 751 ἅλες;
1226 708 1300 745 ποῦ
1318 704 1508 756 τράπεζα;

169 776 244 813 ποῦ
281 771 499 819 σπονδαί;’
535 775 658 812 ταῦτα
697 773 771 824 γὰρ
815 774 1011 826 τραγῳδεῖ
1044 772 1217 824 περιιών,
1254 771 1389 823 ὥσπερ
1422 771 1511 824 οὐχὶ

168 838 257 881 τοὺς
283 840 510 881 ἀδικοῦντας
531 839 678 879 τούτων
706 840 822 880 ὄντας
847 838 1054 890 προδότας,
1076 838 1182 878 ἀλλὰ
1206 837 1294 879 τοὺς
1313 839 1361 877 τὰ
1381 839 1511 877 δίκαια

169 910 386 949 ποιοῦντας.
459 906 535 958 ἐγὼ
577 905 608 945 δ’
644 905 715 946 οἶδ’
753 905 813 945 ὅτι
855 904 999 946 πάντες
1034 906 1070 945 οἱ
1106 903 1312 956 πρυτάνεις
1348 905 1510 945 θύουσιν

169 972 358 1013 ἑκάστοτε
375 973 483 1029 κοινῇ
501 973 563 1014 καὶ
585 975 896 1013 συνδειπνοῦσιν
913 969 1107 1022 ἀλλήλοις
1125 972 1186 1012 καὶ
1202 970 1508 1011 συσπένδουσιν·

170 1040 232 1080 καὶ
262 1039 306 1080 οὐ
335 1041 398 1079 διὰ
427 1039 535 1080 ταῦθ’
561 1040 598 1080 οἱ
633 1038 804 1092 χρηστοὶ
833 1037 923 1080 τοὺς
950 1037 1143 1090 πονηροὺς
1171 1041 1390 1089 μιμοῦνται,
1418 1037 1510 1077 ἀλλ’

170 1107 237 1147 ἐὰν
268 1107 473 1147 ἀδικοῦντα
508 1105 676 1157 λάβωσί
705 1104 777 1147 τιν’
815 1106 956 1151 αὑτῶν,
990 1111 1037 1162 τῇ
1066 1109 1196 1162 βουλῇ
1226 1105 1287 1145 καὶ
1316 1108 1368 1159 τῷ
1402 1103 1508 1159 δήμῳ

169 1176 372 1223 δηλοῦσιν.
443 1173 466 1224 ἡ
494 1172 623 1224 βουλὴ
649 1173 771 1214 ταύτὰ
802 1175 934 1218 ταῦτα,
966 1170 1193 1223 εἰσιτητήρι’
1219 1171 1348 1217 ἔθυσε,
1377 1187 1506 1211 συνει-

169 1239 325 1290 στιάθη,
341 1242 537 1286 σπονδῶν,
561 1241 673 1292 ἱερῶν
691 1239 971 1289 ἐκοινώνησεν·
999 1239 1035 1278 οἱ
1052 1238 1279 1290 στρατηγοί,
1295 1237 1442 1290 σχεδὸν
1459 1237 1510 1279 ὡς

169 1308 292 1347 εἰπεῖν
305 1308 343 1347 αἱ
356 1306 473 1360 ἀρχαὶ
486 1309 624 1348 πᾶσαι.
681 1306 741 1358 ἆρ’
759 1306 825 1347 οὖν
841 1307 903 1346 διὰ
917 1308 1038 1345 ταῦτα
1050 1308 1132 1346 τοῖς
1148 1305 1351 1345 ἀδικοῦσιν
1364 1306 1508 1345 ἑαυτῶν

168 1373 317 1414 ἔδωκαν
342 1373 494 1421 ἄδειαν;
534 1376 689 1413 πολλοῦ
718 1389 763 1425 γε
794 1373 856 1414 καὶ
883 1375 953 1413 δεῖ.
1011 1371 1123 1412 Λέων
1141 1372 1366 1423 Τιμαγόρου
1394 1388 1506 1421 κατη-

168 1441 276 1492 γόρει
296 1440 688 1492 συμπεπρεσβευκὼς
711 1438 867 1491 τέτταρ’
889 1439 969 1489 ἔτη,
991 1439 1198 1490 Εὔβουλος
1219 1437 1426 1490 Θάρρηκος
1447 1438 1509 1478 καὶ

108 1522 121 1542 2
169 1506 364 1557 Σμικύθου
400 1506 717 1557 συσσεσιτηκώς,
762 1506 901 1547 Κόνων
941 1506 961 1545 ὁ
995 1504 1164 1546 παλαιὸς
1201 1505 1348 1546 ἐκεῖνος
1381 1503 1507 1545 Ἀδει-

168 1572 317 1624 μάντου
342 1571 688 1626 συστρατηγήσας.
769 1572 901 1626 πότερ’
927 1572 996 1613 οῦν
1022 1572 1113 1614 τοὺς
1142 1571 1242 1613 ἅλας
1266 1570 1509 1623 παρέβαινον

172 1641 233 1681 καὶ
272 1642 341 1683 τὰς
380 1640 567 1687 σπονδάς,
611 1641 802 1693 Αἰσχίνη,
842 1641 879 1681 οἱ
921 1640 1174 1692 προδιδόντες
1215 1638 1276 1678 καὶ
1313 1639 1350 1678 οἱ
1386 1655 1508 1690 παρα-

170 1707 462 1759 πρεσβεύοντες
490 1707 550 1748 καὶ
579 1709 615 1748 οἱ
643 1709 970 1759 δωροδοκοῦντες,
999 1703 1022 1756 ἢ
1049 1707 1085 1746 οἱ
1111 1708 1435 1757 κατηγοροῦντες,·
1474 1707 1510 1745 οἱ

169 1774 391 1817 ἀδικοῦντες
408 1775 592 1825 δηλονότι
607 1776 677 1816 τὰς
697 1774 794 1825 ὅλης
810 1791 856 1826 γε
873 1775 943 1824 τῆς
961 1773 1147 1825 πατρίδος
1168 1770 1357 1818 σπονδάς,
1375 1772 1509 1823 ὥσπερ

170 1841 233 1887 σύ,
262 1840 305 1881 οὗ
330 1842 451 1892 μόνον
475 1842 543 1884 τὰς
571 1842 681 1884 ἰδίας.

228 1906 318 1949 Ἵνα
355 1909 485 1949 τοίνυν
524 1907 642 1959 εἰδῆθ’
682 1908 744 1948 ὅτι
783 1907 827 1948 οὗ
870 1907 991 1960 μόνον
1033 1911 1111 1948 τῶν
1150 1906 1321 1959 δημοσίᾳ
1360 1904 1509 1945 πώποτ’

170 1975 421 2025 ἐληλυθότων
446 1975 497 2018 ὡς
524 1975 726 2016 Φίλιππον
755 1975 985 2027 ἀνθρώπων,
1018 1975 1126 2015 ἀλλὰ
1156 1974 1218 2014 καὶ
1243 1977 1320 2013 τῶν
1345 1973 1423 2025 ἰδίᾳ
1449 1972 1510 2011 καὶ

170 2041 327 2083 πάντων
352 2043 458 2084 οὗτοι
483 2043 728 2096 φαυλότατοι
763 2042 825 2083 καὶ
852 2042 1110 2094 πονηρότατοι
1140 2040 1343 2093 γεγόνασι,
1372 2037 1510 2091 μικρὸν

213 2164 231 2183 2
256 2153 403 2194 αἱρέσεως
421 2155 517 2191 οὔσης
535 2153 579 2184 S:
606 2152 757 2194 αἱρέσεων
775 2154 878 2185 οὐσῶν
896 2152 934 2183 L¹
948 2152 971 2182 S
991 2162 1095 2190 marg.
1117 2151 1207 2190 vulg.
1329 2151 1351 2181 6
1374 2151 1507 2181 τουτωνὶ

171 2195 196 2226 F
212 2196 303 2235 vulg.
322 2207 328 2227 :
352 2196 475 2228 τούτων
492 2196 516 2227 S
530 2195 638 2227 LAY
736 2207 753 2235 7
772 2200 806 2227 et
823 2196 843 2226 8
868 2197 909 2228 τὰ
925 2196 1006 2228 αὐτὰ
1025 2195 1107 2236 (bis)
1129 2195 1156 2225 B
1177 2204 1263 2226 corr.
1289 2193 1357 2232 ΡΩ
1374 2205 1380 2224 :
1405 2196 1508 2225 ταῦτα

171 2239 252 2280 (bis)
274 2241 296 2270 S
311 2240 336 2270 L
353 2239 439 2278 vulg.
576 2240 596 2269 8
620 2239 761 2281 τράπεζα
778 2240 801 2271 5
814 2239 861 2270 Y:
888 2238 1039 2281 τράπεζαι
1058 2242 1136 2269 cett.
1282 2248 1317 2277 15
1344 2236 1506 2275 εἷσιτητή-

169 2296 220 2324 ρια
235 2282 321 2321 Aug.
342 2293 361 2312 2
380 2283 596 2313 Herwerden
611 2294 617 2314 :
645 2283 802 2324 εἷσιτήρια
820 2283 843 2313 S
856 2283 882 2312 L
900 2282 989 2319 vulg.
1156 2282 1195 2311 16
1222 2283 1435 2319 ἐκοινώνησεν
1451 2280 1482 2311 Α
1498 2291 1505 2310 :

172 2327 385 2364 ἐκοινώνησαν
403 2327 427 2357 S
441 2326 467 2356 L
482 2326 570 2365 vulg.
763 2336 799 2356 21
827 2325 935 2367 πότερ’
956 2325 1055 2356 Blass
1076 2326 1279 2365 (praeeunte
1300 2324 1503 2363 Benselero)

172 2369 245 2399 coll.
264 2370 322 2400 xxi
343 2379 403 2409 133
419 2380 425 2399 :
450 2368 586 2410 πότερον
602 2368 633 2399 Α
650 2380 656 2399 x
681 2368 810 2410 πότεροι
829 2370 852 2399 S
866 2369 891 2399 L
909 2368 999 2407 vulg.
1170 2379 1209 2406 24
1236 2367 1375 2400 σπονδάς
1392 2379 1459 2398 om.
1479 2368 1502 2399 S

172 2412 264 2443 solus
375 2414 417 2443 26
440 2413 569 2445 πώποτε
586 2411 641 2443 A:
665 2411 737 2444 ποτ’
757 2412 780 2443 S
794 2411 820 2443 L
837 2413 925 2452 vulg.
1044 2420 1083 2450 27
1110 2411 1252 2442 alterum
1272 2412 1322 2444 καὶ
1340 2421 1402 2441 om.
1426 2411 1457 2441 O

1307 2471 1369 2504 25*

1543 134 1661 189 [400]

1545 446 1611 488 189

1544 915 1610 952 190

1544 1379 1606 1414 191

1544 1433 1652 1486 [401]

1546 1915 1609 1950 192
