1763 2828
119 132 228 186 [227]
686 131 1172 170 ΔΗΜοΣΘΕκιηἚ
1470 128 1590 181 ῙΧΠΠ

262 240 416 290 πρῶτον
448 236 533 288 μέν,
564 237 666 288 ὅσην
698 237 853 278 εὔνοιαν
883 236 989 290 ἔχων
1019 237 1097 289 ἐγὼ
1128 239 1295 278 διατελῶ
1327 243 1374 295 τῇ
1403 254 1445 279 τε
1475 239 1591 280 πόλει

118 305 229 362 [228]
263 305 324 345 καὶ
357 307 481 345 πᾶσιν
510 306 613 356 ὑμῖν,
641 305 840 355 τοσαύτην
871 301 1040 357 ὑπάρξαι
1072 321 1139 355 μοι
1168 304 1258 357 παρ’
1283 305 1391 356 ὑμῶν
1417 307 1471 348 εἷς
1501 322 1588 346 του-

261 372 344 412 τονὶ
380 371 448 412 τὸν
484 373 630 424 ἀγῶνα,
672 372 795 413 ἔπειθ’
834 373 855 412 ὅ
892 389 931 413 τι
970 371 1111 423 μέλλει
1149 373 1353 412 συνοίσειν
1393 373 1455 414 καὶ
1495 372 1590 425 πρὸς

261 438 440 489 εὐδοξίαν
475 445 586 496 κοινῇ
623 439 685 480 καὶ
722 438 819 492 πρὸς
855 438 1068 490 εὐσέβειαν
1105 437 1273 494 ἑκάστῳ,
1312 443 1426 479 τοῦτο
1462 456 1588 492 παρα-

261 508 409 556 στῆσαι
435 509 559 546 πᾶσιν
584 507 675 557 ὑμῖν
699 507 788 559 περὶ
812 507 980 557 ταυτησὶ
1004 508 1072 557 τῆς
1098 508 1256 559 γραφῆς
1281 509 1441 558 γνῶναι.
1609 523 1627 555 5

206 584 229 620 9
330 575 378 615 Εἰ
400 575 472 625 μὲν
498 573 565 613 οὖν
586 574 675 625 περὶ
701 575 755 614 ὧν
781 575 916 615 ἐδίωκε
940 574 1063 624 μόνον
1084 574 1356 625 κατηγόρησεν
1377 574 1587 628 Αἰσχίνης,

260 641 369 693 κάγὼ
388 641 475 691 περὶ
495 640 612 680 αὐτοῦ
630 644 698 679 τοῦ
718 642 1071 693 προβουλεύματος
1092 640 1202 682 εὐθὺς
1222 639 1270 680 ἂν
1296 641 1588 693 ἀπελογούμην·

259 707 392 757 ἐπειδὴ
429 707 461 746 δ’
497 707 564 747 οὐκ
605 706 756 747 ἐλάττω
793 709 916 760 λόγον
953 707 1082 748 τᾶλλα
1119 706 1272 757 διεξιὼν
1310 706 1489 757 ἀνήλωκε
1527 709 1589 749 καὶ

259 776 308 814 τὰ
337 778 510 814 πλεῖστα
539 774 818 825 κατεψεύσατό
849 791 936 825 μου,
963 776 1179 826 ἀναγκαῖον
1213 774 1314 814 εἶναι
1349 775 1490 825 νομίζω
1526 775 1588 815 καὶ

258 842 410 880 δίκαιον
435 840 515 891 ἅμα
539 840 703 893 βραχέ’,
726 838 754 880 ὦ
776 840 913 892 ἄνδρες
939 841 1153 891 Ἀθηναῖοι,
1176 841 1264 893 περὶ
1290 841 1439 881 τούτων
1465 843 1589 881 εἰπεῖν
1611 855 1648 877 10

257 911 425 960 πρῶτον,
452 908 516 947 ἵνα
539 908 674 958 μηδεὶς
699 908 805 958 ὑμῶν
831 911 912 949 τοῖς
933 906 1078 957 ἔξωθεν
1103 908 1238 959 λόγοις
1264 906 1434 959 ἠγμένος
1465 909 1586 948 ἀλλο-

257 974 467 1026 τριώτερον
491 978 568 1014 τῶν
594 975 690 1026 ὑπὲρ
714 977 782 1024 τῆς
807 977 964 1027 γραφῆς
989 975 1150 1014 δικαίων
1177 973 1298 1030 ἀκούῃ
1322 990 1408 1025 μου.

185 1055 228 1080 10
326 1041 424 1094 Περὶ
443 1043 515 1092 μὲν
534 1040 580 1091 δὴ
600 1045 678 1081 τῶν
696 1042 803 1082 ἰδίων
820 1042 899 1082 ὅσα
914 1041 1215 1093 λοιδορούμενος
1236 1040 1588 1093 βεβλασφήμηκεν

257 1108 344 1160 περὶ
382 1109 487 1159 ἐμοῦ,
527 1107 719 1149 θεάσασθ’
758 1109 808 1150 ὡς
845 1110 952 1149 ἁπλᾶ
991 1109 1052 1148 καὶ
1088 1109 1217 1148 δίκαια
1253 1107 1372 1161 λέγω.
1445 1110 1479 1149 εἰ
1517 1111 1589 1160 μὲν

259 1177 345 1215 ’ίστε
379 1192 428 1226 με
463 1179 639 1215 τοιοῦτον
679 1176 763 1216 οἷον
801 1175 913 1217 οὗτος
949 1175 1085 1233 ιἠτιόιτο
1121 1175 1181 1227 (οὐ
1219 1177 1295 1227 γὰρ
1333 1175 1481 1215 ἄλλοθί
1515 1193 1589 1216 που
1612 1195 1648 1226 ¹5

256 1242 426 1293 βεβίωκ’
465 1239 488 1293 ἢ
530 1241 620 1295 παρ’
660 1241 775 1294 ὑμῖν),
815 1245 913 1294 μηδὲ
952 1242 1089 1295 φωνὴν
1132 1242 1380 1296 ἀνάσχησθε,
1425 1241 1512 1294 μηδ’
1556 1244 1589 1283 εἰ

257 1309 385 1350 πάντα
426 1311 475 1350 τὰ
519 1312 627 1350 κοινὰ
674 1309 818 1362 ὑπέρευ
864 1311 1162 1361 πεπολίτευμαι,
1207 1309 1300 1350 ἀλλ’
1344 1309 1588 1351 ἀναστάντες

257 1376 594 1429 καταψηφίσασθ’
628 1376 714 1428 ἤδη·
762 1378 796 1418 εἰ
829 1379 870 1418 δὲ
905 1382 1044 1432 πολλῷ
1081 1378 1232 1428 βελτίω
1270 1378 1408 1418 τούτου
1445 1378 1507 1418 καὶ
1545 1378 1587 1417 ἐκ

257 1444 492 1494 βελτιόνων,
529 1444 589 1484 καὶ
624 1444 791 1495 μηδενὸς
827 1449 905 1485 τῶν
940 1446 1120 1496 μετρίων,
1156 1445 1220 1485 ἵνα
1256 1446 1377 1495 μηδὲν
1414 1445 1587 1497 ἐπαχθὲς

256 1509 376 1562 λέγω,
421 1511 583 1563 χείρονα
625 1512 687 1551 καὶ
729 1513 796 1562 ἐμὲ
838 1513 900 1552 καὶ
942 1512 1032 1553 τοὺς
1074 1510 1189 1562 ἐμοὺς
1232 1510 1480 1563 ὑπειλήφατε
1526 1511 1587 1551 καὶ
1609 1530 1648 1551 20

257 1578 514 1630 γιγνώσκετε,
555 1578 677 1632 τούτῳ
716 1580 788 1629 μὲν
826 1578 915 1629 μηδ’
953 1580 1049 1630 ’ὑπὲρ
1087 1582 1166 1618 τῶν
1206 1578 1342 1618 ἄλλων
1381 1579 1587 1619 πιστεύετε

256 1643 392 1695 (δῆλον
422 1647 497 1697 γὰρ
522 1644 572 1686 ὡς
604 1646 745 1695 ὁμοίως
775 1644 914 1686 ἅπαντ’
941 1642 1184 1695 ἐπλάττετο),
1215 1646 1299 1696 ἐμοὶ
1332 1645 1376 1692 δ’,
1404 1644 1452 1695 ἣν
1482 1647 1587 1697 παρὰ

260 1711 386 1752 πάντα
415 1711 483 1752 τὸν
516 1713 661 1764 χρόνον
695 1712 848 1753 εὔνοιαν
884 1711 1097 1765 ἐνδέδειχθ’
1125 1714 1189 1753 ἐπὶ
1225 1716 1388 1753 πολλῶν
1423 1713 1587 1764 ἀγώνων

187 1790 223 1816 11
258 1782 336 1818 τῶν
377 1779 581 1830 πρότερον,
627 1779 687 1819 καὶ
729 1780 813 1819 νυνὶ
856 1779 1131 1832 παράσχεσθε.
1207 1778 1400 1829 κακοήθης
1442 1778 1474 1818 δ’
1519 1779 1585 1825 ὤν,

258 1846 446 1898 Αἰσχίνη,
487 1849 601 1885 τοῦτο
643 1850 847 1887 παντελῶς
888 1847 1022 1896 εὔηθες
1065 1846 1204 1901 ᾠήθης,
1249 1846 1339 1887 τοὺς
1381 1846 1469 1898 περὶ
1510 1850 1588 1886 τῶν
1610 1863 1647 1894 25

260 1912 544 1965 πεπραγμένων
576 1913 636 1952 καὶ
670 1913 1016 1964 πεπολιτευμένων
1048 1914 1194 1965 λόγους
1228 1912 1383 1965 ἀφέντα
1414 1930 1463 1963 με
1492 1912 1588 1964 πρὸς

257 1980 326 2021 τὰς
361 1980 560 2032 λοιδορίας
597 1982 666 2021 τὰς
702 1982 807 2032 παρὰ
845 1984 917 2019 σοῦ
956 1980 1192 2032 τρέψεσθαι.
1265 1979 1309 2019 οὐ
1347 1980 1392 2029 δὴ
1433 1978 1587 2029 ποιήσω

109 2043 224 2098 [229]
257 2049 384 2086 τοῦτο·
428 2047 503 2100 οὐχ
535 2047 636 2087 οὕτω
671 2047 911 2099 τετύφωμαι·
956 2047 1047 2087 ἀλλ’
1077 2048 1174 2099 ὑπὲρ
1207 2049 1280 2098 μὲν
1309 2051 1386 2087 τῶν
1418 2051 1584 2086 πεπολι-

257 2113 452 2164 τευμένων
492 2114 515 2154 ἃ
555 2114 799 2165 κατεψεύδου
842 2114 904 2154 καὶ
947 2114 1163 2165 διέβαλλες
1206 2112 1395 2164 ἐξετάσω,
1436 2116 1504 2163 τῆς
1547 2115 1587 2153 δὲ

304 2232 316 2252 1
343 2237 381 2255 τε
399 2233 461 2255 om.
484 2223 520 2254 Sl
537 2224 562 2253 L
694 2233 713 2253 2
737 2224 808 2264 παρ’
828 2225 911 2262 ὑμῶν
929 2233 992 2254 om.
1013 2224 1047 2253 S¹
1062 2223 1098 2253 L¹
1233 2235 1251 2261 4
1277 2225 1480 2264 παραστῆσαι
1500 2222 1587 2259 SL¹‚

258 2267 297 2296 cs.
316 2267 423 2298 schol.
443 2278 472 2306 p.
493 2269 568 2306 266,
588 2277 627 2297 22
643 2278 648 2296 τ
674 2269 878 2308 παραστῆσαι
896 2268 969 2298 τοὺς
988 2268 1074 2298 θεοὺς
1093 2266 1181 2304 vulg.
1198 2277 1203 2296 :
1233 2268 1434 2307 παραστῆναι
1453 2265 1588 2296 Bekker

261 2320 300 2339 10
325 2312 424 2342 εἰπεῖν
449 2316 528 2341 ante
551 2314 676 2353 πρῶτον
701 2310 736 2340 5¹
752 2310 800 2340 L:
830 2315 905 2348 post
926 2314 1051 2351 πρῶτον
1075 2310 1163 2348 vulg.
1304 2310 1342 2339 18
1365 2310 1482 2341 τούτου
1505 2309 1582 2340 secl.

260 2353 472 2393 Rosenberg‚
493 2356 533 2386 cs.
555 2358 569 2391 ξ
593 2365 650 2393 197
808 2364 847 2391 24
872 2367 1099 2394 γεγενημενων
1118 2358 1193 2392 post
1210 2353 1364 2394 πρότερον
1381 2353 1458 2384 add.
1478 2353 1584 2391 vulg:

257 2407 321 2428 om.
341 2397 364 2427 S
379 2398 457 2427 L¹A
592 2409 634 2437 29
658 2397 772 2429 αὐτίκα
788 2402 865 2427 ante
884 2397 1023 2437 ἐξετάσω
1040 2398 1125 2436 vulg.
1143 2408 1148 2429 :
1175 2402 1250 2436 post
1270 2398 1410 2436 ἐξετάσω
1427 2397 1466 2427 al.
1487 2409 1493 2427 :
1518 2406 1580 2426 om.

259 2440 447 2479 SLFQY
