1731 2844
188 116 280 170 xm]
564 122 705 159 ΠΕΡΙ
756 120 1134 161 ΣΎΝΤΑΞΕΩΣ
1537 124 1646 179 [166]

187 224 447 272 σκευάσεσθε,
484 225 529 266 οὗ
562 226 683 277 μόνον
718 225 764 265 οὐ
798 224 996 277 βλάψετε,
1030 226 1137 265 ἀλλὰ
1172 226 1235 266 καὶ
1271 227 1317 265 τὰ
1351 226 1505 278 μέγιστ’

185 291 421 344 ὠφελήσετε
452 291 523 342 τὴν
547 293 666 332 πόλιν
690 292 752 332 καὶ
783 293 881 342 ὑμᾶς
906 291 1057 332 αὐτούς·
1095 292 1128 332 εἰ
1153 293 1195 332 δὲ
1218 295 1286 331 τοῦ
1308 293 1379 342 μὲν
1404 298 1503 343 λαμ-

184 357 324 409 βάνειν
350 359 411 398 καὶ
437 358 549 410 ἑορτὴ
576 360 638 399 καὶ
661 357 759 399 ‘rrae-⁷
783 356 941 409 ἀρκέσει
974 358 1187 409 πρόφασις,
1214 361 1282 397 τοῦ
1306 357 1339 396 δ’
1364 358 1387 397 ἃ
1412 358 1507 409 πρὸς
1538 359 1644 413 [167]

184 425 334 466 τούτοις
360 428 420 465 δεῖ
441 429 566 466 ποιεῖν
583 426 680 475 μηδὲ
698 424 786 465 τοὺς
803 425 948 475 λόγους
973 424 1128 464 ἀκούειν
1149 422 1372 473 ἐθελήσετε,
1394 425 1507 476 ὁρᾶτε

147 509 163 539 5
183 490 339 541 μήποθ’,
368 492 392 531 ἃ
415 494 484 532 νῦν
508 492 631 542 ὀρθῶς
659 490 822 542 ἡγεῖσθε
855 489 1052 541 πράττειν,
1081 489 1224 541 σφόδρ’
1248 490 1508 541 ἡμαρτηκέναι

184 558 384 607 νομίσητε.
456 558 532 609 ἐγὼ
558 556 600 596 δέ
624 561 725 608 φημι
750 559 831 596 δεῖν
855 555 939 608 (καί
959 572 1025 607 μοι
1049 556 1101 606 μὴ
1129 555 1369 608 θορυβήσητ’
1396 556 1459 608 ἐφ’
1485 555 1513 611 ᾧ
1540 573 1558 605 3

182 623 318 674 μέλλω
344 622 490 675 λέγειν,
511 623 603 663 ἀλλ’
620 623 859 664 ἀκούσαντες
884 622 1063 674 κρίνατε),
1086 622 1137 664 ὡς
1162 623 1249 674 περὶ
1273 626 1340 662 τοῦ
1363 626 1508 673 λαβεῖν

184 691 399 740 ἐκκλησίαν
425 690 692 740 ἀπεδώκαμεν,
719 690 817 729 οὕτω
850 689 911 729 καὶ
941 689 1029 740 περὶ
1058 692 1127 728 τοῦ
1151 691 1421 741 συνταχθῆναι
1446 690 1507 729 καὶ

183 758 557 808 παρασκευασθῆναι
581 757 628 795 τὰ
648 755 743 807 πρὸς
761 755 829 796 τὸν
849 756 1026 807 πόλεμον
1046 756 1261 806 ἐκκλησίαν
1280 756 1506 802 ἀποδοῦναι,

127 838 164 861 10
185 824 246 863 καὶ
277 826 502 877 παρασχεῖν
527 822 695 863 ἕκαστον
720 822 836 862 αὐτὸν
865 821 917 873 μὴ
949 823 1070 873 μόνον
1100 822 1205 862 ταῦτ’
1235 822 1390 862 ἀκούειν
1422 821 1506 863 ἐθέ-

183 895 318 936 λοντα,
346 889 452 929 ἀλλὰ
483 889 544 930 καὶ
574 888 761 941 πράττειν
790 889 1052 939 βουλόμενον,
1081 888 1142 935 ἵν’,
1169 886 1198 928 ὦ
1230 888 1365 940 ἄνδρες
1391 888 1507 939 Ἀθη-

184 959 298 1002 ναῖοι,
329 959 407 996 τῶν
435 956 593 1007 ἀγαθῶν
622 957 692 998 τὰς
724 956 886 997 ἐλπίδας
919 954 968 996 δι’
997 956 1103 1006 ὑμῶν
1133 954 1258 995 αὐτῶν
1287 955 1416 1008 ἔχητε,
1446 956 1508 996 καὶ

182 1021 235 1072 μὴ
260 1021 329 1062 τὸν
348 1024 456 1063 δεῖνα
480 1024 576 1073 μηδὲ
595 1021 664 1063 τὸν
683 1025 790 1063 δεῖνα
809 1021 1060 1072 πυνθάνησθε
1084 1023 1124 1062 τί
1145 1021 1320 1072 πράττει.
1379 1021 1508 1062 καὶτὰ
1537 1033 1559 1067 4

183 1090 255 1139 μὲν
290 1088 507 1140 προσιόντα
540 1089 587 1144 τῇ
624 1089 739 1129 πόλει
774 1087 915 1134 πάντα,
955 1089 1016 1128 καὶ
1049 1088 1073 1128 δι
1104 1091 1173 1128 νῦν
1208 1089 1251 1128 ἐκ
1287 1092 1364 1128 τῶν
1401 1089 1508 1128 ἰδίων

127 1173 163 1204 15
185 1154 493 1206 παραναλίσκετ’
536 1156 590 1196 εἷς
625 1155 738 1195 οὐδὲν
774 1154 863 1195 δέον
900 1155 962 1195 καὶ
996 1153 1060 1195 ὅσ’
1096 1155 1138 1195 ἐκ
1174 1158 1252 1195 τῶν
1289 1154 1508 1207 συμμάχων

183 1220 363 1273 ὑπάρχει,
389 1220 612 1272 λαμβάνειν
636 1222 733 1271 ὑμᾶς
754 1221 853 1273 φημὶ
872 1223 1015 1274 χρῆναι
1038 1220 1082 1260 τὸ
1106 1222 1196 1261 ἴσον
1215 1221 1397 1267 ἕκαστον,
1417 1221 1508 1263 τοὺς

182 1289 254 1338 μὲν
291 1287 333 1327 ἐν
367 1287 500 1341 ἡλικίᾳ
537 1288 829 1339 στρατιωτικόν,
866 1286 956 1329 τοὺς
992 1286 1024 1327 δ’
1055 1287 1154 1339 ὑπὲρ
1185 1286 1253 1327 τὸν
1286 1286 1507 1339 κατάλογον

183 1351 437 1402 ἐξεταστικὸν
460 1350 484 1403 ἢ
510 1355 615 1395 ὅπως
638 1353 686 1393 ἄν
710 1370 768 1395 τις
792 1352 986 1404 ὀνομάσαι
1009 1356 1135 1399 τοῦτο,
1163 1353 1449 1405 στρατεύεσθαι
1473 1353 1505 1393 δ’

182 1418 322 1461 αὐτοὺς
347 1420 409 1460 καὶ
432 1420 569 1470 μηδενὶ
593 1420 729 1460 τούτου
753 1422 1016 1472 παραχωρεῖν,
1037 1420 1143 1459 ἀλλὰ
1167 1419 1238 1469 τὴν
1258 1420 1419 1470 δύναμιν
1438 1422 1507 1470 τῆς
1538 1432 1555 1470 5

125 1503 164 1526 20
184 1486 335 1528 πόλεως
364 1487 511 1527 οἰκείαν
540 1485 651 1533 εἶναι,
680 1485 1048 1536 κατεσκευασμένην
1073 1486 1151 1526 ἀπὸ
1179 1485 1342 1535 τούτων,
1369 1485 1417 1526 ἵν’
1443 1485 1506 1537 ἅμ’

183 1553 372 1605 εὐπορῆτε
397 1553 459 1593 καὶ
483 1554 532 1593 τὰ
557 1552 696 1594 δέοντα
721 1554 870 1603 ποιῆτε,
894 1552 955 1592 καὶ
979 1552 1048 1593 τὸν
1073 1551 1297 1604 στρατηγὸν
1321 1552 1506 1605 ἡγεῖσθαι

181 1620 336 1671 ταύτης,
363 1619 412 1661 ἵν’
436 1621 539 1671 ὑμῖν,
566 1618 595 1660 ὦ
621 1619 758 1672 ἄνδρες
777 1619 991 1670 Ἀθηναῖοι,
1018 1618 1070 1670 μὴ
1094 1618 1241 1659 τοιαῦθ’
1267 1618 1403 1671 οἷάπερ
1424 1620 1506 1659 νυνὶ

183 1687 396 1743 συμβαίνῃ·
439 1686 529 1728 τοὺς
565 1686 809 1738 στρατηγοὺς
842 1686 1002 1738 κρίνετε,
1039 1685 1101 1726 καὶ
1132 1685 1310 1737 περίεσθ’
1342 1686 1432 1737 ὑμῖν
1465 1687 1507 1725 ἐκ

182 1756 258 1792 τῶν
284 1752 522 1805 πραγμάτων
550 1755 560 1771 ‘
576 1754 597 1792 ὁ
622 1755 730 1794 δεῖνα
760 1756 828 1793 τοῦ
860 1755 986 1794 δεῖνος
1018 1751 1085 1792 τὸν
1109 1751 1202 1792 δεῖν’
1229 1751 1507 1804 εἷσήγγειλεν,’

124 1835 162 1866 25
183 1818 285 1859 ἄλλο
310 1818 342 1859 δ’
367 1818 491 1860 οὐδέν.
551 1820 656 1860 ἀλλὰ
680 1820 721 1860 τί
741 1820 831 1870 ὑμῖν
855 1818 1034 1871 γένηται;
1073 1822 1227 1871 πρῶτον
1250 1821 1322 1869 μὲν
1346 1821 1382 1859 οἱ
1408 1818 1505 1869 σύμ-
1537 1823 1560 1857 6

182 1902 306 1938 μαχοι
328 1885 380 1936 μὴ
401 1889 600 1938 φρουραῖς,
623 1886 729 1925 ἀλλὰ
753 1889 805 1940 τῷ
830 1885 952 1925 ταύτὰ
972 1883 1192 1938 συμφέρειν
1208 1885 1298 1936 ὑμῖν
1319 1885 1508 1926 κάκείνοις

184 1950 283 1992 ὦσιν
315 1953 463 1998 οἰκεῖοι,
498 1951 620 1992 ἔπειθ’
655 1953 691 1992 οἱ
724 1952 938 2004 στρατηγοὶ
969 1952 1021 2002 μὴ
1055 1950 1191 2002 ξένους
1223 1952 1383 2004 ἔχοντες
1418 1951 1508 1993 τοὺς

182 2020 254 2069 μὲν
284 2017 515 2071 συμμάχους
545 2017 673 2070 ἄγωσι
703 2018 765 2058 καὶ
794 2017 961 2070 φέρωσι,
988 2018 1077 2060 τοὺς
1106 2020 1148 2058 δὲ
1183 2018 1395 2068 πολεμίους
1419 2017 1507 2068 μηδ’

229 2138 241 2158 1
268 2127 407 2158 alterum
419 2126 470 2167 οὐ]
483 2126 616 2159 οὐδὲνΑ
706 2137 723 2165 7
749 2128 789 2160 ὡς
801 2128 871 2169 περὶ
885 2129 942 2158 τοῦ
956 2126 995 2159 G.
1011 2126 1056 2157 H.
1070 2126 1251 2158 Schaeser:
1273 2127 1380 2167 ὥσπερ
1390 2128 1448 2157 τοῦ
1460 2126 1483 2157 S
1499 2138 1506 2157 :

183 2172 289 2212 ὥσπερ
305 2175 351 2211 τῷ
368 2171 455 2208 vulg.
617 2180 654 2209 14
679 2170 841 2212 προσόντα
858 2170 882 2202 S
893 2170 924 2200 Y
940 2183 992 2211 γρ.
1145 2178 1182 2208 15
1207 2170 1464 2211 παραναλίσκετε
1483 2169 1507 2200 S

183 2214 282 2245 Vind.
307 2224 319 2244 1
341 2214 395 2253 (cs.
419 2213 573 2245 Prooem.
592 2222 642 2252 23.
663 2214 722 2252 3):
745 2213 1025 2255 προσαναλίσκετε
1042 2212 1135 2251 vulg.
1316 2223 1355 2252 19
1377 2212 1506 2253 μηδενὶ]

181 2257 282 2296 μηδὲν
307 2257 344 2288 S¹
512 2267 555 2287 20
585 2258 635 2289 καὶ
659 2261 738 2287 ante
762 2256 1066 2296 κατεσκευασμένην
1090 2256 1165 2288 add.
1193 2256 1302 2295 vulg:
1336 2266 1399 2287 om.
1428 2255 1507 2294 SA,

183 2301 287 2331 schol.
304 2311 335 2340 p.
349 2311 421 2340 219,
440 2310 477 2339 17
567 2310 605 2330 21
627 2305 706 2331 ante
718 2302 873 2342 εὐπορῆτε
884 2301 960 2331 add.
977 2300 1039 2339 ἅμα
1052 2299 1136 2340 ὃγρ.
1156 2310 1162 2329 :
1187 2300 1262 2330 add.
1279 2299 1342 2339 ἅμα
1354 2300 1383 2331 τ’
1396 2299 1482 2340 Ργρ.
1501 2310 1507 2329 :

183 2353 249 2374 om.
264 2343 288 2374 S
306 2344 394 2383 vulg.
488 2354 529 2374 22
552 2346 686 2375 τοιαῦτα
702 2342 811 2385 οἷάπερ
825 2343 848 2375 S
860 2343 891 2374 A
905 2358 911 2376 :
928 2346 1034 2375 ταῦτα
1046 2342 1124 2383 ἅπερ
1136 2342 1225 2380 vulg.
1316 2351 1359 2380 23
1383 2343 1507 2383 κρίνετε

185 2385 209 2416 S
220 2386 251 2416 A
262 2386 287 2416 F
297 2386 327 2416 Y
342 2399 346 2416 z
373 2387 498 2428 κρίνητε
518 2385 606 2425 vulg.
