1763 2828
73 124 184 178 [225]

69 704 186 757 [226]

641 119 1132 158 ΔΗΜΟΣΘΕΝΟΎΣ
1426 115 1548 169 [xvm

215 227 371 272 σκαψεν,
412 220 488 259 εἶτα
526 220 728 272 μεταγνοὺς
767 219 826 256 ἐπὶ
864 221 914 269 τῷ
956 220 1201 270 πεπραγμένῳ
1241 218 1448 270 ἐξεχώρησε
1485 221 1551 269 τῆς

214 275 398 316 Ἑλλάδος
432 275 697 326 αἰσχυνόμενος
733 274 791 311 καὶ
827 274 919 310 κατὰ
952 276 1024 311 τῶν
1052 274 1261 323 βαρβάρων
1292 275 1548 323 ἐστράτευσεν,

215 333 249 370 οἱ
279 330 307 368 δ’
336 329 524 380 Ἀθηναῖοι
559 330 683 379 καιρὸν
718 329 813 379 ἔχειν
847 328 1023 377 ἐνόμισαν
1057 328 1176 377 κρίσει
1209 328 1434 378 παραδοῦναι
1466 330 1550 370 τοὺς

215 386 396 435 προδότας
420 386 503 424 τοὺς
526 385 593 433 τὴν
616 383 784 422 Ἑλλάδα
812 382 1070 432 ἀδικήσαντας,
1092 383 1151 421 καὶ
1179 383 1271 421 οὕτω
1298 383 1550 433 συνεκροτήθη

214 442 257 480 τὸ
278 440 523 490 δικαστήριον.

617 560 637 576 s?

286 567 451 615 Πρῶτον
490 562 575 614 μέν,
615 580 643 601 ω
683 561 821 614 ἄνδρες
858 560 1076 612 Ἀθηναῖοι,
1116 565 1199 603 τοῖς
1237 563 1342 603 θεοῖς
1384 561 1550 614 εὔχομαι

218 634 318 672 πᾶσι
338 631 399 671 καὶ
419 630 578 676 πάσαις,
600 630 700 679 ὅσην
721 629 876 669 εὔνοιαν
897 628 1001 682 ἔχων
1021 629 1099 681 ἐγὼ
1119 631 1288 668 διατελῶ
1307 634 1354 685 τῇ
1372 645 1415 669 τε
1434 628 1551 669 πόλει

218 699 281 739 καὶ
300 701 422 739 πᾶσιν
448 698 552 748 ὑμῖν,
577 696 774 746 τοσαύτην
800 694 969 747 ὑπάρξαι
992 712 1059 747 μοι
1083 695 1173 748 παρ’
1193 697 1300 746 ὑμῶν
1321 697 1376 737 εἷς
1394 695 1550 736 τουτονὶ

218 765 285 806 τὸν
302 766 450 817 ἀγῶνα,
471 763 592 804 ἔπειθ’
611 764 706 815 ὅπερ
725 764 812 803 ἐστὶ
828 762 993 814 μάλισθ’
1011 764 1109 815 ὑπὲρ
1124 763 1230 813 ὑμῶν
1248 763 1310 803 καὶ
1328 764 1395 813 τῆς
1411 762 1547 814 ὑμετέ-

217 850 287 885 ρας
318 831 527 882 εὐσεβείας
556 847 599 871 τε
630 831 693 871 καὶ
726 829 856 880 δόξης,
883 833 999 870 τοῦτο
1028 832 1285 882 παραστῆσαι
1317 830 1407 872 τοὺς
1437 830 1550 872 θεοὺς

218 901 319 951 ὑμῖν,
346 899 399 950 μὴ
425 897 494 939 τὸν
520 898 718 938 ἀντίδικον
739 897 975 948 σύμβουλον
994 895 1242 947 ποιήσασθαι
1261 897 1349 949 περὶ
1374 900 1443 937 τοῦ
1467 900 1550 939 πῶς

219 967 374 1007 ἀκούειν
399 967 498 1016 ὑμᾶς
525 967 619 1016 ἐμοῦ
644 967 705 1006 δεῖ
719 962 927 1017 (σχέτλιον
952 965 1028 1016 γὰρ
1053 964 1102 1005 ἂν
1127 965 1184 1014 εἴη
1210 964 1327 1003 τοῦτό
1349 960 1420 1016 γε),
1443 964 1550 1004 ἀλλὰ

218 1034 306 1077 τοὺς
339 1033 482 1084 νόμους
516 1033 579 1073 καὶ
611 1032 681 1073 τὸν
714 1032 844 1083 ὅρκον,
872 1032 914 1072 ἐν
950 1030 979 1086 ᾧ
1007 1030 1103 1083 πρὸς
1136 1029 1264 1071 ἅπασι
1295 1034 1376 1072 τοῖς
1410 1030 1550 1073 ἄλλοις

219 1103 381 1143 δικαίοις
421 1100 483 1140 καὶ
522 1103 637 1140 τοῦτο
675 1097 908 1151 γέγραπται,
951 1097 995 1138 τὸ
1034 1098 1178 1149 ὁμοίως
1217 1099 1367 1150 ἀμφοῖν
1407 1096 1547 1149 ἀκροά-

219 1171 382 1209 σασθαι.
454 1171 569 1208 τοῦτο
598 1166 630 1206 δ’
658 1166 770 1207 ἐστὶν
801 1165 846 1206 οὐ
873 1165 996 1216 μόνον
1025 1164 1070 1205 τὸ
1098 1164 1151 1216 μὴ
1182 1164 1550 1217 προκατεγνωκέναι

216 1235 351 1288 μηδέν,
380 1235 468 1276 οὐδὲ
492 1234 537 1274 τὸ
561 1233 632 1284 τὴν
659 1233 813 1274 εὔνοιαν
838 1234 931 1282 ἴσην
957 1233 1186 1278 ἀποδοῦναι,
1214 1232 1321 1272 ἀλλὰ
1346 1230 1390 1271 τὸ
1417 1231 1478 1272 καὶ
1503 1237 1550 1288 τῇ

217 1302 325 1353 τάξει
352 1303 415 1343 καὶ
443 1308 490 1359 τῇ
521 1302 732 1355 ἀπολογίᾳ,
761 1300 812 1342 ὡς
846 1299 1100 1351 βεβούληται
1133 1300 1195 1340 καὶ
1228 1300 1443 1356 προῄρηται
1472 1301 1550 1339 τῶν

219 1368 518 1423 ἀγωνιζομένων
543 1369 726 1415 ἕκαστος,
754 1367 877 1409 οὕτως
903 1367 1021 1407 ἐᾶσαι
1044 1365 1289 1419 χρήσασθαι.

287 1439 431 1477 Πολλὰ
456 1439 528 1487 μὲν
549 1436 616 1476 οῦν
643 1434 759 1487 ἔγωγ’
781 1436 1020 1484 ἐλαττοῦμαι
1040 1435 1136 1473 κατὰ
1155 1433 1310 1473 τουτονὶ
1334 1432 1402 1474 τὸν
1428 1431 1549 1485 ἀγῶν’

219 1505 426 1557 Αἰσχίνου,
455 1503 523 1543 δύο
554 1502 601 1548 δ’,
629 1500 657 1542 ὦ
689 1501 825 1554 ἄνδρες
859 1500 1076 1551 Ἀθηναῖοι,
1111 1501 1172 1541 καὶ
1205 1499 1374 1552 μεγάλα,
1402 1499 1444 1540 ἓν
1476 1501 1549 1550 μὲν

219 1573 281 1612 ὅτι
309 1571 353 1611 οὐ
383 1572 471 1622 περὶ
501 1574 579 1609 τῶν
608 1570 708 1609 ἴσων
739 1568 992 1620 ἀγωνίζομαι·
1033 1567 1078 1607 οὐ
1110 1566 1184 1619 γάρ
1219 1569 1330 1607 ἐστιν
1360 1568 1451 1607 ἴσον
1482 1570 1549 1606 νῦν

219 1639 306 1690 ἐμοὶ
331 1640 400 1688 τῆς
425 1637 513 1689 παρ’
539 1638 646 1687 ὑμῶν
677 1635 828 1676 εὐνοίας
861 1637 1086 1686 διαμαρτεῖν
1112 1634 1175 1673 καὶ
1205 1633 1329 1688 τούτῳ
1362 1633 1414 1684 μὴ
1441 1635 1549 1673 ἑλεῖν

218 1705 290 1756 τὴν
322 1704 494 1758 γραφήν,
524 1703 614 1743 ἀλλ’
641 1702 727 1753 ἐμοὶ
760 1702 937 1752 μὲν-οὐ
970 1702 1171 1752 βούλομαι
1206 1703 1394 1753 δυσχερὲς
1425 1701 1550 1741 εἰπεῖν

220 1772 333 1813 οὐδὲν
372 1772 592 1825 ἀρχόμενος
627 1773 695 1810 τοῦ
733 1770 869 1820 λόγου,
911 1768 1022 1809 οὗτος
1059 1767 1091 1807 δ’
1130 1769 1172 1807 ἐκ
1211 1768 1439 1820 περιουσίας
1476 1784 1551 1818 μου

221 1843 441 1892 κατηγορεῖ.
515 1838 648 1890 ἕτερον
681 1836 727 1883 δ’,
756 1835 775 1875 ὒ
807 1836 928 1888 φύσει
959 1838 1082 1876 πᾶσιν
1113 1835 1333 1887 ἀνθρώποις
1366 1833 1547 1887 ὑπάρχει,
1597 1853 1608 1861 ·

220 1912 296 1948 τῶν
322 1909 393 1958 μὲν
418 1908 627 1957 λοιδοριῶν
653 1904 716 1944 καὶ
741 1907 819 1943 τῶν
847 1906 1088 1955 κατηγοριῶν
1119 1903 1275 1943 ἀκούειν
1305 1901 1440 1953 ἡδέως,
1469 1905 1550 1943 τοῖς

221 1976 430 2015 ἐπαινοῦσι
463 1973 494 2014 δ’
526 1972 664 2014 αὑτοὺς
698 1970 907 2024 ἄχθεσθαι·
957 1970 1104 2010 τούτων
1141 1970 1272 2010 τοίνυν
1305 1968 1326 2009 ὃ
1359 1968 1431 2020 μέν
1463 1969 1551 2008 ἐστι

222 2041 317 2094 πρὸς
353 2039 510 2092 ἡδονήν,
545 2040 668 2093 τούτῳ
705 2037 872 2083 δέδοται,
911 2036 932 2076 ὃ
968 2039 1010 2078 δὲ
1046 2040 1169 2078 πᾶσιν
1208 2037 1259 2079 ὡς
1295 2036 1389 2078 ἔπος
1426 2037 1550 2076 εἰπεῖν

223 2110 396 2163 ἐνοχλεῖ,
436 2107 578 2148 λοιπὸν
618 2106 716 2157 ἐμοί.
791 2104 861 2145 κᾶν
903 2106 976 2154 μὲν
1015 2104 1309 2156 εὐλαβούμενος
1347 2106 1460 2143 τοῦτο
1498 2102 1549 2153 μὴ

269 2231 306 2250 12
332 2223 408 2259 ὑμᾶς
427 2222 502 2258 ἐμοῦ
519 2218 599 2249 secl.
618 2216 825 2254 Rosenberg
1006 2226 1041 2254 14
1068 2215 1283 2257 ἀκροάσασθαι
1302 2214 1326 2245 S
1344 2225 1350 2244 :
1379 2215 1551 2255 ἀκροᾶσθαι

223 2269 302 2294 cett.
321 2275 327 2294 ε
353 2263 565 2305 ἀκροάσεσθαι
583 2260 745 2301 Spengel⁷
766 2260 806 2290 cf.
828 2259 908 2289 xxiv
930 2269 985 2297 151
1114 2260 1153 2289 16
1177 2257 1367 2300 ἀμφοτέροις
1384 2262 1460 2297 post
1476 2259 1552 2294 ἴσην

223 2308 298 2338 add.
321 2307 408 2345 vulg.
428 2306 451 2336 S
467 2320 519 2347 γρ,
538 2317 545 2336 :
570 2316 633 2336 om.
653 2304 676 2334 S
692 2304 728 2334 L¹
818 2304 856 2334 τὸ
875 2304 925 2334 καὶ
945 2303 968 2333 S
986 2303 1010 2333 L
1026 2314 1032 2333 t
1057 2304 1107 2334 καὶ
1123 2304 1162 2335 τὸ
1179 2302 1268 2341 vulg.
1423 2310 1465 2340 23
1483 2301 1550 2339 ἐμοὶ

225 2351 248 2382 S
265 2351 289 2380 L
308 2350 395 2389 vulg.
412 2362 417 2380 :
445 2352 508 2391 ἐγὼ
528 2349 554 2380 Β
571 2363 621 2390 γρ.
642 2348 672 2378 Y
687 2362 740 2389 γρ.
883 2346 916 2378 δὲ
936 2352 1012 2386 post
1028 2347 1187 2386 βούλομαι
1206 2345 1280 2376 add.
1304 2345 1329 2374 L
1346 2344 1433 2383 vulg.
1451 2355 1457 2374 :
1483 2353 1547 2374 om.

226 2395 260 2425 Ξι
281 2394 305 2425 F
321 2408 371 2435 γρ.
394 2393 420 2423 Β
438 2407 487 2434 γρ.
626 2393 726 2424 εἰπεῖν
743 2390 834 2423 οὐδὲν
853 2390 875 2421 S
893 2402 899 2420 1
925 2390 1016 2422 οὐδὲν
1035 2391 1135 2423 εἰπεῖν
1154 2390 1178 2420 L
1192 2389 1221 2419 A
1239 2400 1245 2419 :
1271 2389 1369 2421 εἰπεῖν
1387 2388 1426 2419 al.

1569 449 1588 482 5

1572 845 1611 868 10

1572 1178 1611 1211 15

1572 1518 1611 1540 20
