1731 2844
173 118 212 171 x]
259 100 262 105 ’
526 121 681 158 RATA
733 119 1049 157 ‹blAlssHOT
1099 121 1133 155 Δ
1523 119 1630 173 [139]

173 224 234 263 καὶ
255 222 457 275 εὐεργέτας
477 224 697 275 ὑπείληφεν
715 224 863 267 ἑαυτοῦ,
883 220 989 261 οὗτοι
1007 223 1172 270 μισοῦσι
1193 221 1254 260 καὶ
1274 225 1492 270 πολεμοῦσι

171 289 386 329 Φίλιππον.
438 288 558 330 ἔπειθ’
575 290 595 329 6
612 287 791 339 πράττων
811 287 872 328 καὶ
889 287 1077 328 συνειδὼς
1092 285 1233 327 ἅπανθ’
1251 286 1275 326 ἃ
1291 287 1491 329 Φίλιππος
1522 303 1564 338 32

172 357 267 395 κατὰ
295 354 500 405 βασιλέως
531 353 877 406 παρασκευάζεται,
906 353 1018 395 οὗτος
1049 352 1307 394 ἀνάσπαστος
1336 351 1488 403 γέγονε,

172 422 232 461 καὶ
262 420 394 463 πάσας
422 423 491 464 τᾶς
520 418 679 473 πράξεις
709 419 903 471 βασιλεὺς
936 419 1008 471 οὐχ
1036 419 1145 470 ἡμῶν
1172 419 1491 471 κατηγορούντων

132 505 149 536 5
169 488 390 534 ἀκούσεται,
418 487 483 529 οὓς
507 488 602 539 ὑπὲρ
621 490 690 526 τοῦ
714 485 986 538 συμφέροντος
1010 485 1058 526 ἂν
1083 484 1277 538 ἡγήσαιτο
1302 488 1369 525 τοῦ
1394 486 1490 525 ἰδίου

168 553 313 606 λέγειν,
336 555 441 594 ἀλλὰ
461 557 528 593 τοῦ
548 552 767 605 πράξαντος
791 552 908 593 αὐτοῦ
928 553 989 592 καὶ
1008 555 1256 601 διοικοῦντος,
1277 551 1371 591 ὥστ’
1392 551 1491 592 εἶναι

170 619 325 666 πιστάς,
354 621 415 660 καὶ
445 620 588 660 λοιπὸν
612 620 736 671 λόγον
767 618 865 660 εῖναι
894 622 975 660 τοῖς
1003 618 1091 670 παρ’
1116 619 1222 669 ὑμῶν
1252 617 1487 670 πρέσβεσιν,
1521 620 1628 674 [140]

115 719 118 722 .
169 685 214 727 ὃν
231 685 428 736 βασιλεὺς
449 685 577 736 ἥδιστ’
596 685 643 726 ἂν
664 686 841 731 ἀκούσαι,
861 685 912 727 ὡς
930 685 997 725 τὸν
1018 684 1265 737 ἀμφοτέρους
1284 685 1490 725 ἀδικοῦντα
1522 696 1564 731 33

169 758 277 809 κοινῇ
301 751 604 804 τιμωρήσασθαι
634 755 703 798 δεῖ,
732 753 793 793 καὶ
823 753 882 792 ὅτι
906 751 1007 792 πολὺ
1032 755 1084 806 τῷ
1115 755 1283 802 βασιλεῖ
1306 751 1488 803 φοβερώ-

109 834 149 857 10
168 819 278 870 τερός
306 819 391 858 ἐσθ’
420 819 441 858 ὁ
465 820 680 864 Φίλιππος,
707 818 754 859 ἂν
779 818 981 871 προτέροις
1010 818 1101 869 ἡμῖν
1127 819 1320 868 ἐπιθῆται·
1359 819 1391 857 εἰ
1416 819 1491 869 γὰρ

168 886 548 936 ἐγκαταλειπόμενοί
568 901 607 925 τι
630 885 832 936 πεισόμεθ’
857 885 979 936 ἡμεῖς,
1008 885 1129 926 ἀδεῶς
1158 883 1219 924 ἐπ’
1245 885 1393 924 ἐκεῖνον
1417 883 1488 934 ἤδη

170 951 416 1003 πορεύσεται.
489 952 585 1003 ὑπὲρ
626 951 671 1001 δὴ
714 951 860 991 τούτων
902 950 1086 991 ἁπάντων
1127 951 1234 1001 οἶμαι
1274 953 1354 990 δεῖν
1392 951 1490 1001 ὑμᾶς

169 1019 391 1069 πρεσβείαν
424 1016 649 1068 ἐκπέμπειν,
675 1018 760 1067 ἥτις
789 1021 842 1072 τῷ
871 1021 1039 1068 βασιλεῖ
1065 1014 1299 1066 διαλέξεται,
1329 1017 1390 1057 καὶ
1419 1016 1489 1066 τὴν

168 1084 408 1135 ἀβελτερίαν
440 1083 672 1131 ἀποθέσθαι,
700 1083 749 1124 δι’
773 1082 820 1134 ἣν
850 1083 1043 1125 πολλάκις
1072 1083 1337 1133 ἠλαττώθητε,
1367 1086 1377 1100 ‘
1394 1083 1414 1122 6
1442 1082 1487 1133 δὴ

110 1162 145 1194 15
167 1148 387 1202 βάρβαρος,
408 1150 469 1190 καὶ
489 1151 509 1190 ὁ
529 1150 656 1192 κοινὸς
674 1150 822 1191 ἅπασιν
840 1149 1008 1203 ἐχθρός,’
1026 1150 1088 1190 καὶ
1107 1149 1234 1191 πάντα
1253 1151 1300 1189 τὰ
1315 1152 1486 1189 τοιαῦτα.

169 1216 246 1267 ἐγὼ
270 1218 345 1268 γὰρ
369 1217 463 1257 ὅταν
487 1216 559 1257 τιν’
584 1218 652 1257 ἵδω
681 1215 749 1257 τὸν
773 1218 844 1267 μὲν
869 1218 911 1256 ἐν
937 1216 1103 1258 Σούσοις
1134 1216 1196 1256 καὶ
1222 1214 1487 1268 Ἐγβατάνοις
1517 1224 1562 1259 34

169 1283 368 1323 δεδοικότα
405 1282 466 1323 καὶ
504 1283 692 1323 κακόνουν
729 1282 828 1323 εἶναι
862 1288 909 1339 τῇ
941 1283 1058 1323 πόλει
1091 1282 1311 1335 φάσκοντα,
1348 1281 1389 1323 ὃς
1426 1282 1487 1322 καὶ

169 1349 356 1400 πρότερον
382 1350 719 1401 συνεπηνώρθωσε
745 1350 792 1388 τὰ
817 1351 886 1399 τῆς
909 1350 1065 1390 πόλεως
1089 1348 1299 1400 πράγματα
1328 1347 1390 1387 καὶ
1419 1351 1488 1388 νῦν

167 1414 439 1467 ἐπηγγέλλετο
463 1414 511 1467 (εἰ
542 1417 583 1456 δὲ
612 1415 664 1466 μὴ
695 1414 875 1468 ἐδέχεσθ’
900 1416 1020 1466 ὑμεῖς,
1047 1414 1138 1455 ἀλλ’
1165 1415 1485 1467 ἀπεψηφίζεσθε,

107 1493 146 1516 20
167 1481 210 1521 οὐ
229 1482 409 1522 τάκείνου
434 1479 562 1531 αἴτια),
585 1482 680 1533 ὑπὲρ
700 1483 741 1522 δὲ
761 1485 830 1521 τοῦ
856 1482 919 1522 ἐπὶ
938 1485 1021 1523 ταῖς
1047 1482 1179 1533 θύραις
1205 1480 1323 1533 ε’γγὺς
1342 1481 1486 1521 οὑτωσὶ

167 1548 208 1587 ἐν
232 1547 336 1604 μέσῃ
355 1554 402 1605 τῇ
421 1547 591 1588 Ἑλλάδι
610 1547 873 1599 αὐξανομένου
891 1551 1044 1604 λῃστοῦ
1062 1552 1138 1589 τῶν
1157 1546 1364 1598 Ἑλλήνων
1384 1547 1487 1587 ἄλλο

164 1630 201 1654 τι
228 1612 412 1666 λέγοντα,
439 1614 633 1666 θαυμάζω,
662 1614 724 1655 καὶ
754 1614 909 1655 δέδοικα
936 1618 1087 1661 τοῦτον,
1115 1615 1226 1657 ὅστις
1255 1613 1304 1655 ἂν
1331 1612 1356 1670 ᾗ
1385 1613 1484 1660 ποτ’,

164 1679 302 1732 ἔγωγε,
331 1681 463 1731 ἐπειδὴ
489 1682 563 1735 οὐχ
588 1681 700 1724 οὗτος
727 1681 943 1722 Φίλιππον.

225 1745 347 1788 ’Έστι
369 1748 499 1789 τοίνυν
518 1764 555 1788 τι
573 1751 734 1800 πρᾶγμα
760 1747 821 1788 καὶ
845 1747 961 1794 ἄλλο,
983 1746 1004 1788 ὃ
1027 1748 1256 1798 λυμαίνεται
1275 1746 1347 1797 τὴν
1366 1747 1484 1787 πόλιν
1514 1755 1558 1793 35

105 1824 142 1855 ²5
163 1811 238 1853 ὑπὸ
262 1815 527 1867 βλασφημίας
551 1815 684 1855 ἀδίκου
714 1814 776 1854 καὶ
797 1815 938 1866 λόγων
968 1815 1012 1855 οὐ
1041 1815 1322 1866 προσηκόντων
1346 1816 1481 1864 διαβε-

162 1879 379 1930 βλημένον,
419 1881 501 1921 εἶτα
540 1884 621 1922 τοῖς
662 1883 783 1931 μηδὲν
820 1885 898 1921 τῶν
940 1882 982 1921 ἐν
1018 1882 1065 1936 τῇ
1105 1881 1284 1934 πολιτείᾳ
1325 1880 1484 1920 δικαίων

163 1945 423 1997 βουλομένοις
465 1950 592 1987 ποιεῖν
632 1948 836 1999 πρόφασιν
874 1946 1051 2000 παρέχει·
1106 1947 1169 1987 καὶ
1209 1946 1379 1992 πάντων,
1419 1945 1482 1985 ὅσ’

207 2067 225 2087 2
249 2057 408 2090 Φίλιππον
425 2057 487 2089 SF
504 2067 588 2088 corr.
610 2068 615 2086 :
641 2057 786 2097 Φιλίππῳ
803 2056 890 2096 vulg.
991 2067 1010 2096 3
1036 2056 1236 2098 ἀνάρπαστος
1254 2056 1284 2086 O
1384 2066 1400 2094 7
1425 2056 1483 2088 τὰς

166 2100 357 2141 κατηγορίας
374 2105 452 2141 post
469 2101 586 2133 πιστὰς
602 2101 676 2131 add.
694 2101 782 2139 vulg.
797 2111 803 2130 τ
829 2111 890 2131 om.
913 2099 950 2132 Sl
968 2100 1060 2131 solus
1226 2109 1265 2129 10
1290 2097 1371 2130 ἐσθἾ
1391 2099 1483 2131 ἔσται

167 2142 301 2174 Dobree
412 2143 573 2185 προτέροις
591 2144 614 2174 S
627 2143 697 2174 AY
712 2155 718 2173 ε
743 2143 894 2186 πρότερος
911 2144 999 2181 vulg.
1165 2153 1201 2180 14
1227 2145 1243 2174 6
1261 2143 1298 2179 δὴ
1317 2142 1340 2172 S
1352 2141 1383 2171 A
1397 2142 1481 2172 FY:

165 2187 216 2217 καὶ
232 2187 270 2224 δὴ
288 2186 396 2225 vulg.:
422 2189 437 2218 ὅ
456 2187 490 2219 δὲ
510 2187 636 2218 Reiske
654 2186 729 2217 coll.
747 2187 805 2217 xxi
823 2197 888 2226 209
1010 2188 1048 2217 16
1071 2185 1281 2227 Ἐγβατάνοις
1300 2184 1344 2215 Al
1362 2185 1480 2215 Blass:

164 2227 369 2265 Ἐκβατάνοις
388 2234 463 2261 cett.
633 2240 672 2268 19
696 2229 932 2271 ἀπεψηφίζεσθε
951 2230 975 2261 S
993 2230 1040 2269 (in
1060 2230 1139 2268 ras.)
1158 2229 1209 2259 A:
1236 2229 1481 2269 ἀπεψηφίσασθε

163 2271 251 2311 vulg.
415 2283 457 2304 20
481 2273 522 2305 τὰ
540 2272 661 2305 ἐκείνου
678 2272 746 2303 SA
762 2273 861 2305 Vind.
883 2282 896 2303 1
915 2285 922 2304 :
946 2273 987 2305 τά
1001 2286 1041 2313 γε
1060 2273 1180 2305 ἐκείνου
1198 2272 1286 2310 vulg.
1303 2282 1309 2301 z
1334 2272 1480 2303 τάκείνου

164 2316 197 2358 -y'
224 2317 320 2348 Blass
453 2328 493 2348 22
526 2316 684 2358 λέγοντας
714 2316 751 2348 S1
781 2317 809 2357 (ς
836 2323 948 2356 punct.
976 2317 1063 2356 not.)
1197 2326 1239 2356 24
1271 2330 1302 2349 τι
1329 2328 1394 2348 om.
1426 2317 1489 2347 SA

168 2375 210 2405 25
234 2367 494 2406 διαβεβλημένην
510 2379 560 2407 γρ.
583 2366 689 2396 Index
710 2365 859 2396 Lambini
1035 2365 1075 2394 26
1100 2363 1227 2395 δικαίων
1245 2368 1321 2402 post
1338 2363 1485 2403 πολιτείᾳ

169 2408 194 2440 S
210 2419 217 2440 ε
240 2413 316 2448 post
332 2410 431 2449 μηδὲν
447 2413 511 2441 τῶν
526 2409 618 2449 vulg.
