1747 2844
178 152 298 205 xvm]
482 157 621 194 ΠΕΡΙ
670 157 792 194 TOT
840 157 1178 194 ΣΤΕΦΑΝΟΎ

176 260 238 299 καὶ
269 261 317 299 τὰ
350 259 568 310 νομιζόμεν’
599 260 700 314 αὐτῷ
733 258 906 312 φέροιτο,
943 259 1170 298 ἀκολουθῶν
1200 257 1263 298 ἐπὶ
1296 256 1340 297 τὸ
1371 261 1502 308 μνῆμα

176 325 311 376 διεξίοι
348 327 405 366 (εἰ
442 326 485 366 τὸ
522 326 584 366 καὶ
620 326 664 366 τὸ
703 327 889 376 ἐποίησεν
925 324 1129 377 ἅνθρωπος
1167 325 1315 370 οὑτοσί,
1352 324 1419 363 οὐκ
1455 324 1502 364 ἂν

175 392 395 434 ἀπέθανεν.’
467 392 720 445 ἐμβρόντητε,
748 393 831 432 εἶτα
855 395 924 432 νῦν
948 391 1101 444 λέγεις,·

1533 153 1652 209 [308]

242 459 302 499 Οὐ
326 460 457 500 τοίνυν
478 460 566 500 οὐδὲ
591 458 661 509 τὴν
685 458 818 510 ἧτταν,
841 459 874 499 εἰ
899 458 1020 514 ταύτῃ
1040 464 1200 513 γαυριᾷς
1221 457 1284 510 ἐφ’
1304 456 1327 515 ᾗ
1348 456 1502 498 στένειν
1533 473 1603 508 244

137 543 155 576 5
177 525 228 572 α’,
251 524 280 565 ὦ
301 526 504 578 κατάρατε,
526 527 738 577 προσῆκεν,
761 526 804 565 ἐν
823 524 951 566 οὐδενὶ
975 529 1052 565 τῶν
1072 524 1161 577 παρ’
1183 525 1268 575 ἐμοὶ
1293 528 1502 577 γεγονυῖαν

177 592 362 645 εὑρήσετε
385 598 432 650 τῇ
456 593 585 633 πόλει.
638 591 786 632 οὑτωσὶ
811 594 853 633 δὲ
871 592 1096 644 λογίζεσθε.
1150 591 1319 641 οὐδαμοῦ
1338 590 1501 636 πώποθ’,

176 661 264 699 ὅποι
290 658 540 711 πρεσβευτὴς
566 657 774 710 ἐπέμφθην
792 657 862 710 ὑφ’
880 659 989 709 ’ὑμῶν
1009 658 1099 710 ἐγώ,
1120 657 1300 708 ἡττηθεὶς
1325 658 1504 707 ἀπῆλθον

175 729 253 766 τῶν
282 728 388 777 παρὰ
418 725 621 766 Φιλίππου
654 724 882 777 πρέσβεων,
917 724 985 764 οὐκ
1019 726 1061 764 ἐκ
1093 725 1317 765 Θετταλίας
1352 723 1430 763 οὐδ’
1462 721 1509 773 ἐξ

175 791 435 843 Ἀμβρακίας,
457 792 524 832 οὐκ
551 790 598 841 ἐξ
618 791 825 843 Ἰλλυριῶν
852 791 940 832 οὐδὲ
965 792 1070 843 παρὰ
1093 794 1171 831 τῶν
1192 793 1362 844 Θρᾳκῶν
1381 794 1502 841 βασι-

116 876 155 899 10
173 857 291 904 λέων,
329 858 398 898 οὐκ
434 860 476 899 ἐκ
512 858 738 908 Βυζαντίου,
778 857 846 898 οὐκ
887 857 1060 898 ἄλλοθεν
1102 857 1333 908 οὐδαμόθεν,
1373 857 1417 897 οὐ
1458 859 1505 897 τὰ

174 924 371 966 τελευταῖ’
406 926 449 965 ἐκ
480 927 648 976 Θηβῶν,
682 924 774 965 ἀλλ’
809 927 850 965 ἐν
884 924 941 966 οἷς
977 927 1205 976 κρατηθεῖεν
1242 925 1277 964 οἱ
1313 922 1506 975 πρέσβεις

176 991 294 1031 αὐτοῦ
327 996 380 1046 τῷ
416 991 538 1046 λόγῳ,
576 994 697 1032 ταῦτα
732 994 815 1033 τοῖς
856 992 996 1033 ὅπλοις
1042 991 1161 1031 ἐπιὼν
1200 990 1503 1042 κατεστρέφετο.

175 1056 281 1098 ταῦτ’
301 1058 368 1099 οὖν
393 1059 569 1100 ἀπαιτεῖς
593 1058 682 1110 παρ’
702 1059 810 1109 ἐμοῦ,
834 1058 896 1099 καὶ
920 1059 989 1099 οὐκ
1013 1057 1196 1111 αἰσχύνει
1218 1056 1287 1097 τὸν
1307 1056 1425 1097 αὐτὸν
1450 1058 1505 1098 εἵς

175 1141 218 1165 τε
242 1125 438 1175 μαλακίαν
459 1125 652 1166 σκώπτων
678 1126 740 1166 καὶ
763 1127 833 1176 τῆς
858 1126 1063 1165 Φιλίππου
1086 1123 1286 1175 δυνάμεως
1310 1122 1430 1174 ἀξιῶν
1450 1122 1505 1164 ἕν’

118 1206 155 1239 15
177 1192 273 1232 ὄντα
303 1193 463 1244 κρείττω
492 1191 699 1244 γενέσθαι;
744 1192 807 1233 καὶ
836 1195 956 1232 ταῦτα
982 1195 1063 1233 τοῖς
1093 1191 1250 1243 λόγοις;
1293 1192 1400 1232 τίνος
1429 1192 1505 1243 γὰρ

178 1258 304 1298 ἄλλου
334 1259 462 1311 κύριος
490 1258 539 1309 ἦν
564 1259 640 1310 ἐγώ
649 1274 661 1305 ;
700 1257 746 1298 οὐ
773 1260 849 1311 γὰρ
878 1261 947 1309 τῆς
978 1258 1016 1311 γ’
1042 1257 1211 1299 ἑκάστου
1239 1259 1387 1310 ψυχῆς,
1414 1257 1505 1298 οὐδὲ

177 1326 246 1374 τῆς
271 1324 393 1378 τύχης
416 1329 494 1366 τῶν
518 1323 868 1377 παραταξαμένων,
890 1324 979 1366 οὐδὲ
1002 1327 1071 1375 τῆς
1098 1324 1350 1376 στρατηγίας,
1377 1324 1422 1375 ἧς
1446 1322 1505 1375 ἔμ’

178 1391 356 1433 ἀπαιτεῖς
390 1391 564 1433 εὐθύνας·
603 1392 701 1432 οὕτω
736 1391 874 1434 σκαιὸς
907 1392 952 1432 εῖ.
1024 1392 1131 1431 ἀλλὰ
1160 1391 1237 1442 μὴν
1266 1391 1320 1431 ὧν
1350 1389 1387 1443 γ’
1412 1389 1460 1431 ἂν
1486 1391 1506 1430 ὁ

176 1455 304 1510 ῥήτωρ
327 1458 542 1500 ὑπεύθυνος
567 1459 640 1508 εἴη,
662 1460 797 1499 πᾶσαν
818 1457 1000 1508 ἐξέτασιν
1020 1457 1262 1509 λαμβάνετε
1300 1456 1345 1497 οὐ
1364 1473 1503 1509 παραι-

119 1539 158 1561 20
176 1527 327 1575 τοῦμαι.
399 1523 472 1565 τίν’
498 1524 566 1565 οὖν
593 1525 679 1565 ἐστι
703 1528 844 1571 ταῦτα,·
883 1526 980 1565 ἰδεῖν
1003 1526 1052 1565 τὰ
1082 1522 1277 1577 πράγματ’
1304 1524 1506 1577 ἀρχόμενα

178 1590 242 1630 καὶ
275 1590 566 1643 προαισθέσθαι
602 1592 665 1632 καὶ
701 1594 905 1644 προειπεῖν
939 1594 1021 1633 τοῖς
1056 1590 1208 1633 ἄλλοις.
1279 1594 1401 1631 ταῦτα
1436 1590 1503 1632 πέ-

177 1659 348 1709 πρακταί
372 1674 450 1709 μοι.
522 1658 585 1699 καὶ
614 1657 671 1698 ἔτι
698 1659 769 1701 τὰς
802 1660 1029 1711 ἑκασταχοῦ
1059 1659 1322 1710 βραδυτῆτας,
1354 1659 1504 1704 ὄκνους,

178 1724 352 1776 ἀγνοίας,
393 1725 630 1777 φιλονικίας,
669 1725 694 1765 ἃ
733 1725 917 1766 πολιτικὰ
951 1729 1037 1766 ταῖς
1078 1725 1249 1765 πόλεσιν
1285 1724 1506 1776 πρόσεστιν

178 1790 351 1833 ἁπάσαις
384 1791 446 1832 καὶ
479 1791 663 1844 ἀναγκαῖ’
693 1790 965 1844 ἁμαρτήματα,
996 1790 1104 1832 ταῦθ’
1136 1791 1186 1834 ὡς
1220 1792 1274 1832 εἷς
1308 1790 1507 1844 ἐλάχιστα

119 1872 157 1905 25
179 1861 401 1904 συστεῖλαι,
430 1858 491 1898 καὶ
520 1858 748 1899 τούναντίον
778 1860 834 1901 εἷς
863 1859 1048 1910 ὁμόνοιαν
1079 1858 1142 1899 καὶ
1173 1858 1315 1911 φιλίαν
1345 1857 1407 1898 καὶ
1436 1858 1507 1907 τὴν

178 1927 246 1964 τοῦ
279 1926 328 1965 τὰ
364 1924 504 1965 δέοντα
539 1929 667 1966 ποιεῖν
702 1925 827 1977 ὁρμὴν
867 1925 1103 1978 προτρέψαι.
1177 1925 1239 1965 καὶ
1281 1924 1401 1965 ταῦτά
1441 1941 1507 1975 μοι

179 1990 308 2032 πάντα
343 1993 568 2042 πεποίηται,
608 1992 669 2032 καὶ
705 1991 831 2035 οὐδεὶς
865 1991 1010 2044 μήποθ’
1049 1993 1140 2049 εὕρῃ
1177 1991 1261 2032 κατ’
1297 1991 1357 2043 ἔμ’
1394 1990 1506 2031 οὐδὲν

225 2112 238 2132 1
265 2101 412 2145 φέροιτο]
430 2102 576 2143 φαίνοιτο
594 2101 669 2142 SQ,
685 2102 725 2133 cf.
743 2102 800 2133 xxi
814 2103 855 2141 85
945 2112 964 2132 2
989 2101 1148 2144 ἅνθρωπος
1166 2100 1320 2132 Bekker:
1349 2101 1507 2142 ἅνθρωπος

178 2146 275 2177 codd.
448 2157 468 2184 4
500 2146 599 2184 αὐτὴν
616 2150 694 2185 post
714 2145 818 2183 ἧτταν
838 2146 916 2177 add.
933 2146 984 2178 A:
1018 2155 1082 2177 om.
1107 2145 1131 2176 S
1145 2145 1171 2175 L
1188 2145 1276 2183 vulg.
1299 2143 1404 2183 Oxyr.
1428 2153 1504 2183 pap.

178 2198 199 2229 5
227 2190 295 2229 ἐμοὶ
312 2188 336 2220 S
350 2189 376 2219 L
392 2189 479 2228 vulg.
502 2188 610 2229 Oxyr.
629 2199 706 2229 pap.
722 2200 727 2219 :
754 2191 831 2228 ἐμοῦ
846 2189 878 2220 Α
1027 2199 1044 2228 7
1074 2190 1144 2220 ὅποι
1162 2188 1186 2219 S
1200 2188 1225 2217 L
1237 2187 1268 2217 A
1283 2198 1290 2217 z
1323 2188 1401 2219 ὅπου
1417 2187 1506 2226 vulg.

178 2232 308 2263 Anecd.
330 2232 434 2265 Bekk.
453 2243 484 2272 p.
509 2243 566 2272 147
704 2233 724 2263 8
749 2234 812 2264 οὐδ’
830 2232 853 2264 S
866 2233 893 2264 L
909 2231 997 2271 vulg.
1014 2244 1020 2264 :
1047 2234 1103 2264 οὐκ
1121 2232 1152 2261 Α
1284 2241 1306 2269 9
1330 2229 1403 2262 οὐδὲ
1421 2230 1444 2261 S
1457 2230 1483 2260 L
1499 2241 1507 2261 :

180 2278 214 2307 οὐ
232 2280 310 2307 cett.
448 2286 482 2305 11
508 2280 586 2315 post
603 2278 776 2308 τελευταῖα
792 2277 866 2307 add.
887 2275 994 2318 πρῴην
1010 2275 1101 2314 vulg.
1122 2276 1147 2305 L
1164 2284 1249 2305 corr.
1271 2273 1299 2304 B
1317 2283 1402 2305 corr.
1419 2285 1426 2304 τ
1451 2277 1507 2306 νῦν

179 2318 211 2349 Α
228 2330 234 2349 :
257 2329 320 2350 om.
341 2318 365 2350 S
378 2318 417 2349 L¹
534 2328 572 2358 19
596 2318 783 2359 λαμβάνετε
801 2319 825 2351 S
838 2319 883 2350 L:
908 2319 1056 2359 λάμβανε
1074 2323 1151 2349 cett.
1267 2327 1307 2356 24
1333 2318 1377 2350 εἷς
1393 2327 1458 2348 orn.
1478 2317 1505 2347 L

180 2361 343 2402 ἐλάχιστα
359 2362 383 2393 S
396 2362 422 2393 L
436 2374 443 2392 τ
477 2362 658 2403 ἐλάχιστον
674 2361 763 2402 vulg.
935 2373 974 2401 27
1007 2362 1175 2402 ἀνθρώπων
1192 2365 1269 2400 post
1285 2361 1409 2401 μήποτε
1426 2361 1501 2392 add.

179 2405 267 2444 vulg.
287 2417 293 2436 ε
319 2415 382 2437 om.
403 2406 426 2436 S
441 2405 476 2437 L¹
490 2405 522 2436 A
611 2407 651 2438 τὸ
667 2410 747 2437 ante
763 2405 833 2438 κατ’
853 2404 909 2445 ἐμὲ
925 2406 1003 2438 add.
1021 2405 1107 2444 vulg.
1123 2415 1129 2435 ι
1156 2414 1219 2435 om.
1241 2404 1265 2434 S
1278 2403 1316 2434 L¹

1326 2465 1384 2498 19*

1535 1074 1602 1111 245

1537 1395 1607 1438 246

1538 1723 1658 1778 [309]
