1763 2828
111 140 207 194 [121]

161 391 205 425 39

160 725 208 759 40

163 1127 205 1160 41

165 1557 210 1591 42

109 1742 212 1798 [122]

168 1887 212 1922 43

663 136 1150 175 ΔΗΜΟΣΘΕΝΟΎΣ
1504 132 1559 186 [1x

235 244 340 295 παρὰ
363 245 441 282 τῶν
459 242 661 294 λεγόντων
680 241 768 281 οὐδὲ
793 244 871 280 τῶν
896 239 1236 291 στρατηγούντων,
1258 238 1346 279 οὐδὲ
1371 238 1443 289 τὴν
1468 236 1564 290 πρὸς

236 308 438 360 ἀλλήλους
468 309 666 359 ὁμόνοιαν,
694 307 780 348 οὐδὲ
812 306 883 356 τὴν
910 306 1006 357 πρὸς
1034 305 1124 347 τοὺς
1152 304 1362 357 τυράννους
1388 305 1450 345 καὶ
1474 305 1564 347 τοὺς

235 376 466 428 βαρβάρους
508 376 709 420 ἀπιστίαν,
748 373 826 414 οὐδ’
863 374 966 415 ὅλως
1007 376 1183 413 τοιοῦτον
1225 371 1350 413 οὐδέν.
1420 375 1488 413 νῦν
1530 371 1563 411 δ’

236 442 378 484 ἅπανθ’
404 443 540 494 ὥσπερ
569 441 615 492 ἐξ
642 442 788 493 ἀγορᾶς
817 439 1058 491 ἐκπέπραται
1087 442 1218 485 ταῦτα,
1247 440 1501 489 ἀντεισῆκται
1532 437 1564 478 δ’

237 509 324 550 ἀντὶ
362 509 509 549 τούτων
547 508 615 559 ὑφ’
655 509 708 548 ὧν
748 508 934 547 ἀπόλωλε
978 506 1040 546 καὶ
1082 506 1296 556 νενόσηκεν
1338 505 1361 556 ἡ
1399 504 1603 556 Ἑλλάς.5

237 579 358 616 ταῦτα
386 575 417 615 δ’
444 576 530 616 ἐστὶ
559 575 614 620 τί,·
655 574 782 624 ζῆλος,
810 575 846 614 εἵ
873 590 931 616 τις
965 572 1108 625 εἴληφέ
1136 590 1186 613 τι·
1224 571 1365 625 γέλως,
1392 571 1441 612 ἂν
1474 572 1566 623 ὁμο-

237 643 348 699 λογῇ·
400 643 604 695 συγγνώμη
636 645 712 683 τοῖς
745 642 1012 694 ἐλεγχομένοις·
1063 643 1191 691 μῖσος,
1234 640 1280 680 ἂν
1319 639 1470 681 τούτοις
1507 655 1567 680 τις

239 711 408 764 ἐπιτιμᾷ·
446 709 576 748 τᾶλλα
600 707 715 748 πάνθ’
741 708 803 748 ὅσ’
830 709 871 748 ἐκ
896 711 964 748 τοῦ
990 710 1222 759 δωροδοκεῖν
1246 705 1420 758 ἤρτηται.
1482 705 1567 746 ἐπεὶ

236 774 405 828 τριήρεις
441 792 488 826 γε
525 775 587 816 καὶ
624 774 818 825 σωμάτων
857 777 1008 825 πλῆθος
1052 775 1113 814 καὶ
1152 772 1364 826 χρημάτων
1402 773 1462 812 καὶ
1499 774 1567 822 τῆς

237 842 364 892 ἄλλης
391 843 633 891 κατασκευῆς
657 842 844 894 ἀφθονία,
867 840 928 881 καὶ
952 840 1067 880 τᾶλλ’
1088 841 1145 882 οἶς
1169 840 1217 880 ἄν
1235 857 1293 882 τις
1319 839 1474 892 ἰσχύειν
1499 840 1568 880 τὰς

237 909 375 950 πόλεις
401 910 535 960 κρίνοι,
557 911 626 949 νῦν
651 907 776 947 ἅπασι
803 907 865 947 καὶ
889 909 1013 948 πλείω
1042 907 1103 946 καὶ
1127 907 1244 957 μείζω
1270 906 1358 946 ἐστὶ
1383 909 1460 946 τῶν
1478 906 1569 946 τότε

238 979 388 1030 πολλῷ.
464 976 570 1015 ἀλλὰ
598 973 705 1014 ταῦτ’
737 974 932 1028 ἄχρηστα,
964 973 1156 1025 ἄπρακτα,
1189 974 1361 1023 ἀνόνητα
1387 972 1463 1013 ὑπὸ
1491 976 1569 1013 τῶν

239 1042 478 1083 πωλούντων
503 1043 693 1094 γίγνεται.

299 1107 394 1149 ’Ότι
419 1108 452 1148 δ’
471 1110 571 1149 οὕτω
594 1107 701 1148 ταῦτ’
722 1108 806 1160 ἔχει
830 1109 879 1147 τὰ
903 1110 974 1158 μὲν
994 1110 1061 1148 νῦν
1082 1107 1195 1159 ὁρᾶτε
1220 1104 1344 1156 δήπου
1370 1105 1431 1146 καὶ
1457 1104 1570 1146 οὐδὲν

239 1176 333 1226 ε’μοῦ
358 1178 597 1226 προσδεῖσθε
622 1174 828 1227 μάρτυρος·
865 1175 914 1214 τὰ
938 1173 969 1215 δ’
991 1175 1032 1215 ἐν
1052 1178 1134 1216 τοῖς
1158 1173 1308 1214 ἄνωθεν
1327 1173 1486 1226 χρόνοις
1510 1173 1571 1212 ὅτι

239 1242 417 1283 τάναντί’
439 1243 546 1296 εἶχεν
567 1242 644 1294 ἐγὼ
669 1242 853 1292 δηλώσω,
875 1241 919 1281 οὐ
938 1242 1084 1293 λόγους
1107 1242 1277 1291 ἐμαυτοῦ
1299 1239 1442 1292 λέγων,
1463 1240 1571 1280 ἀλλὰ

240 1308 449 1361 γράμματα
484 1313 561 1349 τῶν
595 1309 803 1361 προγόνων
838 1311 917 1348 τῶν
950 1307 1149 1359 ὑμετέρων
1186 1309 1336 1347 ἁκεῖνοι
1371 1304 1570 1346 κατέθεντ’

241 1377 296 1417 εἰς
327 1375 479 1426 στήλην
509 1378 666 1429 χαλκῆν
693 1374 923 1428 γράψαντες
953 1375 1008 1416 εἰς
1038 1374 1268 1426 ἀκρόπολιν,
1296 1376 1365 1426 οὐχ
1389 1373 1430 1412 ἵν’
1450 1376 1572 1415 αὐτοῖς

240 1435 265 1486 ᾗ
282 1436 451 1486 χρήσιμα
471 1434 551 1487 (καὶ
570 1438 642 1487 γὰρ
663 1437 747 1474 ἄνευ
769 1437 908 1474 τούτων
925 1437 997 1473 τῶν
1016 1435 1241 1486 γραμμάτων
1260 1435 1308 1472 τὸ.
1327 1432 1439 1472 δέοντ’
1461 1434 1571 1483 ἐφρό-

241 1489 352 1541 νουν),
386 1489 472 1527 ἀλλ’
505 1489 546 1528 ἵν’
573 1491 675 1539 ὑμεῖς
707 1488 808 1540 ἔχηθ’
836 1489 1083 1539 ὑπομνήματα
1123 1488 1182 1526 καὶ
1214 1488 1494 1540 παραδείγματα
1526 1489 1573 1528 ὡς

240 1545 332 1593 ὑπὲρ
354 1547 426 1583 τῶν
442 1545 616 1582 τοιούτων
634 1544 856 1590 σπουδάζειν
875 1544 1065 1593 προσήκει.
1121 1543 1160 1581 τί
1181 1542 1242 1580 οὖν
1265 1544 1366 1594 λέγει
1389 1544 1436 1581 τὰ
1455 1543 1573 1594 γράμ-

241 1623 354 1656 ματα;
397 1603 633 1657 “”Αρθμιος’
663 1604 766 1657 φησὶ
800 1604 1090 1645 ίΠυθώνακτος
1123 1604 1311 1654 Ζελείτης
1342 1602 1478 1655 ἄτιμος
1511 1603 1573 1643 καὶ

243 1671 434 1723 πολέμιος
457 1675 525 1711 τοῦ
549 1670 671 1722 δήμου
694 1675 764 1712 τοῦ
786 1671 1007 1721 Ἀθηναίων
1028 1670 1090 1711 καὶ
1115 1673 1193 1711 τῶν
1213 1669 1432 1723 συμμάχων
1457 1669 1574 1711 αὐτὸς

245 1739 308 1779 καὶ
342 1738 482 1791 γένος.’
556 1738 626 1778 εἶθ’
655 1739 678 1789 ἡ
713 1739 818 1778 αἰτία
850 1737 1082 1790 γέγραπται,
1113 1736 1160 1777 δι’
1190 1735 1237 1787 ἣν
1265 1736 1371 1777 ταῦτ’
1400 1736 1572 1789 ἐγένετο·

246 1805 256 1822 ‘
273 1806 333 1846 ὅτι
362 1805 430 1846 τὸν
457 1805 609 1859 χρυσὸν
633 1805 701 1845 τὸν
728 1806 768 1845 ἐκ
795 1803 943 1855 Μήδων
974 1806 1028 1846 εἷς
1054 1804 1370 1855 Πελοπόννησον
1393 1802 1573 1856 ἤγαγεν.’

244 1872 351 1913 ταῦτ’
382 1872 468 1912 ἐστὶ
500 1874 548 1912 τὰ
580 1871 804 1924 γράμματα.
837 1872 1048 1924 λογίζεσθε
1083 1870 1128 1921 δὴ
1161 1870 1258 1923 πρὸς
1289 1873 1403 1917 θεῶν,
1437 1871 1495 1912 τίς
1530 1869 1575 1921 ἦν

289 1992 309 2021 3
333 1983 480 2014 τοιοῦτον
499 1980 522 2011 S
537 1981 580 2011 L:
607 1983 672 2012 τῶν
688 1980 842 2013 τοιούτων
860 1986 937 2012 cett.
1088 1992 1107 2019 4
1133 1980 1348 2021 ἐκπέπρακται
1368 1979 1414 2018 5¹,
1433 1979 1473 2010 cf.
1494 1990 1516 2009 x
1533 1989 1574 2018 54

248 2037 265 2065 7
292 2026 469 2066 συγγνώμη
486 2027 552 2056 τοῖς
571 2024 801 2064 ἐλεγχομένοις
820 2035 885 2055 om.
907 2024 940 2055 S¹
957 2024 993 2055 L¹
1012 2023 1073 2055 soli
1250 2034 1271 2062 9
1299 2029 1376 2062 post
1398 2021 1574 2065 χρημάτων

246 2070 322 2100 add.
342 2068 493 2111 πρόσοδοι
510 2068 563 2098 vel
581 2067 737 2109 πρόσοδος
755 2067 845 2107 vulg.
861 2079 866 2098 :
892 2078 956 2099 om.
979 2067 1014 2097 S¹
1029 2068 1065 2098 L¹
1084 2067 1146 2097 soli
1312 2077 1350 2097 10
1374 2067 1574 2103 κατασκευῆς

248 2114 272 2144 S
304 2112 416 2152 vulg.:
455 2113 657 2170 παρασκευῆς
690 2111 762 2141 ΑΟ
945 2121 978 2141 11
1020 2111 1119 2143 ἅπασι
1153 2109 1281 2141 SLA:
1320 2109 1446 2141 ἅπαντα
1479 2109 1569 2148 vulg.

250 2167 289 2187 12
312 2159 417 2188 ταῦτα
434 2156 457 2186 S
471 2155 496 2185 L
522 2166 528 2186 :
554 2156 659 2186 ταῦτα
674 2154 780 2186 πάντα
796 2154 826 2184 Α
841 2165 847 2184 :
873 2154 999 2186 ἅπαντα
1014 2157 1116 2185 ταῦτα
1133 2154 1163 2184 O
1178 2154 1265 2192 vulg.
1361 2163 1398 2191 17
1424 2152 1575 2184 δεικνύων

247 2204 324 2239 post
343 2198 502 2241 ὑμετέρων
518 2199 593 2229 add.
614 2198 703 2236 vulg.
720 2210 726 2229 :
752 2208 815 2228 om.
838 2198 925 2228 511,¹
944 2197 1084 2228 Aristid.
1244 2198 1343 2227 18-21
1372 2198 1434 2236 οὐχ
1449 2195 1490 2227 ἵν’
1509 2220 1515 2226 .

247 2242 420 2284 γράμματα
436 2253 501 2273 om.
523 2241 610 2273 5¹1„l
745 2252 786 2271 22
811 2244 827 2272 ὁ
843 2246 921 2271 ante
941 2242 1150 2273 Πυθώνακτος
1166 2240 1242 2271 add.
1262 2240 1381 2271 codd.:
1407 2239 1471 2270 del.
1495 2239 1574 2269 Din-

249 2286 329 2316 dors
446 2290 523 2325 post
542 2287 651 2325 ἄτιμος
668 2285 743 2315 add.
765 2285 849 2316 ἔστω
867 2284 954 2323 vulg.
973 2296 980 2314 ι
1004 2295 1068 2315 om.
1091 2285 1123 2315 5¹
1140 2283 1166 2314 L
1335 2292 1376 2321 23
1400 2283 1500 2321 δήμου
1516 2283 1575 2313 τοῦ

251 2330 274 2359 S
286 2329 317 2360 A
331 2340 336 2358 :
363 2329 462 2369 δήμου
478 2332 544 2361 τῶν
562 2329 588 2358 L
605 2329 692 2367 vulg.
871 2338 910 2366 24
935 2326 1117 2368 γέγραπται
1141 2327 1164 2357 S
1179 2325 1212 2357 L'
1227 2326 1258 2357 A
1273 2337 1280 2356 ε
1308 2325 1574 2367 προσγέγραπται

249 2373 336 2411 vulg.
452 2374 495 2402 26
519 2376 595 2411 post
612 2375 690 2404 θεῶν
707 2372 781 2402 add.
801 2371 871 2413 παρ’
890 2373 961 2411 ὑμῖν
978 2373 1084 2403 αὐτοῖς
1097 2371 1127 2400 Λ
1143 2382 1150 2400 :
1173 2370 1248 2401 add.
1271 2370 1321 2402 καὶ
1339 2372 1484 2411 θεωρεῖτε
1503 2368 1573 2410 παρ’

250 2418 322 2456 ὑμῖν
339 2417 444 2448 αὐτοῖς
461 2415 548 2454 vulg.

1591 857 1629 879 10

1593 1189 1631 1221 Ι5

1594 1504 1634 1527 20
