1763 2828
76 705 191 759 [363]

148 1122 192 1156 70

148 1786 188 1821 71

658 134 1144 173 ΔΗΜΟΣΘΕΝΟΎΣ
1473 131 1560 186 [xlx

227 243 354 279 λετο.’
396 242 475 280 πῶς
502 240 575 291 γὰρ
601 238 674 292 οὐχ
699 239 806 279 οὗτοι
831 242 999 280 τοιοῦτοι
1023 240 1180 281 δικαίως
1205 240 1476 293 ὑποληφθεῖεν
1499 241 1560 289 ἄν,

226 306 267 345 οἵ
294 322 351 357 γε,
379 306 404 346 δι
431 306 528 357 ὑπὲρ
553 306 671 346 αὑτοῦ
695 306 898 349 Φίλιππος
927 306 1170 356 τηλικούτων
1199 308 1324 348 ὄντων
1353 307 1454 363 αὐτῷ
1484 312 1563 350 τῶν

227 373 429 425 διαφόρων
468 373 536 413 οὐκ
578 373 728 425 ἐτόλμα
766 374 1011 426 ψεύσασθαι,
1052 373 1131 414 οὐδ’
1170 375 1350 427 ἔγραψεν
1389 374 1468 416 οὔτ’
1507 377 1563 418 εἷς

227 439 446 490 ἐπιστολὴν
476 439 674 491 οὐδεμίαν,
702 441 792 481 οὔτε
821 440 1073 493 πρεσβευτὴς
1102 440 1228 483 οὐδεὶς
1257 441 1344 483 εἶπε
1366 445 1446 483 τῶν
1470 442 1562 494 παρ’

227 507 388 553 ἐκείνου,
412 507 474 548 ἐπὶ
494 511 614 547 ταῦτα
638 508 918 559 μισθώσαντες
939 508 1098 551 ἑαυτοὺς
1116 509 1215 559 ὑμᾶς
1233 506 1460 558 ἐξηπάτων;
1501 509 1562 549 καὶ
1583 527 1601 559 5

225 574 246 613 6
274 575 348 624 μὲν
371 573 630 626 Ἀντίπατρος
662 575 724 615 καὶ
755 575 774 614 ὁ
806 576 1053 627 Παρμενίων,
1086 576 1262 631 δεσπότῃ
1293 578 1563 618 διακονοῦντες

227 641 289 681 καὶ
319 640 363 681 οὐ
391 640 609 691 μέλλοντες
637 642 726 692 ὑμῖν
757 643 856 692 μετὰ
886 641 993 682 ταῦτ’
1024 641 1290 692 ἐντεύξεσθαι,
1321 643 1426 694 ὅμως
1457 642 1562 684 τοῦθ’

224 707 398 759 εὕροντο,
425 707 477 758 μὴ
505 707 553 747 δι’
580 708 708 748 αὐτῶν
733 709 832 759 ὑμᾶς
858 707 1161 759 ἐξαπατηθῆναι·
1200 711 1237 750 οἱ
1262 708 1316 755 δέ,
1343 709 1560 760 Ἀθηναῖοι,

223 776 291 823 τῆς
327 774 645 826 ἐλευθερωτάτης
679 776 846 821 πόλεως,
881 775 1074 827 πρέσβεις
1108 775 1322 829 ταχθέντες
1358 778 1469 827 ὑμᾶς,
1505 778 1562 818 οἶς

223 841 479 882 ἀπαντῶντας
514 841 747 892 ἐμβλέπειν,
775 843 834 884 οἷς
863 843 990 892 συζῆν
1024 841 1173 895 ἀνάγκη
1202 843 1272 883 τὸν
1295 844 1439 884 λοιπὸν
1467 845 1562 894 βίον
1587 859 1624 881 ιο

224 908 287 947 καὶ
307 909 349 948 ἐν
369 909 426 950 οἷς
447 907 609 950 εὐθύνας
629 908 801 959 ἔμελλον
821 909 965 950 δώσειν
984 913 1063 950 τῶν
1082 909 1382 962 πεπραγμένων,
1404 911 1561 952 τούτους

223 974 424 1025 ἐξαπατᾶν
450 975 696 1026 ὑπέστησαν.
769 980 852 1018 πῶς
876 975 925 1017 ἂν
949 975 1151 1029 ἄνθρωποι
1177 977 1332 1019 κακίους
1356 973 1379 1027 ἢ
1403 980 1562 1028 μᾶλλον

222 1042 535 1093 ἀπονενοημένοι
559 1044 711 1084 τούτων
736 1043 935 1095 γένοιντο,·

281 1107 370 1149 Ἵνα
395 1110 528 1150 τοίνυν
554 1110 675 1161 εἰδῆθ’
702 1111 763 1151 ὅτι
790 1111 852 1151 καὶ
878 1110 1092 1163 κατάρατός
1123 1111 1235 1151 ἐστιν
1257 1110 1326 1163 ὑφ’
1351 1111 1470 1162 ὑμῶν,
1500 1112 1561 1151 καὶ

221 1175 300 1216 οὐδ’
326 1177 442 1218 ὅσιον
468 1178 559 1228 ὑμῖν
584 1177 665 1218 οὐδ’
691 1177 860 1230 εὐσεβές
887 1179 974 1218 ἐστι
999 1177 1144 1218 τοιαῦτ’
1163 1177 1417 1230 ἐψευσμένον
1442 1178 1560 1219 αὐτὸν
1585 1193 1621 1225 15

222 1244 396 1295 ἀφεῖναι,
416 1243 513 1297 λέγε
533 1244 604 1297 τὴν
625 1246 724 1299 ἀρὰν
743 1245 805 1286 καὶ
825 1244 1025 1298 ἀνάγνωθι
1044 1245 1186 1297 λαβὼν
1203 1245 1275 1296 τὴν
1290 1246 1335 1286 ἐκ
1353 1249 1421 1286 τοῦ
1440 1246 1562 1297 νόμου

222 1311 396 1361 ταυτηνί.

852 1377 938 1404 ΑΡΑ.

289 1442 411 1482 Ταῦθ’
436 1443 532 1494 ὑπὲρ
558 1444 679 1494 ὑμῶν,
707 1441 736 1483 ὦ
766 1443 905 1495 ἄνδρες
930 1442 1148 1494 Ἀθηναῖοι,
1176 1443 1260 1483 καθ’
1286 1442 1461 1494 ἑκάστην
1489 1443 1560 1493 τὴν

223 1509 440 1559 ἐκκλησίαν
466 1511 486 1549 6
513 1508 635 1562 κῆρυξ
657 1510 815 1563 εὔχεται
841 1510 946 1564 νόμῳ
967 1509 1306 1562 προστεταγμένα,
1329 1510 1392 1551 καὶ
1416 1511 1512 1550 ὅταν
1537 1510 1560 1561 ἡ
1583 1527 1621 1549 20

223 1575 353 1626 βουλὴ
386 1578 561 1626 καθῆται,
594 1576 685 1628 παρ’
711 1578 842 1632 ἐκείνῃ
872 1576 1006 1617 πάλιν.
1081 1577 1142 1617 καὶ
1172 1576 1276 1616 ταῦτ’
1301 1576 1369 1616 οὐκ
1402 1577 1560 1618 ἔνεστιν

224 1642 348 1683 εἰπεῖν
374 1642 497 1697 τούτῳ
526 1643 575 1685 ὡς
601 1642 669 1683 οὐκ
695 1643 736 1684 εὖ
759 1642 857 1699 ᾔδει·
895 1644 1257 1696 ὑπογραμματεύων
1281 1645 1357 1696 γὰρ
1381 1645 1471 1694 ὑμῖν
1497 1643 1561 1684 καὶ

222 1709 425 1761 ὑπηρετῶν
461 1715 509 1766 τῇ
545 1714 677 1766 βουλῇ
713 1709 828 1752 αὐτὸς
864 1708 1044 1762 ἐξηγεῖτο
1080 1710 1148 1751 τὸν
1185 1711 1305 1761 νόμον
1337 1713 1474 1751 τοῦτον
1507 1714 1560 1765 τῷ

225 1774 369 1827 κήρυκι.
440 1780 521 1819 πῶς
548 1777 616 1817 οὖν
641 1776 709 1817 οὐκ
739 1776 888 1818 ἄτοπον
915 1778 977 1818 καὶ
1001 1778 1200 1830 ὑπερφυὲς
1230 1776 1279 1817 ἂν
1303 1778 1561 1827 πεποιηκότες

221 1842 331 1892 ὑμεῖς
357 1844 473 1894 εἴητε,
496 1845 530 1884 εἰ
557 1844 581 1884 ἃ
606 1843 888 1896 προστάττετε,
908 1847 1065 1895 μᾶλλον
1086 1844 1118 1884 δ’
1139 1843 1294 1895 ἀξιοῦτε
1319 1848 1446 1885 ποιεῖν
1463 1845 1561 1897 ὑπὲρ
1583 1860 1620 1892 25

222 1909 329 1960 ὑμῶν
353 1910 443 1953 τοὺς
471 1911 597 1958 θεούς,
620 1911 725 1951 ταῦτ’
753 1911 864 1952 αὐτοὶ
890 1911 1012 1964 κύριοι
1033 1910 1291 1964 γεγενημένοι
1315 1910 1483 1963 τήμερον
1507 1911 1559 1962 μὴ

222 1975 443 2028 ποιήσαιτε,
485 1977 579 2019 ἀλλ’
620 1977 664 2019 ὃν
703 1979 869 2021 ἐκείνοις
912 1977 1071 2034 εὔχεσθ’
1109 1975 1237 2029 ἐξώλη
1277 1981 1404 2019 ποιεῖν
1443 1977 1560 2019 αὐτὸν

265 2098 284 2117 2
309 2089 340 2120 οἵ
354 2088 419 2119 SA
435 2088 461 2118 L
476 2099 482 2118 ε
510 2090 540 2120 εἴ
554 2087 642 2127 vulg.
665 2088 689 2119 S
705 2102 757 2130 γρ.
885 2089 904 2121 ἃ
921 2088 997 2130 ὑπὲρ
1015 2092 1112 2121 αὑτοῦ
1130 2087 1255 2129 (αὐτοῦ)
1277 2087 1362 2120 SA:
1388 2088 1407 2120 ἃ
1423 2087 1500 2129 ὑπὲρ
1517 2086 1560 2119 ὧν

222 2132 317 2163 αὐτὸς
341 2132 430 2171 vulg.
451 2142 457 2161 :
496 2131 573 2174 ὑπὲρ
599 2131 640 2164 ὧν
667 2133 690 2163 S
715 2146 765 2174 Ὑρ.
903 2143 923 2172 3
957 2136 1116 2175 διαφορῶν
1141 2133 1203 2163 SL
1227 2132 1330 2163 schol.
1359 2142 1390 2171 p.
1416 2142 1492 2171 374,
1517 2133 1560 2162 26

221 2175 286 2206 οὐδ’
305 2174 444 2217 ἔγραψεν
468 2176 535 2207 οὔτ’
559 2177 603 2207 εἷς
628 2177 808 2214 ἐπιστολὴν
833 2177 981 2216 οὐδεμίαν
1003 2179 1076 2208 οὔτε
1101 2177 1197 2208 SD:
1221 2177 1289 2208 οὔτ’
1313 2177 1356 2207 εἰς
1379 2176 1559 2213 ἐπιστολὴν

220 2217 340 2259 ’γράψαι
359 2219 508 2259 οὐδεμίαν
525 2218 597 2251 οὐδὲ
615 2220 703 2259 vulg.
719 2231 725 2250 ε
752 2219 825 2252 οὐδὲ
841 2220 959 2262 γράψαι
977 2221 1044 2252 οὔτ’
1060 2222 1104 2253 εἷς
1122 2221 1302 2258 ἐπιστολὴν
1319 2219 1467 2257 οὐδεμίαν
1483 2221 1557 2251 οὔτε

409 2263 429 2292 8
456 2264 584 2304 εὕροντο
605 2263 628 2293 S
642 2263 687 2294 L:
714 2262 804 2304 εὗρον
820 2265 858 2295 τὸ
876 2263 905 2293 Α
919 2263 948 2294 Y
964 2275 969 2293 ε
997 2266 1126 2305 εὕροντο
1143 2265 1181 2296 τὸ
1198 2264 1286 2302 vulg.
1398 2263 1558 2300 Ἀθηναῖοι

223 2305 247 2336 S
266 2305 352 2344 vulg.
373 2318 380 2337 :
406 2306 579 2344 Ἀθηναίων
598 2306 667 2345 LQ
837 2317 858 2345 9
883 2309 960 2344 ὑμᾶς
977 2307 1057 2338 secl.
1078 2307 1172 2338 Weil
1341 2316 1379 2345 15
1404 2309 1475 2345 ὑμῖν
1491 2306 1556 2337 οὐδ’

224 2349 358 2386 εὐσεβὲς
376 2360 441 2381 om.
461 2350 485 2380 F
499 2350 525 2380 B
538 2350 568 2388 Q
585 2361 591 2380 :
616 2350 649 2380 in
668 2350 774 2380 erasis
791 2350 893 2381 habet
911 2351 955 2381 L:
980 2351 1060 2381 secl.
1081 2351 1179 2381 Blass
1305 2359 1346 2388 25
1370 2350 1416 2391 ἄρ’
1435 2354 1511 2389 post
1529 2350 1558 2381 εἰ

223 2393 297 2423 add.
320 2393 344 2423 S
364 2393 512 2432 (punctis
531 2393 697 2432 notatum)
716 2393 805 2432 vulg.
825 2404 831 2423 :
856 2404 920 2424 om.
943 2394 1012 2424 LA
1026 2394 1093 2433 FQ
1292 2395 1334 2423 26
1357 2393 1448 2425 ταῦτ’
1466 2394 1556 2425 αὐτοὶ

223 2436 312 2474 vulg.
332 2448 338 2467 ε
363 2437 452 2468 ταῦθ’
470 2438 498 2468 οἱ
516 2437 540 2467 S
553 2437 592 2466 L¹
727 2447 766 2476 27
792 2438 961 2476 ποιήσαιτε
981 2438 1004 2468 S
1020 2437 1044 2468 L
1058 2437 1144 2476 FQ:
1172 2437 1325 2475 ποιήσετε
1341 2437 1429 2476 vulg.
