1731 2844
151 167 223 220 v11]
518 172 661 208 ΠΕΡΙ
712 171 1100 207 AAONNHEOT

149 269 269 308 ναίοις.
305 268 381 306 εἶτα
409 269 447 306 τί
472 270 591 309 'roffi-03
622 268 766 305 δύναται
794 269 864 318 γὰρ
892 267 958 314 τὴν
984 266 1096 315 αὐτὴν
1121 268 1346 315 πεποιῆσθαι
1376 284 1468 315 συμ-

148 322 292 371 βουλὴν
322 322 380 359 καὶ
410 321 654 370 Δημοσθένης
683 321 742 358 καὶ
769 320 1017 372 “Ηγήσιππο’ς,
1049 321 1125 357 ἐπεὶ
1160 320 1218 358 καὶ
1251 322 1373 357 τᾶλλα
1407 322 1469 368 τῆς

148 378 257 424 αὐτῆς
285 375 382 423 ἦσαν
411 378 448 412 ἐν
475 378 522 425 τῇ
549 375 717 424 πολιτεία
746 375 989 424 προαιρέσεως
1018 374 1077 412 καὶ
1104 377 1179 414 τοῖς
1208 375 1469 422 φιλιππίζουσι

147 432 219 468 τῶν
246 429 407 478 ῥητόρων
436 430 642 480 ἀντέλεγον,
674 428 733 466 καὶ
766 430 948 478 μέμνηται
983 428 1041 466 καὶ
1075 429 1095 465 ὃ
1129 428 1375 477 Δημοσθένης
1406 430 1471 466 τοῦ

111 495 129 525 5
147 483 388 535 εΗγησίππου
407 484 456 523 ὡς
473 483 531 520 καὶ
550 483 854 532 πρεσβεύσαντος
872 481 954 532 μεθ
968 485 1096 520 ἑαυτοῦ
1116 482 1175 520 καὶ
1195 482 1471 532 ἆντιταχθέντος

148 540 197 588 τῷ
231 537 426 575 Μακεδόνι.
484 537 598 585 δῆλον
630 554 694 575 ουν
726 536 782 574 ὅτι
815 538 835 573 ὁ
868 538 935 585 μὲν
965 539 1032 574 τοῦ
1064 536 1326 585 Δημοσθενους
1359 536 1472 587 λόγος

150 593 169 628 ὃ
189 591 271 640 περὶ
290 593 353 639 τῆς
371 590 601 639 “Αλοννήσου
619 590 741 639 ῥηθεὶς
760 592 802 628 οὐ
818 590 1013 640 σῴζεται,’
998 607 1133 628 εκεινου
1154 589 1182 627 δ’
1202 591 1267 627 οὐκ
1287 590 1389 630 ὄντος
1407 590 1472 628 τὸν

150 645 337 694 ευρεθεντα
355 644 590 694 προσέθεσαν
608 647 714 696 αὐτῶ,
732 645 938 694 ἀφορμὴν”
921 661 1065 695 εχοντες
1083 645 1125 682 τὸ
1140 661 1222 693 περι
1241 643 1472 693 Αλοννήσου

149 699 263 750 λόγον
289 698 455 748 εἰρῆσθαι
480 701 530 749 τῷ
555 698 691 750 ῥήτορι,
714 699 832 737 οὐκέτι
859 697 888 736 δ’
916 699 1143 745 ἐξετάζοντες
1169 700 1199 736 εἰ
1225 701 1354 736 τοῦτον
1379 698 1473 738 εἰκὸς

94 767 132 788 10
150 753 238 791 εἶναι
256 753 320 791 τὸν
341 753 487 790 ἐκείνου.

210 880 268 920 ’ΨΩ
287 879 423 932 ἄνδρες
442 879 657 930 Ἀθηναῖοι,
680 880 747 920 οὐκ
773 880 883 921 ἔστιν
908 882 1013 923 ὅπως
1038 883 1077 921 αἰ
1103 882 1235 926 αἰτίαι,
1262 881 1307 922 ἃς
1327 881 1471 922 Φίλιπ-

151 964 223 989 πος
255 949 422 987 αἰτιᾶται
454 947 544 988 τοὺς
575 948 673 998 ὑπὲρ
705 950 783 986 τῶν
815 948 976 988 δικαίων
1007 947 1104 1000 πρὸς
1138 948 1237 998 ὑμᾶς
1269 947 1472 999 λέγοντας,

152 1014 376 1053 κωλύσουσι
403 1014 654 1064 συμβούλους
677 1013 777 1064 ἡμᾶς
802 1015 1010 1066 γίγνεσθαι
1037 1015 1134 1066 ὑπὲρ
1157 1018 1235 1054 τῶν
1260 1015 1350 1065 ὑμῖν
1376 1031 1472 1065 συμ-

152 1080 369 1132 φερόντων·
419 1079 546 1120 δεινὸν
587 1081 662 1131 γὰρ
703 1079 750 1119 ἂν
792 1081 864 1130 εἴη,
905 1082 938 1121 εἰ
979 1080 1050 1130 τὴν
1089 1081 1153 1121 ε’πὶ
1191 1084 1259 1120 τοῦ
1296 1079 1475 1131 βήματος

95 1163 132 1194 15
152 1147 373 1198 παρρησίαν
403 1147 442 1186 αἱ
472 1145 561 1197 παρ’
587 1147 737 1186 ἐκείνου
765 1147 1013 1197 πεμπόμεναι
1042 1148 1251 1188 ἐπιστολαὶ
1281 1145 1473 1187 ἀνέλοιεν.

152 1213 230 1265 ἐγὼ
255 1212 287 1252 δ’
311 1213 414 1262 ὑμῖν,
436 1211 465 1252 ὦ
490 1212 626 1263 ἄνδρες
651 1212 867 1262 Ἀθηναῖοι,
889 1213 1088 1264 βούλομαι
1112 1216 1266 1264 πρῶτον
1291 1214 1363 1263 μὲν
1389 1213 1476 1265 περὶ

151 1279 206 1319 ὧν
235 1279 436 1319 Φίλιππος
470 1278 704 1325 ἐπέσταλκε,
738 1279 827 1331 περὶ
859 1279 1007 1320 τούτων
1039 1279 1267 1330 διεξελθεῖν·
1309 1280 1476 1331 ὕστερον

152 1343 207 1390 δέ,
232 1345 321 1396 περὶ
344 1345 398 1384 ὧν
423 1347 459 1385 οἱ
484 1344 677 1396 πρέσβεις
701 1344 879 1397 λέγουσι,
907 1346 969 1386 καὶ
993 1346 1103 1397 ἡμεῖς
1129 1345 1308 1397 λέξομεν.

218 1412 419 1452 Φίλιππος
450 1413 525 1463 γὰρ
557 1410 719 1464 ἄρχεται
754 1414 826 1462 μὲν
858 1413 947 1464 περὶ
977 1411 1226 1462 “Αλοννήσου
1262 1411 1393 1464 λέγων
1426 1410 1476 1453 ὡς

94 1494 134 1516 20
151 1478 239 1529 ὑμῖν
265 1479 426 1518 δίδωσιν
451 1479 590 1518 ἑαυτοῦ
619 1477 755 1524 οὖσαν,
782 1479 880 1529 ὑμᾶς
911 1481 952 1518 δὲ
983 1479 1026 1518 οὔ
1052 1485 1154 1531 φησι
1180 1479 1334 1519 δικαίως
1360 1476 1477 1519 αὐτὸν

153 1545 344 1585 ἀπαιτεῖν·
381 1543 425 1583 οὐ
444 1545 517 1596 γὰρ
536 1543 725 1596 ὑμετέραν
744 1545 869 1585 οὖσαν
887 1545 975 1585 οὔτε
999 1549 1144 1596 λαβεῖν
1164 1545 1253 1585 οὔτε
1271 1548 1337 1585 νῦν
1358 1544 1476 1596 ἔχειν.

154 1610 267 1663 ἔλεγε
296 1612 337 1651 δὲ
369 1610 430 1651 καὶ
459 1610 555 1662 πρὸς
584 1611 685 1662 ἡμᾶς
717 1611 916 1653 τοιούτους
947 1612 1105 1664 λόγους,
1136 1612 1199 1652 ὅτε
1233 1611 1329 1663 πρὸς
1361 1609 1477 1650 αὐτὸν

154 1677 494 1729 ἐπρεσβεύσαμεν,
527 1677 578 1720 ὡς
607 1679 759 1734 λῃστὰς
790 1679 1039 1731 ἀφελόμενος
1074 1677 1218 1728 ταύτην
1250 1677 1321 1727 τὴν
1354 1678 1478 1727 νῆσον

155 1743 355 1794 κτήσαιτο,
385 1744 446 1784 καὶ
470 1743 685 1796 προσήκειν
709 1744 829 1795 αὐτὴν
855 1747 992 1785 ἑαυτοῦ
1016 1744 1128 1786 εἶναι.
1187 1747 1325 1784 τοῦτον
1344 1745 1385 1784 δὲ
1411 1743 1478 1783 τὸν

97 1826 134 1857 25
153 1811 290 1863 λόγον,
312 1811 363 1852 ὡς
387 1810 454 1851 οὐκ
480 1810 568 1851 ἔστι
591 1813 751 1857 δίκαιος,
779 1812 823 1851 οὐ
848 1812 1029 1864 χαλεπόν
1055 1812 1165 1852 ἐστιν
1190 1811 1305 1851 αὐτοῦ
1330 1809 1475 1862 ἀφελέ-

155 1880 261 1917 σθαι.
320 1877 488 1919 ἅπαντες
512 1879 587 1930 γὰρ
612 1880 648 1918 οἱ
673 1878 818 1935 λῃσταὶ
837 1877 927 1921 τοὺς
947 1878 1180 1930 ἀλλοτρίους
1198 1878 1340 1918 τόπους
1361 1893 1475 1916 κατα-

154 1943 430 1995 λαμβάνοντες
457 1944 518 1984 καὶ
543 1945 701 1986 τούτους
725 1945 889 1998 ἐχυροὺς
917 1945 1156 1995 ποιούμενοι,
1186 1945 1364 1984 ἐντεῦθεν
1389 1942 1479 1983 τοὺς

155 2010 301 2052 ἄλλους
327 2014 450 2053 κακῶς
475 2014 670 2052 ποιοῦσιν.
743 2012 763 2050 ὁ
793 2012 838 2061 δὴ
864 2012 953 2053 τοὺς
977 2012 1132 2068 λῃστὰς
1156 2009 1479 2062 τιμωρησάμενος

157 2077 218 2116 καὶ
244 2076 440 2129 κρατήσας
466 2078 534 2118 οὐκ
560 2077 608 2119 ἂν
632 2077 757 2128 δήπου
781 2078 911 2118 εἰκότα
939 2077 1065 2130 λέγοι,
1093 2079 1126 2118 εἰ
1152 2079 1263 2130 φαίη,
1290 2077 1314 2116 ἓι
1339 2077 1480 2116 ἐκεῖνοι

99 2155 138 2186 30
156 2143 295 2185 ἀδίκως
320 2145 382 2184 καὶ
406 2145 598 2196 ἀλλότρια
622 2144 744 2198 εἶχον,
771 2144 879 2185 ταῦθ’
905 2147 1042 2185 ἑαυτοῦ
1066 2145 1287 2197 γίγνεσθαι.
1346 2143 1379 2182 εἰ
1404 2143 1479 2193 γὰρ

157 2213 275 2249 ταῦτα
310 2209 604 2263 συγχωρήσετε,
640 2212 683 2251 τί
716 2211 869 2256 κωλύει,
905 2211 967 2251 καὶ
1005 2212 1041 2251 εἴ
1073 2227 1160 2250 τινα
1194 2212 1263 2260 τῆς
1299 2208 1480 2257 Ἀττικῆς

205 2328 239 2348 11
273 2318 296 2349 ὦ
321 2328 384 2349 om.
410 2318 520 2357 vulg.:
554 2319 629 2349 add.
658 2318 682 2349 S
706 2318 800 2349 solus
973 2328 1011 2357 15
1043 2316 1258 2358 πεμπόμεναι]
1285 2316 1364 2348 secl.
1385 2316 1480 2346 Blass

159 2369 200 2398 23
246 2361 508 2402 ἐπρεσβεύσαμεν
547 2361 667 2392 codd.:
716 2361 954 2403 ἐπρεσβεύομεν
994 2361 1155 2399 Hermog.
1196 2371 1227 2399 p.
1272 2370 1339 2397 110,
1383 2359 1480 2390 Blass

161 2413 199 2441 27
233 2405 364 2445 ἐχυροὺς
390 2404 424 2435 S¹
453 2405 481 2444 (e
507 2405 539 2435 in
565 2419 580 2436 ο
605 2405 742 2435 mutavit
767 2405 840 2435 ead.
861 2406 922 2445 m.)
949 2404 1004 2434 A:
1037 2405 1170 2445 ὀχυροὺς
1194 2403 1281 2442 vulg.
1313 2447 1351 2477 ὃ*

1499 169 1587 223 [76]

1506 1075 1588 1131 [77]
