1763 2828
90 139 207 194 [246]
666 139 1153 179 ΔΗΜΟΣΘΕΝΟΎΣ
1448 136 1570 192 [xvnl

237 243 432 297 ἐκράτησε
452 246 657 288 Φίλιππος
681 244 797 300 ᾤχετ’
819 245 962 288 εὐθέως
988 247 1114 287 ἀπιὼν
1142 246 1204 287 καὶ
1227 248 1326 298 μετὰ
1350 247 1457 288 ταῦτ’
1477 247 1573 301 ἦγεν

236 311 422 366 ἡσυχίαν,
449 311 547 364 μήτε
573 316 650 353 τῶν
680 313 798 353 αὑτοῦ
831 312 1051 366 συμμάχων
1080 312 1178 364 μήτε
1207 317 1285 355 τῶν
1315 313 1450 356 ἄλλων
1473 314 1570 356 Ἕλ-

237 378 371 431 λήνων
395 379 544 431 μηδένα
569 382 691 431 μηδὲν
716 379 913 430 λυπήσας,
938 380 985 431 ἦν
1004 379 1052 421 ἄν
1076 397 1133 422 τις
1160 382 1258 421 κατὰ
1282 384 1361 422 τῶν
1385 383 1570 423 ἐναντιω-

238 445 385 488 θέντων
418 448 475 488 οῗς
511 447 704 499 ἔπραττεν
738 448 887 488 ἐκεῖνος
924 446 1075 500 μέμψις
1113 449 1175 489 καὶ
1213 449 1436 501 κατηγορία·
1475 450 1508 490 εἶ
1540 448 1573 489 δ’

237 514 379 564 ὁμοίως
410 513 594 555 ἁπάντων
624 514 669 554 τὸ
699 512 865 565 ἀξίωμα,
893 513 965 564 τὴν
990 515 1216 567 ἡγεμονίαν,
1245 514 1317 566 τὴν
1346 516 1573 568 ἐλευθερίαν
1594 535 1612 567 5

236 582 469 632 περιείλετο,
509 584 665 632 μᾶλλον
705 583 747 621 δὲ
788 582 850 622 καὶ
888 583 958 623 τὰς
997 583 1211 628 πολιτείας,
1250 582 1359 623 ὅσων
1396 583 1571 629 ἐδύνατο,

236 651 317 689 πῶς
363 647 437 701 οὐχ
485 647 668 688 ἁπάντων
719 647 945 699 ἐνδοξόταθ’
988 650 1096 700 ὑμεῖς
1144 649 1438 699 ἐβουλεύσασθ’
1486 651 1573 701 ἐμοὶ

236 714 485 761 πεισθέντες;

159 787 205 821 66
302 780 418 821 ”Αλλ
439 780 559 821 ἐκεῖσ’
581 781 861 836 ἐπανέρχομαι.
924 783 964 822 τί
977 798 1049 832 την
1074 784 1204 829 πόλιν,
1232 784 1420 836 Αἰσχίνη,
1448 801 1571 836 προσ-

234 850 305 898 ἣκε
346 851 473 888 ποιεῖν
516 847 642 901 ἀρχην
686 848 747 889 καὶ
789 848 1000 900 τυραννίδα
1045 852 1120 890 τῶν
1162 849 1374 915 Ἑλλήνων
1415 851 1572 902 ὁρῶσαν
1595 869 1635 890 10

236 917 358 969 ἑαυτῷ
398 915 787 966 κατασκευαζόμενον
825 916 1050 962 Φίλιππον,·
1097 933 1120 966 77
1157 916 1197 956 τί
1229 915 1298 957 τὸν
1335 917 1572 967 σύμβουλον

91 978 203 1033 [247]
235 981 313 1023 ἔδει
337 981 504 1034 λέγειν
491 998 514 1032 77
535 980 706 1034 γράφειν
726 981 794 1022 τὸν
815 980 1034 1032 Ἀθήνησιν
1054 981 1131 1032 (καὶ
1150 984 1224 1034 γὰρ
1244 986 1358 1022 τοῦτο
1379 987 1572 1024 πλεῖστον

234 1047 440 1101 διαφέρει),
467 1048 509 1090 ὃς
540 1046 722 1105 συνῄδειν
745 1050 818 1099 μὲν
844 1049 886 1088 ἐκ
916 1047 1064 1090 παντὸς
1090 1052 1159 1089 τοῦ
1188 1049 1332 1102 χρόνου
1362 1049 1480 1103 μέχρι
1504 1052 1572 1100 τῆς

233 1115 379 1167 ἡμέρας
404 1115 475 1168 ἀφ’
495 1115 540 1166 ἧς
566 1115 681 1157 αὐτὸς
707 1116 770 1156 ἐπὶ
798 1115 843 1156 τὸ
867 1115 964 1166 βῆμ’
990 1115 1155 1166 ἀνέβην,
1177 1116 1237 1156 ἀεὶ
1258 1116 1346 1168 περὶ
1372 1118 1572 1168 πρωτείων

235 1182 297 1222 καὶ
311 1184 429 1233 μτιμῆς
451 1182 513 1223 καὶ
533 1180 649 1233 δόξης
669 1181 964 1235 ἀγωνιζομένην
988 1181 1060 1232 τὴν
1081 1182 1259 1234 πατρίδα,
1283 1182 1346 1224 καὶ
1364 1185 1489 1224 πλείω
1509 1183 1573 1223 καὶ
1597 1196 1633 1227 15

234 1248 417 1303 χρήματα
451 1250 513 1290 καὶ
544 1249 696 1300 σώματ’
727 1250 978 1299 ἀνηλωκυῖαν
1011 1249 1107 1302 ὑπὲρ
1139 1250 1369 1302 φιλοτιμίας
1403 1250 1465 1290 καὶ
1494 1253 1573 1291 τῶν

234 1319 334 1356 πᾶσι
376 1317 662 1369 συμφερόντων
699 1313 723 1367 ἢ
766 1320 844 1357 τῶν
886 1315 1022 1356 ἄλλων
1061 1315 1272 1367 Ἑλλήνων
1308 1317 1406 1369 ὑπὲρ
1445 1317 1572 1358 αὑτῶν

159 1387 203 1431 67
235 1383 489 1433 ἀνηλώκασιν
515 1383 688 1430 ἕκαστοι,
717 1383 848 1436 ἑώρων
875 1382 909 1423 δ’
935 1382 1054 1423 αὐτὸν
1079 1382 1147 1424 τὸν
1167 1384 1384 1430 Φίλιππον,
1407 1383 1503 1436 πρὸς
1528 1382 1572 1424 ὃν

235 1449 282 1501 ἧν
305 1450 398 1501 ἡμῖν
428 1451 448 1489 ὁ
478 1450 599 1502 ἀγών,
626 1451 724 1502 ὑπὲρ
749 1451 875 1504 ἀρχῆς
913 1450 974 1490 καὶ
1004 1452 1238 1493 δυναστείας
1267 1449 1336 1491 τὸν
1360 1450 1571 1503 ὀφθαλμὸν

235 1516 533 1568 ἐκκεκομμένον,
565 1516 636 1567 τὴν
671 1520 780 1557 κλεῖν
818 1517 1047 1568 κατεαγότα,
1085 1516 1156 1567 τὴν
1189 1520 1315 1571 χεῖρα,
1347 1516 1392 1557 τὸ
1425 1517 1571 1559 σκέλος
1593 1529 1633 1552 20

235 1583 531 1635 πεπηρωμένον,
553 1585 632 1624 πᾶν
652 1584 674 1623 ὅ
692 1600 729 1624 τι
757 1583 974 1634 βουληθείη
995 1582 1113 1635 μέρος
1138 1584 1160 1635 ἡ
1182 1584 1280 1637 τύχη
1300 1587 1368 1624 τοῦ
1388 1584 1570 1635 σώματος

235 1649 493 1702 παρελέσθαι,
525 1653 638 1690 τοῦτο
669 1649 919 1702 προϊέμενον,
952 1649 1056 1691 ὥστε
1089 1654 1142 1705 τῷ
1172 1655 1298 1705 λοιπῷ
1330 1652 1429 1702 μετὰ
1458 1653 1571 1702 τιμῆς

159 1721 206 1757 68
237 1716 300 1757 καὶ
336 1716 451 1768 δόξης
489 1717 581 1768 ζῆν,·
635 1716 696 1757 καὶ
733 1715 810 1767 μὴν
848 1715 936 1757 οὐδὲ
972 1717 1088 1757 τοῦτό
1123 1716 1160 1769 γ’
1199 1718 1325 1760 οὐδεὶς
1361 1717 1408 1758 ἂν
1445 1719 1571 1758 εἰπεῖν

235 1782 447 1835 τολμήσαι,
468 1784 519 1826 ὡς
544 1787 596 1838 τῷ
621 1785 692 1834 μὲν
721 1784 763 1824 ἐν
783 1782 926 1839 Πέλλῃ
953 1783 1154 1837 τραφέντι,
1175 1786 1307 1839 χωρίῳ
1334 1783 1461 1839 ἀδόξῳ
1481 1784 1571 1825 τότε

236 1849 273 1902 γ’
292 1852 377 1891 ὄντι
397 1851 458 1891 καὶ
476 1853 612 1904 μικρῷ,
636 1850 835 1900 τοσαύτην
863 1852 1171 1904 μεγαλοψυχίαν
1190 1852 1389 1903 προσῆκεν
1408 1850 1567 1903 ἐγγενέ-
1592 1862 1630 1894 25

238 1919 332 1957 σθαι
357 1917 461 1958 ὥστε
479 1919 548 1968 τῆς
570 1920 646 1957 τῶν
667 1915 877 1968 Ἑλλήνων
901 1917 1025 1970 ἀρχῆς
1045 1919 1284 1969 ἐπιθυμῆσαι
1311 1918 1374 1958 καὶ
1392 1917 1494 1958 τοῦτ’
1515 1918 1570 1960 εἷς

237 1983 305 2025 τὸν
330 1987 421 2025 νοῦν
447 1983 713 2035 ἐμβαλέσθαι,
735 1984 825 2035 ὑμῖν
851 1984 884 2024 δ’
906 1984 1019 2024 οὖσιν
1039 1983 1262 2036 Ἀθηναίοις
1288 1985 1351 2025 καὶ
1377 1986 1474 2025 κατὰ
1497 1984 1569 2034 τὴν

235 2050 384 2103 ἡμέραν
409 2050 582 2101 ἑκάστην
608 2053 652 2092 ἐν
677 2053 776 2092 πᾶσι
802 2051 864 2091 καὶ
894 2051 1030 2103 λόγοις
1061 2052 1122 2092 καὶ
1149 2050 1375 2104 θεωρήμασι
1398 2053 1466 2102 τῆς
1490 2055 1568 2091 τῶν

279 2172 299 2201 3
330 2163 412 2202 ὅμως
435 2168 515 2194 ante
540 2162 580 2201 ἣν
603 2163 678 2194 add.
703 2161 818 2200 vulg..
811 2171 818 2178 ·
852 2170 916 2191 om.
943 2160 1018 2191 SL¹
1130 2163 1185 2193 οὐκ
1209 2166 1288 2192 ante
1314 2159 1567 2193 ἐναντιωθέντων

236 2206 310 2237 add.
330 2206 361 2236 Y
380 2217 483 2246 marg.
504 2207 534 2237 O
553 2216 656 2245 marg.
840 2213 877 2233 12
904 2204 962 2243 εμέ
977 2209 1053 2243 post
1070 2204 1242 2243 Ἀθήνησιν
1257 2204 1334 2235 add.
1351 2203 1442 2243 vulg.
1459 2214 1466 2233 :
1498 2214 1561 2234 om.

237 2250 261 2280 S
275 2249 313 2279 Ll
330 2250 391 2281 soli
573 2259 612 2289 13
635 2252 692 2288 τῆς
709 2248 825 2290 ἡμέρας
845 2247 868 2277 S
881 2247 939 2277 L¹t
969 2250 1070 2285 τῆσδε
1088 2250 1144 2285 τῆς
1162 2247 1278 2289 ἡμέρας
1296 2247 1327 2277 Α
1344 2258 1350 2277 :
1374 2248 1432 2284 τῆς
1449 2246 1565 2288 ἡμέρας

238 2293 360 2331 ἐκείνης
379 2294 404 2324 F
420 2293 509 2333 vulg.
647 2303 689 2324 22
713 2291 900 2334 προιέμενον
917 2291 941 2322 S
954 2290 1015 2321 L¹:
1048 2292 1181 2331 ἑτοίμως
1197 2290 1382 2333 προιέμενον
1400 2291 1423 2320 S
1439 2303 1489 2330 γρ.
1511 2290 1564 2320 A:

236 2337 349 2377 ῥᾳδίως
367 2338 417 2369 καὶ
436 2338 571 2378 ἑτοίμως
587 2336 775 2392 προιέμενον
792 2335 818 2365 F
834 2334 922 2373 vulg.
1075 2345 1113 2372 24
1140 2335 1303 2374 τολμήσαι
1321 2334 1345 2366 S
1359 2333 1394 2364 L¹
1412 2345 1419 2364 :
1443 2333 1564 2371 τολμή·

237 2391 324 2411 σειεν
340 2384 417 2411 cett.
558 2391 621 2419 24-
624 2390 665 2420 ²5
689 2379 818 2420 χωριῳ
893 2381 990 2419 μικρῷ
1008 2377 1073 2410 del.
1091 2378 1309 2409 Hel-werden
1443 2386 1483 2415 27
1508 2377 1565 2409 τὸν

236 2427 315 2454 ante
334 2426 406 2455 νοῦν
423 2433 489 2455 om.
509 2423 534 2454 F
550 2423 639 2463 vulg.
655 2435 662 2454 ε
685 2423 762 2454 add.
781 2422 805 2453 S
818 2421 844 2452 L
858 2420 889 2451 A
