1747 2844
192 120 277 174 x1x]
403 125 546 161 ΠΕΡΙ
595 123 718 161 ΤΗΣ
767 121 1282 159 ΠΑΡΑΙἸΡΕΣΒΕΙΑΣ

190 228 401 286 ᾐσθῆσθαι,
429 228 638 279 ἑορακότας
667 226 755 278 ἄρτι
785 225 874 266 τοὺς
904 223 960 264 ὅτ’
991 222 1223 274 ἐκληροῦσθ’
1254 224 1517 275 ἐνοχλοῦντας

193 296 256 336 καὶ
280 295 518 347 προσιόντας
541 295 644 345 ὑμῖν.
704 291 897 342 δεήσομαι
923 292 964 331 δὲ
989 289 1146 330 πάντων
1166 290 1284 340 ὑμῶν,
1307 289 1331 329 ἂ
1357 290 1518 331 καὶτοῖς

190 362 243 413 μὴ
275 364 451 411 δεηθεῖσι
486 360 637 401 δίκαιόν
665 361 777 400 ἐστιν
809 356 1015 409 ὑπάρχειν,
1048 357 1241 407 μηδεμίαν
1273 354 1370 407 μήτε
1402 355 1519 408 χάριν

189 427 277 479 μήτ’
309 428 430 479 ἄνδρα
465 428 664 468 ποιεῖσθαι
697 425 785 477 περὶ
818 425 1003 465 πλείονος
1036 419 1059 474 ἢ
1092 422 1137 462 τὸ
1173 423 1322 463 δίκαιον
1358 422 1420 462 καὶ
1452 423 1520 463 τὸν

153 496 308 547 5ὅρκον
342 494 387 535 ὃν
423 492 681 543 εἰσελήλυθεν
717 493 824 542 ὑμῶν
861 490 1030 531 ἕκαστος
1065 489 1292 540 ὀμωμοκώς,
1331 490 1517 540 ἐνθυμου-

189 561 329 614 μένους
352 562 414 601 ὅτι
438 564 560 601 ταῦτα
582 558 655 610 μέν
682 557 767 599 ἐσθ’
793 559 889 608 ὑπὲρ
914 558 1022 607 ὑμῶν
1050 557 1112 597 καὶ
1138 557 1234 606 ὅλης
1259 558 1326 606 τῆς
1352 557 1517 602 πόλεως,

190 630 230 670 αἱ
255 630 297 669 δὲ
321 631 399 668 τῶν
419 624 681 679 παρακλήτων
707 624 820 665 αὗται
845 622 999 674 δεήσεις
1027 623 1089 663 καὶ
1115 623 1284 664 σπουδαὶ
1309 626 1385 663 τῶν
1412 623 1520 663 ἰδίων

190 693 429 744 πλεονεξιῶν
454 694 584 734 εἵνεκα
610 693 826 745 γίγνονται,
854 691 897 732 ἃς
923 691 986 730 ἵνα
1013 689 1180 740 κωλύηθ’
1199 691 1235 730 οῖ
1262 689 1374 740 νόμοι
1400 688 1518 739 συνή-

190 777 314 813 γαγον
338 761 448 810 ὑμᾶς,
471 759 544 812 οὐχ
571 760 635 799 ἵνα
660 759 791 810 κυρίας
816 762 899 799 τοῖς
924 757 1103 797 ἀδικοῦσι
1127 758 1275 807 ποιῆτε.
1336 755 1425 798 τοὺς
1449 757 1521 806 μὲν

133 843 172 866 ιο
190 828 258 868 οὖν
284 826 444 872 ἄλλους,
473 827 565 866 ὅσοι
591 825 688 877 πρὸς
716 827 765 865 τὰ
797 826 907 865 κοινὰ
936 824 1093 865 δικαίως
1119 822 1421 876 προσέρχονται,
1451 821 1521 862 κᾶν

191 893 401 935 δεδωκότες
428 891 528 933 ὦσιν
554 892 728 938 εὐθύνας,
756 891 828 941 τὴν
854 890 1058 942 ἀειλογίαν
1083 891 1158 942 ὁρῶ
1185 888 1519 941 προτεινομένους,

192 960 343 1000 τουτονὶ
360 959 391 1000 δ’
410 961 610 1012 Αἰσχίνην
626 958 728 999 πολὺ
743 959 931 999 τάναντία
946 957 1096 998 τούτου·
1127 956 1218 1008 πρὶν
1235 957 1308 1008 γὰρ
1325 957 1521 996 εἰσελθεῖν

193 1028 246 1068 εἰς
266 1027 363 1077 ὑμᾶς
387 1026 447 1066 καὶ
473 1027 596 1078 λόγον
616 1029 748 1066 δοῦναι
767 1028 844 1065 τῶν
865 1023 1151 1075 πεπραγμένων
1170 1022 1238 1063 τὸν
1263 1024 1334 1073 μὲν
1354 1020 1521 1078 ἀνῄρηκε

192 1096 267 1134 τῶν
288 1094 352 1134 ἐπὶ
374 1094 442 1135 τὰς
463 1092 625 1134 εὐθύνας
643 1093 855 1138 ἐλθόντων,
874 1095 956 1133 τοῖς
976 1089 1008 1130 δ’
1026 1091 1184 1131 ἀπειλεῖ
1200 1089 1372 1141 περιιών,
1395 1089 1520 1130 δεινό-

137 1179 172 1212 15
191 1176 310 1201 τατον
331 1158 490 1201 πάντων
510 1159 596 1201 ἔθος
617 1160 671 1201 εἰς
690 1159 761 1209 τὴν
780 1157 984 1199 πολιτείαν
1004 1156 1177 1209 εἰσάγων
1199 1157 1259 1197 καὶ
1279 1156 1519 1209 ἀσυμφορώ-

193 1243 311 1268 τατον
331 1228 435 1277 ὑμῖν·
473 1228 507 1267 εἰ
527 1227 601 1278 γὰρ
622 1226 642 1264 ὁ
662 1224 813 1277 πράξας
837 1241 873 1264 τι
898 1227 974 1265 τῶν
1001 1227 1140 1264 κοινῶν
1160 1224 1222 1264 καὶ
1248 1221 1449 1274 διοικήσας
1468 1226 1520 1277 τῷ

193 1293 278 1334 καθ’
311 1292 449 1334 ἑαυτὸν
481 1293 599 1347 φόβῳ
635 1293 696 1332 καὶ
728 1291 780 1342 μὴ
814 1295 866 1345 τῷ
900 1291 1034 1345 δικαίῳ
1071 1289 1357 1331 κατασκευάσει
1388 1288 1522 1340 μηδέν’

192 1360 293 1401 εἶναι
335 1358 550 1411 κατήγορον
585 1359 715 1405 αὑτοῦ,
754 1356 1009 1399 παντάπασιν
1046 1356 1180 1409 ἄκυροι
1218 1355 1377 1398 πάντων
1413 1357 1521 1407 ὑμεῖς

192 1425 426 1479 γενήσεσθε.

134 1511 174 1534 20
258 1492 316 1533 Τὸ
335 1494 407 1543 μὲν
423 1492 492 1533 οὗν
509 1490 735 1543 ἐξελέγξειν
751 1492 886 1531 πολλὰ
906 1490 968 1531 καὶ
986 1491 1095 1532 δεινὰ
1114 1489 1355 1540 πεποιηκότα
1370 1490 1522 1530 τουτονὶ

193 1559 256 1600 καὶ
274 1562 342 1609 τῆς
359 1558 534 1613 ἐσχάτης
555 1560 649 1599 ὄντα
665 1558 850 1610 τιμωρίας
866 1556 976 1609 ἄξιον
993 1560 1118 1609 θαρρῶ
1138 1557 1199 1597 καὶ
1214 1555 1316 1597 πάνυ
1331 1556 1521 1597 πιστεύω·

192 1624 213 1665 ὃ
237 1628 279 1667 δὲ
314 1627 450 1677 καίπερ
475 1625 705 1678 ὑπειληφὼς
734 1628 855 1665 ταῦτα
880 1627 1096 1677 φοβοῦμαι,
1124 1622 1268 1675 φράσω
1298 1622 1393 1675 πρὸς
1422 1623 1521 1673 ὑμᾶς

196 1692 258 1732 καὶ
283 1693 351 1734 οὐκ
377 1693 669 1745 ἀποκρύψομαι,
691 1693 751 1732 ὅτι
775 1708 842 1743 μοι
866 1693 1049 1732 δοκοῦσιν
1069 1689 1239 1732 ἅπαντες
1263 1691 1300 1730 οἱ
1325 1688 1414 1741 παρ’
1433 1690 1523 1740 ὑμῖν

194 1758 343 1810 ἀγῶνες
375 1758 449 1812 οὐχ
477 1759 608 1809 ἧττον,
641 1756 670 1798 ὦ
700 1758 838 1810 ἄνδρες
866 1757 1082 1808 Ἀθηναῖοι,
1114 1760 1191 1797 τῶν
1222 1759 1365 1808 καιρῶν
1392 1753 1416 1806 ἢ
1445 1760 1523 1797 τῶν

135 1842 172 1874 25
195 1824 433 1878 πραγμάτων
460 1825 572 1872 εἶναι,
602 1825 664 1865 καὶ
693 1824 737 1865 τὸ
766 1825 912 1878 χρόνον
937 1825 1177 1877 γεγενῆσθαι
1204 1824 1304 1874 μετὰ
1332 1822 1404 1873 τὴν
1429 1839 1520 1874 πρε-

194 1893 341 1942 σβείαν
380 1891 507 1933 πολὺν
545 1891 712 1938 δέδοικα,
746 1891 799 1943 μή
841 1908 928 1933 τινα
968 1890 1094 1942 λήθην
1130 1887 1154 1940 ἢ
1193 1889 1405 1941 συνήθειαν
1445 1892 1523 1929 τῶν

193 1958 440 2010 ἀδικημάτων
470 1959 559 2010 ὑμῖν
590 1957 847 2015 ἐμπεποιήκῃ.
918 1958 969 2000 ὡς
998 1956 1044 2008 δή
1077 1973 1142 2008 μοι
1171 1955 1312 1998 δοκεῖτ’
1341 1955 1389 1996 ἂν
1418 1956 1522 2006 ὅμως

194 2026 236 2064 ἐκ
261 2026 409 2066 τούτων
435 2026 497 2066 καὶ
522 2029 669 2077 γνῶναι
693 2026 741 2065 τὰ
764 2026 894 2066 δίκαια
920 2025 982 2065 καὶ
1006 2023 1165 2065 δικάσαι
1190 2023 1287 2068 νυνί,
1309 2021 1413 2062 τοῦθ’
1432 2022 1522 2073 ὑμῖν

191 2089 309 2142 λέξω·
347 2093 381 2133 εἰ
415 2091 644 2144 σκέψαισθε
678 2091 768 2144 παρ’
796 2092 886 2143 ὑμῖν
919 2091 1063 2137 αὐτοῖς,
1095 2089 1124 2130 ὦ
1156 2089 1294 2141 ἄνδρες
1326 2089 1519 2135 δικασταί,

236 2208 256 2238 5
281 2200 367 2238 ὑμῶν
381 2203 462 2231 ante
481 2199 617 2232 ἕκαστος
634 2199 659 2230 S
673 2198 760 2230 LY:
790 2203 867 2238 post
886 2198 1022 2231 ἕκαστος
1039 2197 1127 2236 vulg.
1306 2205 1323 2234 7
1350 2195 1436 2227 ἰδίων
1453 2205 1517 2227 om.

195 2242 261 2273 SY
408 2243 428 2273 8
453 2245 594 2283 συνῆγον
611 2242 647 2273 S¹
790 2253 833 2273 20
857 2242 1039 2283 ἐξελέγξειν
1057 2241 1080 2271 S
1094 2240 1131 2270 L¹
1143 2239 1174 2278 Q
1191 2250 1198 2269 ε
1223 2238 1412 2280 ἐξελέγχειν
1427 2239 1516 2278 vulg.

195 2294 235 2324 ²5
262 2288 458 2326 ἐγγενῆσθαι
476 2286 586 2317 Cobet
739 2295 778 2324 27
805 2286 1002 2326 ἐμπεποιήκῃ
1021 2284 1050 2313 Α
1064 2284 1111 2314 Β;
1138 2283 1295 2324 πεποιήκῃ
1315 2282 1351 2313 S¹
1371 2282 1463 2323 (add.
1484 2285 1522 2322 ἐμ

193 2333 262 2360 ant.
280 2330 338 2368 m.)
353 2340 360 2360 t
387 2330 592 2369 ἐμπεποιήκει
610 2328 636 2359 L
654 2327 742 2367 vulg.
757 2339 763 2360 ε
790 2328 1003 2368 ἐμπεποίηκεν
1021 2327 1197 2358 Markland
1320 2326 1437 2358 δοκεῖτ’
1457 2325 1481 2356 S
1496 2326 1521 2356 L

194 2370 225 2401 A
238 2372 281 2403 F:
307 2373 425 2404 δοκοΐτ’
443 2373 546 2411 vulg.,
565 2372 605 2402 cf.
625 2382 670 2402 xv
686 2382 719 2409 2,
736 2371 820 2402 xxiii
838 2381 880 2410 23
969 2381 1010 2410 29
1035 2372 1062 2402 εἰ
1079 2369 1253 2410 σκέψαισθε
1272 2368 1296 2400 S
1313 2379 1399 2400 corr.
1413 2368 1517 2408 vulg„

195 2414 235 2446 cf.
258 2415 316 2445 xxi
343 2425 416 2454 199,
434 2416 516 2446 xxiii
543 2425 589 2451 11,
612 2425 663 2455 23,
683 2415 742 2445 xlv
765 2415 817 2454 48,
840 2416 905 2445 86:
942 2415 971 2446 εἰ
995 2413 1157 2454 σκέψασθε
1181 2412 1321 2443 S¹LAz
1357 2412 1518 2453 σκέψασθε

197 2457 360 2497 Hermog.
380 2458 445 2490 Rh.
465 2458 522 2490 Gr.
543 2459 577 2489 iii
594 2468 638 2498 99

1545 119 1650 173 [34Q

1552 1355 1665 1411 [342]
