1763 2828
102 133 198 187 [118]
653 135 1141 173 ΔΗΜΟΣΘΕΝΟὙΣ
1491 132 1547 185 [1x

226 237 374 288 τρόπον
392 236 454 277 ,ἄν
479 254 537 279 τις
565 236 770 288 ὑπέλαβεν
799 241 926 283 τοῦτο,
955 239 1091 290 ὥσπερ
1115 237 1163 278 ἂν
1189 239 1223 279 εἰ
1249 238 1331 281 υἱὸς
1361 241 1404 280 ἐν
1433 239 1550 294 οὐσίᾳ

227 309 360 360 πολλῇ
393 305 566 356 γεγονὼς
602 303 766 356 γνήσιος
786 296 933 359 ’διῴκει
965 321 1001 344 τι
1036 305 1088 354 μὴ
1127 309 1255 347 καλῶς
1291 305 1378 355 μηδ’
1410 307 1547 358 ὀρθῶς,

228 369 310 410 κατ’
340 370 433 410 αὐτὸ
468 373 540 421 μὲν
572 370 674 411 τοῦτ’
707 370 817 421 ἄξιον
852 370 1042 423 μέμψεως
1076 371 1174 411 εἶναι
1207 373 1268 412 καὶ
1302 374 1547 425 κατηγορίας,

94 435 195 490 [119]
227 436 278 478 ὡς
309 436 341 477 δ’
372 436 416 476 οὐ
450 436 662 489 προσήκων
692 434 715 487 ἢ
747 438 798 479 ὡς
827 438 872 478 οὐ
905 439 1148 489 κληρονόμος
1177 438 1327 479 τούτων
1360 438 1414 479 ὢν
1445 439 1549 480 ταῦτ’

150 518 191 553 31
225 503 360 549 ἐποίει,
396 504 465 544 οὐκ
501 505 645 544 ἐνεῖναι
680 503 827 556 λέγειν.
899 506 932 545 εἰ
968 504 1011 545 δέ
1047 522 1091 557 γε
1125 508 1264 547 δοῦλος
1296 501 1320 555 ἢ
1353 506 1547 556 ὑποβολι-
1571 524 1589 556 5

224 573 338 620 μαῖος
361 571 409 609 τὰ
433 570 486 620 μὴ
511 569 749 622 προσήκοντ’
769 571 958 612 ἀπώλλυε
983 573 1044 612 καὶ
1070 573 1315 622 ἐλυμαίνετο,
1335 571 1550 624 εΗράκλεις

224 637 307 690 ὅσῳ
331 639 488 687 μᾶλλον
507 636 635 677 δεινὸν
661 637 723 677 καὶ
748 637 866 689 ὀργῆς
885 636 995 687 ἄξιον
1014 637 1158 680 πάντες
1183 637 1232 679 ἂν
1257 638 1416 690 ἔφησαν
1436 639 1548 680 εἶναι.

224 702 317 742 ἀλλ’
344 703 416 756 οὐχ
448 704 546 755 ὑπὲρ
571 705 776 744 Φιλίππου
810 704 870 744 καὶ
903 705 957 745 ὧν
990 706 1139 748 ἐκεῖνος
1171 704 1333 757 πράττει
1367 709 1447 751 νῦν,
1475 706 1550 760 οὐχ

225 770 347 811 οὕτως
377 770 554 822 ἔχουσιν,
581 769 625 810 οὐ
657 770 779 820 μόνον
807 770 881 823 οὐχ
899 770 1103 822 ’Έλληνος
1132 773 1245 814 ὄντος
1278 771 1365 812 οὐδὲ
1397 771 1547 824 προσή-

226 852 362 877 κοντος
394 836 508 876 οὐδὲν
540 839 623 878 τοῖς
645 835 863 887 “Ελλησιν,
892 838 982 878 ἀλλ’
1008 839 1095 879 οὐδὲ
1129 838 1339 890 βαρβάρου
1370 840 1550 880 ἐντεῦθεν
1576 855 1614 879 10

224 903 315 942 ὅθεν
359 901 480 943 καλὸν
521 903 659 948 εἰπεῖν,
703 902 797 943 ἀλλ’
841 903 1008 956 ὀλέθρου
1049 906 1292 951 Μακεδόνος,
1336 906 1428 946 ὅθεν
1469 905 1549 946 οὐδ’

224 967 472 1020 ἀνδράποδον
497 972 711 1010 σπουδαῖον
730 969 842 1010 οὐδὲν
867 969 915 1020 ἦν
938 971 1128 1022 πρότερον
1152 972 1355 1023 πρίασθαι.

151 1045 194 1081 32
294 1036 428 1076 Καίτοι
460 1037 502 1076 τί
529 1038 598 1087 τῆς
631 1035 805 1089 ἐσχάτης
836 1037 990 1089 ὕβρεως
1023 1039 1249 1084 ἀπολείπει;
1294 1038 1339 1078 οὐ
1369 1037 1466 1090 πρὸς
1497 1041 1551 1092 τῷ

224 1102 361 1143 πόλεις
397 1102 633 1158 ἀνῃρηκέναι
668 1104 801 1153 τίθησι
835 1106 908 1154 μὲν
938 1105 987 1144 τὰ
1020 1105 1164 1151 Πύθια,
1202 1104 1271 1145 τὸν
1309 1104 1439 1146 κοινὸν
1474 1108 1552 1145 τῶν

223 1167 434 1218 Ἑλλήνων
458 1170 603 1221 ἀγῶνα,
632 1169 702 1210 κᾶν
727 1169 843 1212 αὐτὸς
871 1170 922 1221 μὴ
954 1177 1070 1228 παρῇ,
1097 1172 1187 1213 τοὺς
1211 1171 1376 1214 δούλους
1400 1172 1551 1224 ἀγωνο-
1577 1186 1613 1220 15

224 1234 466 1285 θετήσοντας
492 1235 655 1287 πέμπει;
693 1239 813 1288 κύριος
838 1238 876 1277 δὲ
897 1241 1034 1278 Πυλῶν
1055 1239 1114 1277 καὶ
1139 1240 1290 1278 τῶν’ἐπὶ
1314 1240 1398 1280 τοὺς
1415 1238 1554 1289 Ἔλλη-

224 1312 287 1336 νας
310 1296 478 1345 παρόδων
504 1297 596 1341 ἐστι’,
615 1297 674 1335 καὶ
701 1300 877 1347 φρουραῖς
904 1300 962 1336 καὶ
992 1300 1105 1345 ξένοις
1134 1299 1218 1340 τοὺς
1245 1300 1378 1340 τόπους
1404 1300 1554 1339 τούτους

225 1351 381 1401 κατέχει,·
422 1350 496 1401 ἔχει
524 1351 561 1389 δὲ
593 1352 651 1389 καὶ
677 1352 744 1401 τὴν
770 1354 1016 1402 προμαντείαν
1041 1357 1105 1392 τοῦ
1135 1354 1230 1398 θεοῦ,
1257 1354 1432 1403 παρώσας
1458 1355 1553 1403 ἡμᾶς

225 1404 283 1442 καὶ
312 1405 520 1445 Θετταλοὺς
549 1406 607 1443 καὶ
637 1407 798 1455 Δωριέας
829 1407 887 1444 καὶ
915 1408 998 1448 τοὺς
1031 1409 1169 1448 ἄλλους
1198 1407 1481 1457 Ἀμφικτύονας,
1511 1407 1554 1456 ἧς

150 1475 193 1510 33
225 1466 306 1504 οὐδὲ
331 1469 407 1507 τοῖς
427 1468 618 1517 Ἕλλησιν
646 1469 765 1507 ἅπασι
789 1470 953 1519 μέτεστι,·
995 1467 1141 1521 γράφει
1175 1470 1215 1509 δὲ
1251 1471 1472 1510 Θετταλοῖς
1508 1467 1553 1508 ὃν
1574 1487 1614 1509 20

224 1531 299 1586 χρὴ
333 1533 480 1584 τρόπον
512 1534 810 1582 πολιτεύεσθαι;
854 1534 999 1586 πέμπει
1031 1537 1073 1575 δὲ
1106 1534 1240 1586 ξένους
1273 1534 1361 1577 τοὺς
1393 1537 1465 1586 μὲν
1498 1535 1553 1576 εἰς

224 1600 423 1651 Πορθμόν,
454 1598 523 1640 τὸν
553 1602 675 1651 δῆμον
707 1602 977 1653 ἐκβαλοῦντας
1009 1601 1078 1642 τὸν
1112 1600 1359 1653 Ἐρετριέων,
1394 1601 1484 1643 τοὺς
1517 1601 1550 1641 δ’

223 1664 283 1705 ἐπ’
310 1665 466 1718 Ὠρεόν,
488 1667 677 1719 τύραννον
696 1670 934 1719 Φιλιστίδην
959 1667 1282 1718 καταστήσοντας
1289 1684 1301 1715 ,·
1339 1667 1430 1708 ἀλλ’
1449 1668 1553 1718 ὅμως

222 1731 331 1772 ταῦθ’
357 1733 523 1784 ὁρῶντες
547 1735 583 1774 οἱ
601 1732 803 1785 “Έλληνες
827 1734 1050 1789 ἀνέχονται,
1079 1735 1142 1775 καὶ
1171 1734 1240 1775 τὸν
1265 1734 1382 1775 αὐτὸν
1406 1735 1552 1786 τρόπον

223 1798 357 1852 ὥσπερ
386 1799 458 1850 τὴν
481 1799 662 1853 χάλαζαν
687 1802 821 1854 ἔμοιγε
849 1804 1034 1843 δοκοῦσιν
1060 1804 1233 1853 θεωρεῖν,
1263 1801 1470 1855 εὐχόμενοι
1498 1800 1550 1852 μὴ
1573 1819 1611 1852 ²5

224 1865 308 1906 καθ’
334 1865 492 1908 ἑαυτοὺς
517 1867 678 1908 ἕκαστοι
703 1868 903 1920 γενέσθαι,
926 1869 1092 1909 κωλύειν
1117 1867 1149 1908 δ’
1175 1868 1300 1910 οὐδεὶς
1327 1869 1550 1921 ἐπιχειρῶν.

148 1945 192 1981 34
222 1931 267 1973 οὐ
297 1933 421 1984 μόνον
455 1932 487 1973 δ’
517 1933 580 1986 ἐφ’
610 1935 668 1976 οἷς
699 1935 722 1985 ἡ
755 1934 907 1977 Ἑλλὰς
941 1936 1143 1988 ὑβρίζεται
1170 1934 1234 1975 ὑπ’
1265 1934 1394 1981 αὐτοῦ,
1426 1934 1552 1976 οὐδεὶς

223 1999 421 2050 ἀμύνεται,
450 1999 541 2041 ἀλλ’
566 1999 644 2041 οὐδ’
663 2002 760 2054 ὑπὲρ
786 2003 840 2042 ὧν
866 2002 981 2045 αὐτὸς
1007 2003 1173 2044 ἕκαστος
1200 2002 1401 2043 ἀδικεῖται·
1438 2005 1552 2042 τοῦτο

269 2121 282 2141 1
315 2125 364 2144 τις
389 2116 466 2143 ante
492 2113 556 2145 υἱὸς
580 2112 656 2143 add.
681 2112 769 2143 FY:
802 2124 867 2144 om.
893 2114 997 2144 SLA
1133 2116 1167 2146 ἐν
1192 2114 1311 2144 codd.:
1347 2112 1396 2144 ἐπ’
1416 2112 1551 2143 Dobree

221 2164 241 2193 3
266 2156 352 2196 ἄξιον
366 2155 463 2187 Ald.:
490 2157 574 2196 ἄξιος
591 2156 687 2186 codd.
837 2167 855 2195 5
882 2159 997 2189 ἐνεῖναι
1017 2157 1040 2188 S
1053 2157 1079 2188 L
1091 2157 1122 2188 A
1137 2170 1142 2188 :
1168 2157 1246 2188 εἶναι
1264 2155 1354 2195 vulg.
1446 2157 1465 2193 ἢ
1484 2165 1548 2186 om.

221 2197 310 2237 Aug.
329 2209 348 2227 2
495 2209 512 2237 7
537 2201 665 2237 πολλῆς
683 2204 761 2230 ante
780 2200 877 2241 ὀργῆς
894 2201 970 2231 add.
992 2201 1080 2239 vulg.
1099 2211 1106 2230 ε
1130 2210 1194 2230 om.
1217 2200 1239 2229 S
1254 2198 1321 2229 LY
1426 2199 1551 2239 ἔφησαν

223 2241 248 2272 S
262 2241 306 2273 L:
327 2242 452 2282 ἔφασαν
464 2242 554 2282 vulg.
655 2253 694 2273 10
711 2242 875 2284 βαρβάρου
889 2244 984 2274 codd.
1003 2255 1008 2274 :
1028 2243 1199 2285 βαρβάρων
1213 2242 1310 2273 Blass
1407 2251 1445 2271 12
1462 2242 1550 2283 πρία-

223 2287 295 2316 σθαι
312 2295 376 2316 om.
399 2285 435 2316 S¹
448 2286 487 2316 Ι,1
597 2296 634 2324 14
660 2287 851 2325 Ἑλληνίδας
869 2291 945 2326 post
962 2287 1073 2319 πόλεις
1090 2287 1164 2317 add.
1185 2285 1216 2315 A
1323 2286 1424 2316 16-20
1448 2284 1551 2325 κύριος

223 2326 259 2359 δὲ
275 2352 282 2359 .
303 2352 309 2359 .
330 2353 337 2359 .
353 2328 508 2367 μέτεστι,·
532 2340 596 2361 om.
615 2330 638 2361 S
652 2328 687 2359 Ι.1
778 2339 821 2361 20
841 2331 878 2361 ὃν
892 2330 916 2360 S
930 2329 996 2360 LY
1013 2341 1019 2359 :
1045 2331 1153 2362 ὅντινα
1165 2329 1254 2368 vulg.
1347 2338 1388 2359 22
1405 2328 1550 2359 alterum

223 2371 281 2403 τὸν
298 2371 322 2402 S
336 2372 401 2402 LA
415 2384 421 2402 :
447 2376 511 2404 τῶν
524 2372 612 2411 vulg.
717 2382 758 2411 25
782 2374 888 2414 ὥσπερ
906 2374 929 2404 S
944 2373 968 2403 L
979 2373 1010 2403 A
1026 2384 1032 2403 :
1058 2374 1152 2414 ὅνπερ
1169 2373 1256 2412 vulg.
1350 2373 1379 2403 οἱ
1394 2377 1472 2402 ante
1490 2372 1552 2410 τὴν

223 2414 298 2446 add.
319 2415 408 2454 vulg.
425 2424 431 2446 :
457 2425 521 2447 om.
544 2416 567 2446 S
582 2415 619 2446 L¹
755 2426 794 2455 27
820 2414 870 2448 ὑπ’
889 2418 984 2448 αὐτοῦ
1001 2426 1065 2447 om.
1085 2415 1116 2446 A
