1747 2844
175 128 294 183 xvm]
480 134 619 171 ΠΕΡΙ
668 135 789 172 ΤΟΥ
837 136 1173 174 ΣΤΕΦΑΝΟΎ
1531 136 1646 192 [330]¹

173 237 363 289 πρότερον
393 238 634 291 εὐεργεσίας,
660 240 780 282 οὔσας
805 240 1095 292 ὑπερμεγέθεις,
1123 241 1168 281 οὐ
1195 243 1268 292 μὲν
1297 242 1365 282 οὖν
1395 244 1498 283 εἴποι

172 321 229 346 τις
265 303 313 344 ἂν
345 305 496 355 ἡλίκας,
531 307 601 348 τὰς
635 306 699 347 ἐπὶ
735 306 803 347 τὸν
838 308 1013 359 παρόντα
1047 308 1140 358 βίον
1174 308 1410 360 γιγνομένας
1442 311 1497 351 εἰς

172 371 410 424 ἀχαριστίαν
437 372 499 412 καὶ
525 372 853 425 προπηλακισμὸν
879 373 1002 425 ἄγειν,
1029 371 1052 424 ἢ
1077 377 1214 420 πᾶσιν,
1241 376 1332 415 ὅσοι
1357 392 1392 415 τι
1416 376 1497 426 μετ’

172 437 325 479 εὐνοίας
343 438 571 491 πράττουσι,
592 442 661 490 τῆς
680 441 784 492 παρὰ
808 440 957 480 τούτων
976 443 1088 491 τιμῆς
1114 442 1177 482 καὶ
1199 443 1498 494 φιλανθρωπίας

135 509 363 556 5μετεΐναι;
403 506 464 546 καὶ
498 505 576 557 μὴν
612 507 646 547 εἰ
683 506 744 546 καὶ
780 506 881 546 τοῦτ’
918 506 993 558 ἄρα
1028 510 1087 548 δεῖ
1120 507 1159 558 μ’
1193 509 1329 555 εἰπεῖν,
1367 509 1389 559 ἡ
1425 511 1498 559 μὲν
1529 524 1596 559 317

171 571 244 622 ἐμὴ
275 573 457 613 πολιτεία
488 573 549 613 καὶ
580 573 821 625 προαίρεσις,
852 572 900 614 ἄν
929 590 987 615 τις
1020 580 1163 631 σκοπῇ,
1196 579 1280 616 ταῖς
1309 579 1387 615 τῶν
1417 575 1495 615 τότ’

172 638 462 689 ἐπαινουμένων
500 640 651 691 ἀνδρῶν
692 640 806 690 ὁμοία
844 641 906 681 καὶ
944 640 1064 680 ταύτὰ
1101 640 1327 693 βουλομένη
1368 641 1494 694 φανή-

172 721 295 751 σεται,
333 705 356 755 ἡ
394 707 435 746 δὲ
475 705 526 757 σὴ
564 709 648 748 ταῖς
687 710 764 747 τῶν
801 707 890 749 τοὺς
928 708 1126 750 τοιούτους
1162 709 1252 749 τότε
1291 714 1493 761 συκοφαν-

169 771 354 812 τούντων·
392 774 513 822 δῆλον
545 775 620 825 γὰρ
653 774 712 813 ὅτι
750 774 811 814 καὶ
849 774 930 814 κατ’
965 775 1134 817 ἐκείνους
1170 773 1275 825 ἦσάν
1309 792 1425 822 τινες,
1460 776 1496 816 οἳ

113 857 149 879 10
169 838 421 889 διασύροντες
440 839 530 881 τοὺς
554 841 670 881 ὄντας
689 840 777 881 τότε
802 840 892 883 τοὺς
911 838 982 893 [δὲ]
1003 842 1193 893 πρότερον
1213 842 1496 894 γεγενημένους

169 905 350 960 ἐπῄνουν,
379 905 587 955 βάσκανον
613 909 773 959 πρᾶγμα
803 908 865 948 καὶ
890 907 1007 948 ταύτὸ
1032 912 1233 950 ποιοῦντες
1263 910 1341 949 σοί.
1414 910 1497 950 εἶτα
1528 914 1595 958 318

168 970 300 1023 λέγεις
337 972 388 1013 ὡς
424 972 536 1014 οὐδὲν
572 974 704 1024 ὅμοιός
741 973 815 1025 εἰμ’
854 975 1018 1017 ἐκείνοις
1055 976 1151 1027 ἐγώ;
1196 975 1245 1016 σὺ
1282 975 1313 1015 δ’
1349 976 1494 1026 ὅμοιος,

170 1039 363 1090 Αἰσχίνης
419 1039 439 1078 ὁ
481 1039 513 1078 δ’
553 1040 728 1092 ἀδελφὸς
770 1042 791 1080 ὁ
831 1042 922 1088 ads,-
973 1041 1097 1083 ἄλλος
1135 1041 1178 1082 δέ
1216 1059 1274 1084 τις
1311 1046 1389 1083 τῶν
1428 1047 1496 1083 νῦν

167 1104 362 1156 ῥητόρων,·
419 1106 496 1157 ἐγὼ
537 1108 609 1156 μὲν
646 1108 720 1158 γὰρ
760 1106 900 1148 οὐδένα
937 1108 1051 1159 φημί.
1122 1109 1228 1148 ἀλλὰ
1269 1108 1364 1160 πρὸς
1406 1109 1495 1151 τοὺς

112 1189 147 1221 15
171 1170 328 1219 ζῶντας,
357 1169 386 1211 ὦ
416 1171 580 1225 χρηστέ,
609 1174 673 1213 ἵνα
701 1176 822 1223 μηδὲν
851 1173 943 1214 ἄλλ’
970 1176 1078 1221 εἴπω,
1105 1174 1174 1215 τὸν
1206 1174 1314 1225 ζῶντ’
1340 1174 1496 1226 ἐξέταζε

170 1237 231 1277 καὶ
268 1237 356 1279 τοὺς
393 1237 477 1278 καθ’
510 1239 641 1285 αὑτόν,
676 1239 810 1292 ὥσπερ
847 1240 976 1281 τᾶλλα
1010 1241 1152 1287 πάντα,
1190 1241 1279 1283 τοὺς
1316 1241 1491 1292 ποιητάς,
1527 1248 1632 1303 [331]

167 1303 257 1345 τοὺς
283 1304 436 1357 χορούς,
459 1305 548 1347 τοὺς
567 1306 804 1358 ἀγωνιστάς.
863 1308 883 1346 ὁ
903 1306 1125 1359 Φιλάμμων
1145 1308 1220 1362 οὐχ
1239 1309 1298 1348 ὅτι
1319 1309 1496 1349 Γλαύκου
1527 1325 1595 1360 319

167 1374 236 1409 τοῦ
279 1373 501 1423 Καρυστίου
544 1373 609 1413 καί
646 1389 764 1414 τινων
805 1372 948 1425 ἑτέρων
990 1375 1180 1427 πρότερον
1221 1375 1494 1427 γεγενημένων

167 1437 349 1487 ἀθλητῶν
379 1438 668 1491 ἀσθενέστερος
698 1438 759 1490 ἦν,
792 1440 1076 1493 ἀστεφάνωτος
1106 1442 1148 1481 ἐκ
1177 1443 1246 1491 τῆς
1271 1441 1494 1492 Ὀλυμπίας

107 1522 148 1543 20
166 1504 294 1560 ἀπῄει,
318 1505 409 1545 ἀλλ’
429 1506 488 1546 ὅτι
513 1509 591 1546 τῶν
611 1507 877 1547 εἰσελθόντων
895 1507 991 1559 πρὸς
1016 1507 1134 1548 αὐτὸν
1159 1507 1288 1559 ἄριστ’
1308 1507 1490 1561 ἐμάχετο,

166 1572 435 1624 ἐστεφανοῦτο
479 1573 540 1613 καὶ
579 1576 695 1614 νικῶν
734 1574 1005 1626 ἀνηγορεύετο.
1076 1574 1139 1614 καὶ
1179 1575 1228 1615 σὺ
1267 1574 1363 1626 πρὸς
1402 1574 1491 1617 τοὺς

164 1642 234 1679 νῦν
259 1639 331 1691 ὅρα
358 1657 407 1691 με
435 1639 613 1692 ῥήτορας,
642 1639 738 1692 πρὸς
768 1641 927 1687 σαυτόν,
956 1640 1051 1693 πρὸς
1079 1641 1213 1682 ὅντινα
1242 1642 1384 1692 βούλει
1413 1646 1491 1682 τῶν

164 1706 361 1747 ἁπάντων·
417 1705 539 1748 οὐδέν’
579 1707 799 1758 ἐξίσταμαι.
870 1708 937 1753 ὧν,
981 1708 1045 1748 ὅτε
1086 1709 1158 1758 μὲν
1199 1714 1246 1765 τῇ
1288 1708 1403 1749 πόλει
1442 1710 1490 1748 τὰ
1521 1721 1591 1756 320

162 1772 348 1822 βέλτισθ’
385 1773 550 1814 ἑλέσθαι
586 1776 724 1827 παρῆν,
765 1775 989 1827 ἐφαμίλλου
1027 1777 1096 1825 τῆς
1135 1776 1189 1816 εἰς
1227 1774 1298 1825 τὴν
1337 1774 1488 1827 πατρίδ’

103 1853 141 1885 25
163 1839 315 1882 εὐνοίας
341 1842 382 1881 ἐν
408 1844 522 1895 κοινῷ
548 1844 648 1882 πᾶσι
674 1840 862 1892 κειμένης,
891 1841 968 1893 ἐγὼ
998 1840 1188 1893 κράτιστα
1215 1840 1346 1893 λέγων
1372 1842 1486 1893 ἐφαι-

162 1907 300 1957 νόμην,
335 1907 396 1948 καὶ
426 1911 507 1949 τοῖς
540 1909 647 1959 ἐμοῖς
681 1908 742 1948 καὶ
772 1909 1016 1961 ψηφίσμασι
1049 1908 1111 1949 καὶ
1140 1909 1274 1959 νόμοις
1303 1908 1365 1948 καὶ
1395 1924 1485 1959 πρε-

209 2027 221 2047 1
250 2017 404 2059 πρότερον
423 2018 446 2048 S
460 2016 527 2048 LA
540 2017 570 2049 O
586 2028 591 2047 ε
618 2017 779 2060 προτέρων
794 2018 897 2058 vulg„
914 2018 1034 2058 schol.,
1048 2018 1199 2054 Aristid.‚
1218 2018 1255 2049 cs.
1276 2028 1323 2048 xx
1344 2027 1412 2056 113,
1428 2027 1486 2055 114

162 2071 181 2090 2
207 2062 258 2092 ἐπὶ
277 2061 300 2092 S
314 2061 339 2091 L
356 2061 443 2099 vulg.
460 2072 465 2090 z
492 2062 561 2101 περὶ
580 2061 605 2090 F
622 2061 724 2101 solus,
743 2061 818 2093 fort.
837 2066 931 2093 recte
1075 2073 1093 2100 4
1119 2062 1201 2103 παρὰ
1217 2061 1292 2092 add.
1314 2061 1338 2090 L
1350 2060 1381 2090 A
1399 2060 1486 2099 vulg.

163 2105 187 2135 S
203 2117 254 2145 γρ.
272 2104 434 2135 Aristid.:
460 2114 524 2135 om.
545 2104 569 2135 S
582 2104 612 2135 Y
714 2106 736 2135 6
760 2105 856 2147 ὀρθῶς
874 2110 952 2136 ante
971 2108 1075 2148 σκοπῇ
1093 2105 1170 2136 add.
1188 2105 1274 2144 vulg.
1295 2115 1301 2134 :
1326 2114 1392 2135 om.
1412 2103 1435 2134 S
1449 2104 1487 2134 L¹

162 2147 225 2178 soli
351 2158 372 2187 9
395 2149 469 2180 τοὺς
486 2147 621 2189 χρόνους
637 2148 713 2179 add.
734 2154 810 2188 post
827 2162 912 2181 τινες
931 2149 956 2179 L
974 2159 1058 2180 corr.
1080 2149 1168 2187 vulg.
1186 2160 1193 2178 τ
1218 2152 1297 2178 ante
1315 2146 1398 2184 ἦσαν
1414 2146 1445 2186 Q
1457 2146 1487 2182 Α

163 2200 266 2230 marg.
285 2202 290 2222 :
316 2201 378 2222 om.
402 2191 425 2222 S
439 2191 561 2221 L¹AY
672 2192 701 2224 οἳ
717 2191 921 2233 διασύροντες
942 2192 966 2222 L
982 2204 989 2223 τ
1014 2194 1043 2225 οἱ
1059 2192 1263 2232 διασύροντες
1282 2191 1305 2222 S
1322 2190 1433 2230 vulg:
1459 2191 1488 2222 οἳ

162 2234 305 2275 διέσυρον
316 2234 420 2274 μὲνΑ
514 2245 552 2265 10
576 2234 609 2266 δὲ
623 2235 701 2265 secl.
716 2234 808 2266 Weil
901 2236 940 2266 16
963 2237 1045 2267 κατὰ
1059 2234 1221 2267 σαυτὸνΑ
1311 2244 1352 2273 23
1376 2232 1488 2266 οὐδένα

162 2277 186 2308 S
200 2277 237 2308 L¹
257 2278 377 2318 (supra
394 2278 520 2317 scripto
539 2279 603 2310 δενὶ
621 2278 660 2309 ab
677 2279 751 2309 ead.
770 2280 885 2315 manu)
905 2279 935 2309 Y
955 2279 1060 2310 Bekk.
1076 2279 1206 2309 Anecd.
1225 2289 1255 2318 p.
1279 2279 1337 2317 138
1354 2289 1360 2307 ε
1384 2278 1486 2309 οὐδενὶ

161 2320 249 2360 vulg.
272 2322 295 2352 S
312 2335 363 2362 γρ.
382 2322 408 2351 L
427 2332 513 2352 corr.
536 2331 583 2360 pr.
605 2332 660 2361 m.,
680 2321 786 2353 schol.
809 2332 839 2362 p.
860 2332 936 2362 332,
953 2332 995 2361 30
1181 2331 1222 2360 25
1248 2321 1406 2363 κράτιστα
1423 2320 1447 2351 S
1460 2320 1486 2350 L

161 2364 266 2437 Rulg-l:
292 2366 332 2397 τὰ
348 2364 515 2403 βέλτιστα
531 2364 562 2394 Α
697 2365 739 2396 26
762 2366 813 2398 καὶ
829 2370 908 2397 ante
925 2366 1109 2407 ψηφίσμασι
1126 2365 1201 2396 add.
1223 2365 1247 2396 s
1261 2365 1287 2395 L
1298 2364 1328 2404 Q
1341 2364 1371 2395 ο
1388 2375 1395 2394 ι
1419 2374 1484 2396 om.

208 2417 250 2437 vu
265 2417 295 2446 g.
