1747 2844
138 499 155 530 5

116 830 154 852 10

112 1493 150 1516 20

110 1827 148 1860 25

180 106 267 161 X1x]
405 111 545 149 ΠΕΡΙ
593 110 718 148 ΤΗΣ
765 108 1281 148 ΠΑΡΑΠΡΕΣΒΕΙΑΣ

178 214 351 255 Φωκέων
388 215 451 255 καὶ
482 217 641 260 Πυλῶν,
676 213 720 254 οὐ
756 211 1018 264 προήσεσθαι·
1066 210 1118 261 μὴ
1155 211 1431 262 προλαβόντος
1467 209 1500 251 δ’

177 282 327 323 ἐκείνου
354 285 474 321 ταῦτα
496 279 584 331 μηδ’
608 280 715 330 ὑμῶν
741 277 1064 329 ἐξαπατηθέντων
1089 276 1229 317 ἅπαντ’
1255 279 1298 317 ἐν
1323 278 1504 329 ἀσφαλεῖ

176 350 224 388 τὰ
248 347 444 400 πράγμαθ’
468 348 557 398 ὑμῖν
583 347 759 392 ἔσεσθαι,
789 345 850 385 καὶ
875 343 965 396 παρ’
992 344 1148 386 ἑκόντος
1175 342 1361 394 ὑπάρξειν
1386 344 1502 384 αὐτοῦ

176 416 224 455 τὰ
249 415 388 455 δίκαια.
460 414 522 453 καὶ
557 411 664 452 ταῦτ’
701 412 860 453 εἰκότως
901 411 1021 452 οὕτως
1061 409 1348 461 ὑπελάμβανον
1384 409 1498 460 ἕξειν.

177 482 210 522 εἶ
239 482 315 533 γὰρ
344 480 459 531 ἦσαν,
487 480 537 521 ὡς
566 478 668 529 ἦσαν
693 479 793 525 τότε,
822 481 974 519 Φωκεῖς
1000 481 1098 531 σῷοι
1124 477 1185 517 καὶ
1210 477 1350 518 Πύλας
1375 475 1498 529 εἶχον,

177 549 326 589 ἐκεῖνος
355 549 426 598 μὲν
451 546 563 587 οὐδὲν
587 544 634 585 ἂν
658 546 748 596 ὑμῖν
774 543 848 598 εἶχ’
873 545 1156 585 ἀνατείνασθαι
1186 543 1378 595 φοβερόν,
1405 542 1453 583 δι’
1480 542 1500 583 ὃ

174 617 251 655 τῶν
276 614 435 653 δικαίων
458 612 506 652 ἄν
530 628 566 652 τι
594 612 809 664 παρείδετε·
847 611 936 652 οὔτε
965 612 1039 662 γὰρ
1071 612 1167 650 κατὰ
1192 612 1266 662 γῆν
1291 610 1500 661 παρελθὼν

174 681 263 721 οὔτε
288 680 404 720 ναυσὶ
430 677 627 731 κρατήσας
653 679 707 720 εἷς
735 677 807 728 τὴν
831 676 1015 727 Ἀττικὴν
1039 676 1147 727 ἥξειν
1172 676 1352 727 ἔμελλεν·
1390 677 1499 727 ὑμεῖς

173 746 205 786 δ’
234 747 383 787 ἐκείνου
415 747 666 799 παραχρῆμα,
694 746 728 785 εἰ
757 744 809 795 μὴ
842 745 891 784 τὰ
918 745 1049 784 δίκαια
1077 745 1221 793 ποιοίη,
1251 744 1426 784 κλείσειν
1450 745 1498 783 τὰ

174 814 352 865 ἐμπόρια,
392 813 454 853 καὶ
495 811 706 865 χρημάτων
741 810 776 851 τ’
813 812 856 851 ἐν
892 810 1037 851 σπάνει
1075 811 1136 850 καὶ
1172 813 1249 850 τῶν
1284 809 1421 850 ἄλλων
1456 811 1500 850 ἐν

172 880 381 934 πολιορκίᾳ
403 878 524 920 πάλιν
551 878 668 919 αὐτὸν
695 876 972 928 καταστήσειν,
999 876 1095 917 ὥστ’
1121 878 1267 919 ἐκεῖνος
1293 877 1313 915 ὁ
1339 876 1497 916 δουλεύ-

174 963 257 987 σων
290 946 458 997 ἔμελλεν
490 946 656 987 ἔσεσθαι
690 949 772 987 τοῖς
805 944 882 985 ἀπὸ
915 947 983 995 τῆς
1017 942 1170 996 εἰρήνης
1201 946 1497 989 λυσιτελοῦσιν,

174 1013 247 1066 οὐχ
280 1014 400 1063 ὑμεῖς.
473 1012 535 1053 καὶ
567 1011 674 1052 ταῦθ’
711 1013 770 1052 ὅτι
803 1011 871 1051 οὐκ
905 1011 968 1051 ἐπὶ
1000 1013 1081 1053 τοῖς
1113 1010 1399 1061 συμβεβηκόσι
1431 1013 1499 1050 νῦν

174 1078 396 1130 πλάττομαι
422 1079 484 1120 καὶ
509 1081 811 1131 προσποιοῦμαι,
840 1079 948 1118 ἀλλὰ
977 1076 1057 1117 τότ’
1084 1077 1195 1118 εὐθὺς
1224 1076 1410 1128 ἐγνώκειν
1438 1077 1500 1117 καὶ

172 1146 436 1198 προεωρώμην
460 1146 556 1197 ὑπὲρ
580 1146 687 1196 ὑμῶν
712 1144 775 1185 καὶ
799 1144 950 1186 τούτοις
975 1143 1129 1196 ἔλεγον,
1152 1144 1300 1184 ἐκεῖθεν
1324 1144 1497 1184 εἴσεσθε.

172 1212 305 1262 ἐπειδὴ
336 1214 410 1264 γὰρ
441 1213 633 1262 ἐκκλησία
660 1214 733 1263 μὲν
766 1210 890 1252 οὐκέτ’
920 1210 967 1261 ἦν
994 1211 1211 1253 ὑπόλοιπος
1244 1209 1403 1260 οὐδεμία
1435 1211 1499 1249 διὰ

172 1278 216 1319 τὸ
240 1281 650 1332 προκατακεχρῆσθαι,
672 1278 779 1319 οὗτοι
805 1277 837 1318 δ’
864 1277 931 1318 οὐκ
957 1278 1133 1334 ἀπῇσαν,
1161 1276 1253 1317 ἀλλ’
1278 1277 1395 1317 αὐτοῦ
1421 1275 1496 1316 διέ-

171 1349 323 1397 τριβον,
350 1344 491 1398 γράφω
516 1344 714 1398 ψήφισμα
737 1344 955 1396 βουλεύων,
982 1344 1054 1394 τὴν
1078 1343 1233 1395 βουλὴν
1259 1341 1500 1393 ποιήσαντος

170 1415 239 1452 τοῦ
263 1411 386 1463 δήμου
412 1412 558 1463 κυρίαν,
586 1411 743 1453 ἀπιέναι
767 1411 856 1452 τοὺς
882 1410 1074 1462 πρέσβεις
1099 1410 1170 1460 τὴν
1195 1412 1403 1463 ταχίστην,
1430 1409 1499 1450 τὸν

171 1481 213 1520 δὲ
241 1478 464 1531 στρατηγὸν
491 1476 693 1530 Πρόξενον
719 1478 887 1528 κομίζειν
914 1476 1052 1518 αὐτοὺς
1081 1477 1146 1517 ε’πὶ
1174 1476 1263 1518 τοὺς
1288 1476 1431 1518 τόπους
1455 1477 1498 1516 ἐν

169 1547 228 1588 οῖς
251 1545 299 1586 ἂν
324 1547 419 1586 ὅντα
438 1546 643 1586 Φίλιππον
668 1543 922 1595 πυνθάνηται,
943 1543 1103 1596 γράψας
1129 1543 1262 1595 ὥσπερ
1288 1546 1357 1584 νῦν
1375 1542 1495 1595 λέγω,

169 1615 250 1655 τοῖς
290 1611 463 1665 ῥήμασιν
506 1613 627 1654 οὕτως
673 1611 866 1664 ἄντικρυς.
938 1612 1018 1652 Καί
1053 1627 1119 1662 μοι
1160 1609 1256 1663 λέγε
1297 1613 1411 1650 τοῦτο
1453 1608 1498 1649 τὸ

169 1678 365 1731 ψήφισμα
388 1679 542 1730 λαβών.

732 1742 932 1772 ΨΗΦῙΣΜΑ.

236 1810 424 1853 Ἐνθένδε
451 1813 524 1862 μὲν
548 1815 679 1852 τοίνυν
703 1810 841 1853 αὐτοὺς
871 1809 1067 1863 ἐξήγαγον
1092 1811 1213 1852 οὕτως
1238 1809 1415 1856 ἄκοντας,
1445 1808 1496 1851 ὡς

171 1881 347 1930 καθαρῶς
373 1879 430 1920 οῖς
453 1880 551 1930 μετὰ
578 1877 683 1918 ταῦτ’
708 1878 866 1918 ἐποίουν
892 1879 1065 1919 εἴσεσθε.
1137 1876 1268 1926 ἐπειδὴ
1296 1875 1329 1915 δ’
1355 1876 1495 1928 ἀφικό-

169 1945 253 1996 μεθ’
274 1946 328 1987 εἰς
347 1944 493 1997 Ὠρεὸν
521 1945 582 1986 καὶ
607 1944 890 1997 συνεμείξαμεν
914 1949 967 2000 τῷ
994 1943 1194 1998 Προξένῳ,
1222 1941 1496 1994 ἀμελήσαντες

170 2012 275 2052 οὗτοι
301 2015 368 2052 τοῦ
397 2015 512 2053 πλεῖν
537 2013 599 2053 καὶ
624 2014 672 2052 τὰ
696 2011 1024 2064 προστεταγμένα
1053 2010 1238 2063 πράττειν
1263 2009 1495 2061 ἐπορεύοντο

171 2079 312 2133 κύκλῳ,
349 2079 411 2119 καὶ
444 2080 535 2131 πρὶν
570 2080 623 2121 εἷς
654 2080 906 2120 Μακεδονίαν
938 2080 1081 2124 ἐλθεῖν,
1114 2081 1216 2129 τρεῖς
1250 2077 1311 2117 καὶ
1345 2077 1493 2116 εἴκοσιν

1530 107 1644 161 [388]

1536 427 1598 464 153

1532 548 1649 603 [389]

1533 1027 1597 1064 154

1531 1825 1592 1862 155

110 2160 150 2191 30
168 2145 314 2198 ἡμέρας
333 2146 610 2196 ἀνηλώσαμεν·
644 2147 713 2187 τὰς
733 2146 765 2186 δ’
779 2145 906 2188 ἄλλας
925 2144 1057 2187 πάσας
1078 2143 1260 2195 καθήμεθ’
1278 2144 1319 2184 ἐν
1337 2142 1490 2198 Πέλλῃ,
1525 2143 1645 2199 [390]

213 2264 232 2294 5
257 2256 286 2286 οἱ
300 2259 379 2286 ante
396 2257 512 2287 Φωκεῖς
529 2255 606 2285 add.
626 2255 652 2285 L
667 2254 755 2293 vulg.
776 2266 783 2285 t
821 2265 886 2286 om.
907 2254 972 2285 SA
1169 2255 1191 2283 6
1215 2255 1285 2291 ὑμῖν
1302 2251 1393 2284 οὐδὲν
1410 2253 1447 2284 ἂν
1462 2251 1494 2282 Α

171 2299 435 2331 ἐπανατείνασθαι
454 2299 477 2329 S
495 2312 545 2340 γρ.
567 2298 591 2328 F
606 2312 655 2339 γρ.
677 2299 707 2337 Q
723 2312 775 2340 γρ.
893 2309 927 2329 11
956 2297 1138 2330 δουλεύσων
1156 2297 1179 2326 S
1197 2297 1284 2335 vulg.
1304 2307 1310 2325 z
1335 2295 1494 2328 δουλεύων

169 2341 201 2372 Α
319 2352 357 2373 12
382 2342 521 2382 ἔμελλεν
537 2347 616 2372 ante
635 2342 765 2374 ἔσεσθαι
783 2342 806 2373 S
823 2347 891 2373 ant.
912 2352 955 2373 m.
974 2342 1001 2372 L
1016 2341 1102 2380 vulg.
1122 2350 1129 2371 ι
1153 2345 1231 2381 post
1248 2340 1378 2372 ἔσεσθαι
1395 2339 1425 2378 Q
1439 2339 1468 2370 O
1487 2350 1494 2370 z

168 2395 231 2417 om.
252 2384 289 2416 5ι
