1763 2828
84 121 196 176 [324]

129 240 195 274 297

83 292 194 346 [325]

127 767 195 811 298

125 1305 194 1342 299

129 1782 200 1817 300

654 120 1142 159 ΔΗΜΟΣΘΕΝΟΎΣ
1437 115 1555 170 [xvm

295 225 449 277 Ταύτης
473 227 604 267 τοίνυν
623 228 691 276 τῆς
717 227 838 267 οὕτως
864 226 1034 279 αἰσχρᾶς
1061 225 1123 265 καὶ
1149 222 1387 277 περιβοήτου
1406 224 1555 265 συστά-

227 310 329 335 σεως
371 294 435 334 καὶ
478 295 624 340 κακίας,
669 295 827 344 μᾶλλον
869 291 915 338 δ’,
958 290 987 332 ὦ
1029 291 1166 343 ἄνδρες
1204 291 1420 342 Ἀθηναῖοι,
1461 308 1555 343 προ-

225 361 375 407 δοσίας,
416 362 448 401 εἰ
485 363 546 401 δεῖ
584 360 637 412 μὴ
676 363 826 412 ληρεῖν,
865 361 933 409 τῆς
971 363 1049 400 τῶν
1084 357 1295 409 Ἑλλήνων
1334 358 1558 410 ἐλευθερίας

224 427 249 478 ἥ
278 444 319 469 τε
352 429 469 470 πόλις
498 429 605 479 παρὰ
635 430 759 468 πᾶσιν
789 426 1009 478 ἀνθρώποις
1043 426 1215 467 ἀναίτιος
1245 423 1378 477 γέγον’
1410 426 1452 466 ἐκ
1479 428 1558 466 τῶν

226 495 328 544 ἐμῶν
348 493 647 545 πολιτευμάτων
669 494 731 534 καὶ
759 495 836 546 ἐγὼ
857 493 946 546 παρ’
972 494 1073 544 ὑμῖν.
1136 491 1219 533 εἶτά
1243 491 1281 543 μ’
1302 493 1448 547 ἐρωτᾷς
1472 491 1560 532 ἀντὶ
1578 508 1596 541 5

225 562 338 603 ποίας
374 562 511 613 ἀρετῆς
549 561 644 612 ἀξιῶ
681 562 890 611 τιμᾶσθαι;
936 561 1013 612 ἐγὼ
1050 559 1093 600 δέ
1128 577 1193 599 σοι
1228 558 1348 611 λέγω,
1386 559 1446 599 ὅτι
1480 562 1559 600 τῶν

226 627 541 679 πολιτευομένων
575 629 680 679 παρὰ
713 631 794 670 τοῖς
818 626 999 677 εἘλλησι
1032 625 1330 679 διαφθαρέντων
1360 624 1557 673 ἁπάντων,

225 693 454 746 ἀρξαμένων
475 694 553 734 ἀπὸ
579 697 664 740 σοῦ,
687 690 894 745 [πρότερον
918 696 991 744 μὲν
1015 693 1090 734 ὑπὸ
1110 693 1324 739 Φιλίππου,
1347 696 1414 733 νῦν
1440 692 1474 732 δ’
1493 692 1558 733 ὑπ’

225 758 519 812 Ἀλεξάνδρου,]
545 759 604 811 ἔμ’
624 761 713 800 οὔτε
739 760 871 812 καιρὸς
898 761 987 801 οὔτε
1014 760 1294 813 φιλανθρωπία
1319 760 1453 811 λόγων
1478 758 1558 799 οὔτ’
1591 797 1594 800 .

226 828 476 879 ἐπαγγελιῶν
503 826 669 879 μέγεθος
699 826 779 867 οὔτ’
805 828 919 869 ἐλπὶς
951 827 1039 867 οὔτε
1067 827 1198 879 φόβος
1226 826 1305 866 οὔτ’
1330 825 1421 866 ἄλλ’
1447 825 1559 866 οὐδὲν
1582 844 1620 867 10

226 895 370 945 ἐπῆρεν
388 893 476 934 οὐδὲ
502 892 753 946 προηγάγετο
773 894 827 934 ὧν
847 893 980 946 ἔκρινα
1007 894 1165 934 δικαίων
1186 892 1248 933 καὶ
1274 893 1560 945 συμφερόντων

224 961 270 1016 τῇ
287 961 442 1012 πατρίδι
462 960 576 1001 οὐδὲν
593 963 815 1013 προδοῦναι,
835 960 929 1007 οὐδ’,
949 962 1026 1000 ὅσα
1047 959 1383 1011 συμβεβούλευκα
1402 960 1560 1000 πώποτε

224 1029 411 1074 τουτοισί,
433 1029 577 1079 ὁμοίως
597 1029 686 1079 ὑμῖν
706 1028 841 1079 ὥσπερ
862 1027 910 1068 ἂν
931 1026 1097 1079 τρυτάνη
1123 1026 1253 1079 ῥέπων
1273 1026 1337 1066 ἐπὶ
1356 1025 1400 1066 τὸ
1424 1028 1561 1077 λῆμμα

226 1095 573 1145 συμβεβούλευκα,
601 1094 693 1135 ἀλλ’
720 1094 787 1135 ἀπ’
813 1096 930 1146 ὀρθῆς
958 1094 1020 1134 καὶ
1051 1094 1202 1136 δικαίας
1230 1093 1292 1134 καὶ
1317 1093 1561 1144 ἀδιαφθόρου

224 1163 292 1211 τῆς
321 1164 469 1214 ψυχῆς·
509 1162 569 1201 καὶ
597 1162 796 1213 μεγίστων
829 1161 874 1211 δὴ
904 1160 1146 1213 πραγμάτων
1176 1165 1253 1201 τῶν
1286 1159 1367 1200 κατ’
1394 1159 1561 1210 ἐμαυτὸν
1584 1176 1621 1208 15

225 1228 442 1279 ἀνθρώπων
475 1230 651 1281 προστὰς
685 1228 799 1269 πάνθ’
830 1229 948 1280 ὑγιῶς
982 1228 1042 1268 καὶ
1073 1229 1230 1270 δικαίως
1262 1227 1558 1277 πεπολίτευμαι.

225 1296 288 1335 διὰ
318 1295 425 1335 ταῦτ’
451 1295 545 1346 ἀξιῶ
576 1298 776 1346 τιμᾶσθαι.
849 1295 919 1336 τὸν
948 1297 989 1336 δὲ
1020 1293 1230 1348 τειχισμὸν
1260 1297 1411 1340 τοῦτον,
1440 1292 1484 1334 ὃν
1511 1293 1562 1333 σύ

224 1379 298 1413 μου
322 1361 512 1415 διέσυρες,
536 1363 597 1403 καὶ
616 1362 687 1413 τὴν
706 1364 898 1416 ταφρείαν
919 1361 1009 1413 ἄξια
1036 1364 1106 1413 μὲν
1133 1361 1295 1416 χάριτος
1316 1361 1379 1401 καὶ
1400 1361 1561 1401 ἐπαίνου

228 1430 355 1481 κρίνω,
383 1433 464 1472 πῶς
489 1430 563 1482 γὰρ
589 1430 651 1476 οὔ,·
693 1430 822 1482 πόρρω
848 1428 983 1480 μέντοι
1012 1446 1086 1470 που
1111 1433 1188 1470 τῶν
1216 1430 1369 1483 ἐμαυτῷ
1394 1433 1557 1469 πεπολι-

226 1495 422 1547 τευμένων
463 1498 630 1547 τίθεμαι.
699 1496 745 1536 οὐ
785 1498 913 1539 λίθοις
965 1497 1144 1550 ἐτείχισα
1193 1495 1263 1546 τὴν
1306 1495 1425 1536 πόλιν
1472 1495 1559 1536 οὐδὲ
1583 1510 1622 1532 20

227 1564 408 1605 πλίνθοις
433 1563 524 1615 ἐγώ,
546 1562 626 1604 οὐδ’
646 1564 710 1604 ἐπὶ
735 1563 886 1605 τούτοις
913 1562 1106 1615 μέγιστον
1125 1566 1203 1604 τῶν
1226 1564 1392 1613 ἐμαυτοῦ
1412 1566 1559 1615 φρονῶ·

227 1629 319 1670 ἀλλ’
337 1631 406 1670 ἐὰν
425 1629 493 1670 τὸν
513 1629 608 1681 ἐμὸν
627 1629 835 1683 τειχισμὸν
853 1630 985 1686 βούλῃ
1005 1630 1160 1671 δικαίως
1184 1633 1362 1676 σκοπεῖν,
1384 1628 1562 1682 εὑρήσεις

228 1697 334 1737 ὅπλα
352 1697 412 1737 καὶ
429 1697 566 1739 πόλεις
587 1697 649 1737 καὶ
665 1697 808 1740 τόπους
825 1698 887 1738 καὶ
905 1695 1067 1748 λιμένας
1087 1698 1149 1738 καὶ
1169 1700 1262 1739 ναῦς
1280 1697 1341 1737 καὶ
1358 1694 1564 1748 [πολλοὺς]

229 1764 371 1805 ἵππους
405 1764 466 1804 καὶ
495 1764 585 1806 τοὺς
612 1765 709 1816 ὑπὲρ
738 1764 886 1805 τούτων
918 1763 1195 1815 ἀμυνομένους·
1232 1767 1353 1805 ταῦτα
1384 1764 1562 1815 προύβα-

230 1830 358 1881 λόμην
384 1831 461 1882 ἐγὼ
491 1830 566 1883 πρὸ
594 1834 663 1882 τῆς
688 1830 882 1882 Ἀττικῆς,
911 1833 1011 1873 ὅσον
1042 1830 1090 1882 ἦν
1119 1832 1351 1886 ἀνθρωπίνῳ
1381 1833 1563 1884 λογισμῷ
1586 1843 1624 1875 25

231 1898 411 1944 δυνατόν,
440 1898 501 1938 καὶ
530 1898 681 1941 τούτοις
714 1899 895 1952 ἐτείχισα
924 1898 995 1950 τὴν
1028 1899 1174 1952 χώραν,
1206 1898 1295 1952 οὐχὶ
1325 1898 1392 1939 τὸν
1423 1897 1565 1938 κύκλον

86 1963 203 2018 [326]
233 1967 300 2003 τοῦ
324 1967 519 2017 Πειραιῶς
548 1964 637 2006 οὐδὲ
666 1968 734 2005 τοῦ
764 1965 929 2008 ἄστεως.
1001 1964 1091 2007 οὐδέ
1116 1965 1153 2018 γ’
1178 1964 1349 2016 ἡττήθην
1380 1965 1458 2017 ἐγὼ
1483 1967 1565 2005 τοῖς

233 2035 443 2082 λογισμοῖς
475 2031 692 2079 Φιλίππου,
729 2036 883 2073 πολλοῦ
916 2049 962 2085 γε
998 2032 1060 2072 καὶ
1093 2035 1163 2078 δεῖ,
1198 2033 1288 2074 οὐδὲ
1321 2035 1405 2074 ταῖς
1438 2047 1562 2083 παρα-

274 2141 296 2171 6
319 2139 356 2173 δέ
371 2141 395 2173 S
409 2140 454 2172 L:
481 2141 518 2179 δή
535 2140 625 2181 vulg.
757 2142 821 2180 8-9
846 2141 1001 2183 πρότερον
1017 2165 1024 2172 .
1046 2165 1053 2172 .
1076 2165 1082 2171 .
1103 2140 1314 2181 Ἀλεξάνδρου
1330 2140 1407 2171 secl.
1428 2139 1562 2171 Dobrec

234 2194 272 2215 10
296 2187 368 2217 οὔτε
386 2184 479 2227 χάρις
497 2190 575 2226 post
592 2184 694 2225 φόβος
711 2185 786 2215 add.
808 2186 833 2215 L
850 2185 938 2224 vulg.
957 2197 963 2215 :
997 2195 1061 2216 om.
1081 2183 1117 2215 S¹
1340 2194 1378 2223 13
1403 2184 1509 2223 ὥσπερ
1526 2184 1565 2215 ἂν

231 2227 370 2269 τρυτάνη
389 2229 497 2259 Index
517 2228 677 2259 Feliciani
695 2239 701 2257 :
727 2229 833 2269 ὥσπερ
852 2230 889 2260 ἂν
906 2242 1058 2270 τρυτανηι
1076 2228 1111 2259 51
1127 2227 1163 2258 F¹
1175 2227 1226 2258 Y:
1253 2228 1360 2269 ὥσπερ
1375 2229 1408 2259 ἐν
1424 2225 1563 2268 τρυτάνῃ

231 2270 277 2300 A:
305 2273 411 2313 ὥσπερ
430 2274 468 2305 ἂν
486 2273 513 2304 εἰ
531 2275 564 2304 ἐν
580 2272 719 2313 τρυτάνῃ
738 2272 762 2302 S
779 2282 863 2302 corr.
882 2272 907 2302 L
922 2272 1024 2310 vulg:
1051 2272 1225 2310 ὡσπερανεὶ
1242 2270 1382 2312 τρυτάνη
1402 2269 1563 2300 Dindorf:

232 2315 310 2345 secl.
334 2316 470 2346 Dobree
489 2315 564 2347 coll.
586 2326 605 2346 v
625 2325 663 2346 12
788 2317 825 2345 16
849 2316 1018 2356 ἀνθρώπων
1036 2315 1115 2345 secl.
1136 2314 1234 2345 Blass
1354 2324 1396 2352 23
1420 2314 1563 2345 πολλοὺς

232 2358 312 2389 secl.
334 2359 461 2390 Reiskc
665 2369 705 2396 24
731 2358 943 2397 ἀμυνομένους
962 2359 986 2389 S
1000 2359 1025 2388 L
1038 2358 1068 2388 A
1087 2358 1175 2397 vulg.
1193 2369 1200 2387 :
1226 2357 1457 2396 ἀμυνουμένους
1478 2356 1502 2386 F
1515 2356 1561 2388 B:

234 2401 483 2442 ἀγωνιζομένους
503 2403 533 2432 Ο
664 2403 706 2432 26
729 2401 827 2441 μόνον
844 2407 920 2441 post
939 2402 1060 2434 κύκλον
1076 2402 1152 2432 add.
1173 2401 1260 2440 vulg.
1280 2411 1286 2431 z
1312 2411 1378 2432 om.
1398 2400 1422 2431 S
1436 2400 1471 2430 L·
1489 2399 1519 2430 A
