1731 2844
145 136 191 191 11]
553 141 970 180 οΛΎΝΘῐΑΚΟΣ
1019 143 1049 179 Β
1502 143 1579 198 [18]

210 244 268 285 Τὸ
299 247 372 296 μὲν
405 244 484 291 οὖν,
517 242 546 284 ὦ
579 244 718 297 ἄνδρες
747 244 963 295 Ἀθηναῖοι,
998 244 1070 294 τὴν
1103 245 1306 285 Φιλίππου
1340 245 1472 296 ῥώμην
1504 258 1524 292 3

143 310 328 362 διεξιέναι
353 312 414 352 καὶ
439 313 502 352 διὰ
527 311 676 352 τούτων
707 314 784 351 τῶν
817 312 951 363 λόγων
985 309 1220 363 προτρέπειν
1253 312 1300 350 τὰ
1333 310 1472 351 δέοντα

144 382 272 419 ποιεῖν
301 379 413 429 ὑμᾶς,
445 378 534 432 οὐχὶ
570 381 698 419 καλῶς
730 378 839 431 ἔχειν
870 378 1053 430 ἡγοῦμαι.
1124 379 1189 417 διὰ
1223 377 1278 424 τί;
1316 378 1376 417 ὅτι
1407 394 1473 428 μοι

144 448 251 486 δοκεῖ
274 444 389 485 πάνθ’
414 444 477 484 ὅσ’
502 445 550 486 ἂν
577 446 679 486 εἴποι
705 461 762 486 τις
787 445 884 496 ὑπὲρ
914 444 1075 489 τούτων,
1104 444 1239 497 ἐκείνῳ
1269 446 1341 494 μὲν
1366 443 1473 496 ἔχειν

107 528 124 560 5
145 512 390 565 φιλοτιμίαν,
411 512 503 563 ἡμῖν
530 511 562 552 δ’
583 511 671 564 οὐχὶ
698 514 828 553 καλῶς
848 513 1086 563 πεπρᾶχθαι.
1147 510 1167 549 ὁ
1190 511 1264 561 μὲν
1290 512 1365 562 γὰρ
1389 510 1471 564 ὅσῳ

145 578 296 619 πλείον’
321 579 418 631 ὑπὲρ
443 578 514 628 τὴν
546 577 660 629 ἀξίαν
690 578 879 628 πεποίηκε
911 577 983 627 τὴν
1011 578 1140 623 αὑτοῦ,
1168 577 1345 631 τοσούτῳ
1379 580 1469 617 θαυ-

144 645 387 697 μαστότερος
423 647 526 696 παρὰ
562 647 661 685 πᾶσι
696 645 907 695 νομίζεται·
951 644 1060 695 ὑμεῖς
1097 643 1128 684 δ’
1163 644 1245 698 ὅσῳ
1282 640 1470 696 χεῖρονῆ

145 713 320 763 προσῆκε
346 710 542 764 κέχρησθε
562 714 644 752 τοῖς
664 710 882 763 πράγμασι,
906 711 1083 765 τοσούτῳ
1103 709 1256 751 πλείον’
1275 710 1470 763 αἰσχύνην

145 776 370 830 ὠφλήκατε.
440 781 559 817 ταῦτα
592 779 664 828 μὲν
694 777 762 818 οὗν
792 778 1043 829 παραλείψω.
1117 777 1180 817 καὶ
1214 778 1289 829 γὰρ
1322 778 1355 816 εἰ
1387 776 1470 827 μετ’
1500 748 1582 848 ΞῙ9]

87 859 126 882 10
145 844 331 894 ἀληθείας
356 860 426 890 τις,
447 842 477 884 ὦ
497 843 635 896 ἄνδρες
654 842 870 894 Ἀθηναῖοι,
892 847 1094 889 σκοποῖτο,
1119 842 1267 884 ἐνθένδ’
1287 842 1335 883 ἂν
1353 842 1471 883 αὐτὸν

144 911 219 950 ’ίδοι
242 909 367 962 μέγαν
397 909 676 962 γεγενημένον,
704 910 792 963 οὐχὶ
824 909 912 961 παρ’
938 910 1067 949 αὑτοῦ.
1137 910 1192 949 ὧν
1222 909 1289 949 οὖν
1325 910 1472 950 ἐκεῖνος

143 979 216 1027 μὲν
251 977 409 1029 ὀφείλει
444 980 526 1018 τοῖς
560 978 655 1029 ὑπὲρ
689 976 808 1016 αὐτοῦ
840 975 1189 1026 πεπολιτευμένοις
1221 975 1351 1029 χάριν,
1382 976 1472 1026 ὑμῖν

145 1045 187 1083 δὲ
212 1043 324 1093 δίκην
349 1041 541 1094 προσήκει
569 1047 727 1093 λαβεῖν,
754 1043 903 1082 τούτων
929 1042 1017 1095 οὐχὶ
1043 1045 1109 1082 νῦν
1136 1042 1211 1094 ὁρῶ
1241 1041 1310 1082 τὸν
1341 1041 1474 1093 καιρὸν

145 1112 214 1149 τοῦ
242 1108 389 1161 λέγειν·
427 1109 451 1149 ἃ
475 1111 517 1149 δὲ
550 1109 612 1148 καὶ
645 1109 766 1162 χωρὶς
789 1109 938 1148 τούτων
971 1108 1041 1157 ἔνι,
1070 1109 1132 1148 καὶ
1166 1107 1332 1158 βέλτιόν
1361 1109 1474 1148 ἐστιν

88 1190 124 1222 15
145 1175 354 1226 ἀκηκοέναι
380 1174 530 1216 πάντας
554 1176 665 1226 ὑμᾶς,
686 1175 748 1215 καὶ
772 1174 924 1227 μεγάλ’,
947 1172 976 1213 ὦ
997 1174 1134 1227 ἄνδρες
1154 1174 1366 1225 Ἀθηναῖοι,
1392 1173 1474 1213 κατ’

145 1243 297 1282 ἐκείνου
334 1241 506 1294 φαίνοιτ’
540 1241 588 1281 ἂν
620 1242 751 1291 ὀνείδη
787 1240 1051 1292 βουλομένοις
1084 1242 1207 1293 ὀρθῶς
1239 1239 1471 1291 δοκιμάζειν,

144 1308 250 1367 ταῦτ]
278 1310 403 1348 εἰπεῖν
428 1307 680 1359 πειράσομαι.

195 1357 269 1445 Πὸ
299 1377 371 1425 μὲν
405 1374 473 1414 οὖν
509 1376 691 1427 ἐπίορκον
723 1373 914 1414 κᾶπιστον
946 1377 1080 1414 καλεῖν
1110 1373 1202 1414 ἄνευ
1231 1377 1299 1414 τοῦ
1327 1375 1375 1413 τὰ
1404 1391 1471 1414 πε-
1507 1389 1523 1426 5

146 1440 353 1493 πραγμένα
393 1440 586 1482 δεικνύναι
622 1442 824 1493 λοιδορίαν
861 1440 962 1481 εἶναί
995 1457 1052 1482 τις
1090 1440 1140 1480 ἂν
1177 1439 1323 1492 φήσειε
1360 1439 1475 1490 κενὴν

87 1521 126 1543 20
146 1508 314 1549 δικαίως·
356 1508 401 1548 τὸ
420 1510 461 1548 δὲ
484 1507 598 1548 πάνθ’
618 1509 696 1547 ὅσα
716 1506 864 1547 πώποτ’
887 1505 1031 1559 ἔπραξε
1051 1505 1247 1557 διεξιόντα
1268 1506 1332 1559 ἐφ’
1350 1505 1476 1548 ἅπασι

145 1574 297 1616 τούτοις
322 1574 519 1628 ἐλέγχειν,
547 1574 608 1614 καὶ
633 1573 810 1626 βραχέος
835 1573 958 1625 λόγου
984 1574 1198 1625 συμβαίνει
1223 1575 1390 1619 δεῖσθαι,
1414 1572 1476 1613 καὶ

146 1643 255 1681 δυοῖν
279 1633 384 1695 ἕνεχ’
404 1641 573 1694 ἡγοῦμαι
596 1640 816 1694 συμφέρειν
836 1641 1029 1692 εἰρῆσθαι,
1051 1643 1119 1680 τοῦ
1138 1640 1171 1679 τ’
1194 1641 1357 1686 ἐκεῖνον,
1379 1640 1476 1691 ὅπερ

147 1708 209 1747 καὶ
235 1708 379 1758 ἀληθὲς
402 1707 582 1761 ὑπάρχει,
609 1711 768 1760 φαῦλον
794 1707 1022 1760 φαίνεσθαι,
1051 1707 1112 1747 καὶ
1141 1706 1231 1748 τοὺς
1261 1707 1473 1758 ὑπερεκπε-

146 1774 396 1826 πληγμένους
423 1775 474 1816 ὡς
499 1774 656 1828 ἄμαχόν
681 1791 769 1815 τινα
797 1773 865 1814 τὸν
893 1774 1099 1815 Φίλιππον
1129 1774 1225 1814 ἰδεῖν
1254 1774 1314 1813 ὅτι
1347 1772 1476 1813 πάντα

88 1853 126 1885 25
147 1839 424 1891 διεξελήλυθεν
458 1843 515 1883 οἷς
551 1842 742 1893 πρότερον
781 1841 1119 1893 παρακρουόμενος
1155 1839 1278 1892 μέγας
1313 1838 1474 1890 ηὐξήθη,

148 1907 211 1946 καὶ
236 1907 331 1959 πρὸς
356 1907 476 1957 αὐτὴν
500 1908 585 1958 ἥκει
612 1907 683 1958 τὴν
707 1907 895 1957 τελευτὴν
920 1908 968 1946 τὰ
993 1906 1189 1959 πράγματ’
1215 1906 1330 1960 αὐτῷ.
1398 1906 1476 1957 ἐγὼ
1506 1909 1529 1943 6

147 1972 234 2025 γάρ,
276 1971 305 2012 ὦ
345 1973 482 2025 ἄνδρες
518 1973 733 2024 Ἀθηναῖοι,
774 1972 919 2026 σφόδρ’
955 1972 1004 2013 ἂν
1042 1972 1220 2025 ἡγούμην
1260 1969 1477 2012 καῖ’ῗαύτὸς

147 2039 326 2092 φοβερὸν
359 2040 427 2080 τὸν
458 2042 662 2080 Φίλιππον
693 2041 754 2080 καὶ
786 2040 1027 2091 θαυμαστόν,
1056 2040 1089 2079 εἰ
1119 2041 1167 2078 τὰ
1196 2040 1325 2079 δίκαια
1353 2036 1473 2088 πράτ-

147 2105 252 2146 τονθ’
277 2106 409 2158 ἑώρων
433 2104 666 2158 ηὐξημένον·
707 2110 774 2147 νῦν
793 2108 837 2147 δὲ
864 2109 1018 2158 θεωρῶν
1041 2106 1103 2145 καὶ
1129 2109 1288 2146 σκοπῶν
1309 2105 1475 2156 εὑρίσκω

88 2182 129 2213 30
147 2171 218 2222 τὴν
249 2174 321 2223 μὲν
353 2173 545 2225 ἡμετέραν
579 2173 758 2223 εὐήθειαν
789 2173 833 2212 τὸ
868 2171 948 2212 κατ’
983 2172 1118 2225 ἀρχάς,
1151 2171 1208 2211 ὅτ’
1241 2170 1476 2211 Ὀλυνθίους

190 2292 211 2321 4
236 2283 316 2313 εἴποι
334 2281 359 2312 S
375 2282 462 2321 vulg.
481 2293 487 2312 :
513 2284 585 2324 εἴπῃ
604 2282 634 2313 Ο
724 2283 797 2314 τινὰ
813 2286 891 2312 ante
910 2283 1001 2322 ἔχειν
1013 2281 1089 2312 add.
1110 2280 1141 2310 A
1158 2292 1164 2311 :
1191 2284 1267 2319 post
1286 2278 1475 2320 φιλοτιμίαν

148 2324 226 2356 add.
243 2325 331 2363 vulg.
349 2336 355 2355 :
380 2335 442 2355 om.
464 2325 497 2356 S¹
608 2335 645 2365 13
669 2325 791 2356 τούτων
807 2329 884 2355 ante
902 2326 975 2365 οὐχὶ
992 2325 1067 2355 add.
1089 2324 1177 2362 vulg.
1197 2335 1202 2355 :
1230 2332 1296 2354 om.
1316 2322 1349 2352 S¹
1366 2333 1372 2352 z
1398 2320 1474 2361 ὑπὲρ

147 2367 271 2399 τούτων
290 2368 356 2398 FY
508 2378 549 2407 23
573 2371 630 2401 τοῦ
646 2373 725 2399 ante
742 2369 816 2401 τοὺς
832 2369 907 2399 add.
927 2367 1015 2407 vulg.
1035 2378 1041 2397 :
1067 2377 1131 2397 om.
1152 2367 1176 2397 S
1323 2365 1367 2394 26
1390 2366 1474 2403 αὐτῷ

148 2410 236 2447 vulg.
251 2421 257 2441 ε
284 2413 380 2442 αὐτοῦ
398 2411 422 2441 S
