1763 2828
110 149 216 205 [103]

174 335 215 372 57

108 765 216 820 [104]

176 1131 220 1169 59

175 1597 222 1632 60

676 149 1161 188 ΔΗΜΟΣΘΕΝΟΥΣ
1482 140 1573 197 [vm

247 253 337 295 τοὺς
357 256 398 294 δὲ
415 253 466 304 μὴ
485 252 708 306 ἐπιτρέπειν
727 255 824 304 μηδὲ
846 252 1052 305 προΐεσθαι
1072 256 1193 293 ταῦτα
1213 252 1573 304 συμβουλεύοντας,

247 321 407 362 τούτους
435 320 503 361 τὸν
533 321 709 371 πόλεμον
737 319 920 370 ποιήσειν
951 321 1171 366 (ιίτιῖισθαι,·
1211 319 1288 372 ἐγὼ
1321 318 1478 370 διδάξω·
1515 321 1576 360 ὅτι

247 387 318 438 τὴν
344 387 464 439 ὀργὴν
490 386 537 437 ἣν
563 388 666 429 εἰκός
693 389 781 428 ἐστι
797 386 989 440 γενέσθαι
1013 385 1103 438 παρ’
1122 388 1242 437 ὑμῶν,
1264 386 1311 426 ἄν
1335 403 1371 426 τι
1394 389 1574 437 λυπῆσθε

247 457 300 508 τῷ
323 453 497 508 πολέμῳ,
519 456 574 496 εἷς
591 454 682 495 τοὺς
701 455 797 506 ὑπὲρ
812 455 919 504 ὑμῶν
937 454 1130 507 λέγοντας
1148 455 1196 493 τὰ
1215 452 1412 504 βέλτιστα
1430 452 1576 505 τρέψαι

247 521 476 572 βούλονται,
500 522 564 560 ἵνα
589 520 749 562 τούτους
776 522 941 573 κρίνητε,
968 521 1020 571 μὴ
1043 522 1246 561 Φίλιππον
1271 520 1484 571 ἀμύνησθε,
1515 520 1576 560 καὶ

248 590 521 640 κατηγορῶσιν
549 587 669 632 αὐτοί,
697 587 748 637 μὴ
775 589 886 638 δίκην
911 590 1033 628 δῶσιν
1058 588 1110 628 ῶν
1138 591 1295 628 ποιοῦσι
1322 590 1401 628 νῦν.
1471 586 1576 626 τοῦτ’

248 654 379 695 αὐτοῖς
409 654 569 694 δύναται
598 653 642 693 τὸ
674 653 809 706 λέγειν
840 654 891 696 ὡς
919 654 994 706 ἄρα
1022 655 1239 706 βούλονται
1267 655 1444 705 πόλεμόν
1473 670 1576 696 τινες

249 723 414 771 ποιῆσαι
439 720 528 772 παρ’
548 721 651 771 ὑμῖν,
677 722 740 761 καὶ
764 721 853 773 περὶ
878 721 1017 761 τούτου
1040 721 1063 771 ἡ
1085 722 1310 761 διαδικασία
1333 722 1429 771 αὕτη
1451 722 1574 761 ἐστίν.

250 789 327 839 ἐγὼ
361 787 393 826 δ’
425 786 497 826 οἶδ’
531 788 706 838 ἀκριβῶς
738 788 798 827 ὅτι
831 787 876 827 οὐ
906 787 1136 840 γράψαντος
1166 788 1386 838 Ἀθηναίων
1420 788 1577 829 οὐδενός

248 871 308 895 πω
329 855 519 904 πόλεμον,
543 854 605 894 καὶ
624 853 730 894 ἄλλα
751 855 885 894 πολλὰ
905 855 1106 896 Φίλιππος
1131 856 1216 907 ἔχει
1239 858 1317 894 τῶν
1336 857 1405 904 τῆς
1422 854 1578 895 πόλεως

251 921 311 961 καὶ
331 924 399 962 νῦν
419 922 473 962 εἷς
495 921 669 973 Καρδίαν
689 919 878 973 πέπομφε
898 920 1101 972 βοήθειαν.
1158 922 1190 962 εἰ
1209 920 1343 971 μέντοι
1362 920 1578 972 βουλόμεθ’

248 987 358 1038 ἡμεῖς
390 987 442 1038 μὴ
473 990 781 1039 προσποιεῖσθαι
814 991 1004 1038 πολεμεῖν
1033 987 1151 1028 αὐτὸν
1180 987 1285 1038 ἡμῖν,
1316 988 1579 1037 ἀνοητότατος

249 1054 406 1096 πάντων
442 1054 491 1095 ἂν
524 1056 581 1105 εἵη
618 1058 695 1095 τῶν
729 1055 853 1095 ὄντων
887 1054 1116 1106 ἀνθρώπων,
1152 1055 1185 1095 εἰ
1216 1052 1321 1094 τοῦτ’
1357 1051 1578 1106 ἐξελέγχοι.

250 1121 341 1161 ἀλλ’
368 1122 527 1162 ἐπειδὰν
557 1121 619 1162 ἐπ’
644 1120 783 1163 αὐτοὺς
811 1121 913 1172 ἡμᾶς
943 1123 994 1178 ἴῃ,
1022 1122 1062 1162 τί
1089 1120 1292 1173 φήσομεν;
1331 1122 1480 1162 ἐκεῖνος
1507 1122 1581 1171 μὲν

248 1189 323 1241 γὰρ
360 1187 404 1228 οὐ
440 1191 641 1239 πολεμεῖν,
681 1188 816 1240 ὥσπερ
851 1187 930 1228 οὐδ’
965 1188 1176 1240 Ὠρείταις,
1213 1191 1291 1228 τῶν
1327 1190 1580 1239 στρατιωτῶν

250 1256 375 1296 ὄντων
405 1256 447 1296 ἐν
475 1256 521 1311 τῇ
552 1255 675 1309 χώρᾳ,
706 1255 795 1296 οὐδὲ
820 1256 1005 1307 Φεραίοις
1033 1255 1235 1307 πρότερον,
1267 1251 1363 1306 πρὸς
1390 1255 1438 1294 τὰ
1466 1255 1578 1307 τείχη

249 1321 526 1375 προσβάλλων
552 1322 691 1368 αὐτῶν,
721 1321 798 1362 οὐδ’
824 1321 1050 1364 Ὀλυνθίοις
1080 1320 1127 1373 ἐξ
1148 1323 1285 1375 ἀρχῆς,
1313 1321 1386 1363 ἕως
1415 1321 1457 1361 ἐν
1481 1320 1580 1377 αὐτῇ

249 1389 295 1445 τῇ
337 1389 447 1443 χώρᾳ
488 1388 532 1429 τὸ
574 1387 800 1441 στράτευμα
841 1391 970 1441 παρῆν
1011 1389 1127 1442 ἔχων.
1197 1385 1220 1438 ἢ
1261 1389 1324 1429 καὶ
1363 1388 1449 1427 τότε
1489 1387 1580 1429 τοὺς

251 1455 468 1506 ἀμύνεσθαι
489 1456 722 1498 κελεύοντας
740 1456 917 1507 πόλεμον
937 1459 1065 1497 ποιεῖν
1086 1454 1268 1508 φήσομεν
1275 1471 1288 1502 ,·
1326 1454 1463 1495 οὐκοῦν
1483 1454 1578 1494 ὑπό-

249 1528 394 1563 λοιπον
427 1522 639 1563 δουλεύειν·
677 1521 722 1562 οὐ
754 1525 830 1575 γὰρ
863 1521 964 1563 ἄλλο
996 1522 1033 1575 γ’
1064 1522 1176 1563 οὐδέν
1208 1523 1297 1562 ἐστι
1329 1521 1481 1573 μεταξὺ
1513 1524 1581 1561 τοῦ

250 1588 338 1640 μήτ’
356 1589 574 1640 ἀμύνεσθαι
590 1588 679 1640 μήτ’
696 1589 806 1642 ἄγειν
822 1590 996 1643 ἡσυχίαν
1012 1590 1167 1630 ἐᾶσθαι.
1222 1589 1285 1630 καὶ
1301 1588 1377 1640 μὴν
1394 1587 1467 1642 οὐχ
1482 1589 1580 1639 ὑπὲρ

250 1659 327 1696 τῶν
352 1658 451 1697 ἴσων
476 1657 565 1707 ὑμῖν
591 1656 653 1696 καὶ
678 1660 759 1699 τοῖς
790 1656 930 1699 ἄλλοις
955 1656 1041 1697 ἔσθ’
1068 1657 1088 1696 ὁ
1115 1657 1303 1698 κίνδυνος·
1343 1655 1387 1695 οὐ
1410 1657 1485 1708 γὰρ
1510 1654 1580 1707 ὑφ’

251 1724 352 1778 αὑτῷ
381 1723 452 1773 τὴν
481 1723 599 1764 πόλιν
625 1723 870 1774 ποιήσασθαι
900 1724 1092 1774 βούλεται
1117 1724 1331 1769 Φίλιππος,
1359 1721 1452 1762 ἀλλ’
1477 1723 1581 1763 ὅλως

250 1790 419 1831 ἀνελεῖν.
492 1789 596 1830 οἶδεν
630 1793 705 1843 γὰρ
735 1792 908 1843 ἀκριβῶς
937 1791 997 1831 ὅτι
1030 1790 1231 1831 δουλεύειν
1259 1792 1332 1841 μὲν
1360 1791 1469 1840 ὑμεῖς
1501 1787 1580 1828 οὔτ’

250 1856 476 1908 ἐθελήσετε,
517 1857 611 1905 οὔτ’,
649 1857 697 1899 ἂν
735 1857 967 1908 ἐθελήσητε,
1008 1856 1279 1908 ἐπιστήσεσθε
1314 1855 1467 1910 (ἄρχειν
1506 1856 1581 1908 γὰρ

293 1977 312 1998 2
343 1967 490 2005 ποιήσειν
517 1967 600 1998 SL:
635 1971 737 2000 ποιεῖν
761 1972 837 1999 cett.
866 1974 898 1999 et
923 1978 944 1997 x
969 1969 1010 2007 58
1185 1977 1205 2006 3
1235 1966 1387 2008 ’γενέσθαι
1414 1965 1579 1997 SLAY:

247 2011 417 2052 γίγνεσθαι
442 2011 531 2051 vulg.
662 2014 746 2052 ὑμῶν
771 2011 885 2050 vulg:
920 2014 991 2048 ὑμῖν
1017 2011 1040 2041 S
1055 2011 1080 2041 L
1103 2011 1164 2042 soli
1328 2012 1351 2041 6
1382 2015 1459 2050 post
1483 2022 1580 2048 κατη-

248 2057 389 2096 γορῶσιν
410 2055 485 2085 add.
507 2054 567 2096 μὲν
590 2055 678 2094 vulg.
700 2067 706 2086 ε
731 2066 797 2086 om.
819 2056 841 2085 S
856 2055 880 2085 L
899 2055 960 2086 soli
1096 2060 1172 2094 post
1195 2054 1286 2092 δίκην
1308 2054 1382 2084 add.
1410 2053 1445 2086 δὲ
1466 2053 1579 2092 vulg.:

249 2107 313 2128 om.
343 2097 405 2128 SL
613 2099 633 2129 8
663 2100 714 2131 καὶ
740 2100 807 2140 περὶ
831 2123 837 2129 .
859 2123 866 2130 .
887 2124 893 2130 .
921 2099 1011 2131 ἐστίν
1034 2099 1114 2129 secl.
1146 2098 1312 2128 Benseler
1464 2096 1581 2128 τούτου

252 2141 379 2171 SLA:
412 2142 536 2175 τούτων
561 2143 650 2182 vulg.
852 2152 892 2172 10
923 2156 970 2174 πω
995 2153 1059 2173 om.
1087 2142 1198 2181 vulg.:
1231 2141 1306 2172 add.
1336 2140 1409 2171 51,ι
1435 2139 1510 2177 soli,
1537 2140 1577 2171 cf.

252 2195 273 2215 x
289 2186 333 2215 60
514 2196 552 2226 14
579 2186 657 2219 τότε
680 2191 757 2226 post
779 2186 926 2227 φήσομεν
949 2186 1025 2217 add.
1044 2185 1139 2215 AY:
1164 2195 1228 2215 om.
1251 2185 1274 2215 S
1288 2185 1323 2215 L¹
1339 2183 1421 2216 Bo.
1439 2184 1478 2214 cs.
1498 2193 1519 2213 x
1536 2184 1581 2214 60

256 2238 292 2267 15
325 2235 403 2269 post
427 2233 584 2270 πολεμεῖν
607 2230 682 2261 add.
713 2230 788 2269 ἡμῖν
812 2229 990 2260 ABYO:
1020 2230 1096 2268 ἡμῖν
1122 2230 1188 2270 ἐρεῖ
1209 2228 1296 2266 vulg.
1319 2240 1326 2259 z
1350 2237 1414 2258 om.
1443 2226 1518 2257 SL¹
1545 2231 1579 2257 et

252 2283 273 2302 x
290 2274 328 2303 61
422 2274 501 2314 ⁷611]
519 2284 583 2305 om.
606 2274 629 2303 S
647 2274 679 2304 in
698 2283 720 2303 x
736 2275 774 2303 61
919 2274 957 2302 16
987 2273 1140 2314 πρότερον
1158 2295 1164 2302 .
1185 2295 1192 2302 .
1213 2295 1219 2302 .
1241 2271 1463 2313 προσβάλλων
1481 2269 1553 2300 SL'
1573 2282 1580 2300 z

251 2317 406 2358 πρότερον
428 2319 499 2359 πρὶν
521 2319 540 2356 ἢ
558 2342 565 2349 .
585 2341 592 2348 .
614 2341 620 2347 .
643 2319 842 2358 προσβαλεῖν
864 2321 956 2353 cett..
978 2316 1018 2347 cf.
1039 2327 1060 2346 x
1077 2317 1114 2346 61
1300 2324 1336 2353 17
1366 2315 1404 2346 ἂν
1425 2318 1500 2353 post
1523 2313 1581 2346 ἕως

251 2360 327 2391 add.
347 2361 435 2399 vulg.
454 2372 459 2390 :
485 2371 550 2391 om.
571 2361 594 2391 S
610 2361 634 2390 L
648 2360 674 2390 Β
851 2370 892 2390 22
916 2362 986 2399 ὑμῖν
1005 2359 1091 2398 vulg.
1110 2370 1116 2389 :
1141 2359 1216 2397 ἡμῖν
1234 2358 1257 2388 S
1271 2358 1296 2388 L
1416 2363 1491 2396 post
1509 2359 1580 2395 ὑμῖν

251 2405 372 2477 3ῗάτὲ
389 2404 474 2443 vulg.
493 2416 500 2434 z
525 2415 589 2435 om.
611 2404 635 2435 S
649 2404 674 2434 L
824 2413 866 2441 25
891 2403 1106 2441 ἐπιστήσεσθε
1127 2402 1149 2430 S
1163 2402 1188 2432 L
1201 2402 1232 2432 A
1249 2413 1255 2432 :
1281 2402 1457 2433 ἐπίστασθε
1475 2400 1578 2439 vulg„

252 2458 269 2477 C
287 2472 293 2478 ι
313 2459 333 2477 X
375 2459 393 2477 2

1600 871 1640 894 10

1603 1203 1640 1237 ¹5

1603 1538 1642 1560 20

1603 1871 1640 1903 25
