1747 2844
180 130 297 181 xvm}
490 135 632 172 ΠΕΡΙ
682 133 803 171 ΤΟΎ
854 134 1191 171 ΣΤΕΦΑΝΟὙ

177 246 266 279 προς
286 230 382 279 ἡμᾶς
402 231 647 279 ἐπιβαλλεται
669 231 913 279 καταστῆσαι,
936 246 1234 278 παρεσκευασται
1257 230 1294 268 δὲ
1317 230 1374 266 καὶ
1394 248 1466 268 παι
1469 248 1500 268 τι

176 286 225 334 τῷ
247 300 493 333 στρατευματι
516 285 606 333 πρὸς
630 284 714 324 τοίς
742 284 897 336 ἔγγιστα
923 285 986 332 τῆς
1012 282 1181 331 Αττικῆς
1207 285 1502 336 παραγίγνεσθαι

1535 135 1646 189 [282]

175 339 320 382 τόπους,
341 339 581 387 παραβαινων
600 340 665 378 τὰς
689 339 781 387 πρὸς
804 339 899 387 ἡμᾶς
924 338 1164 387 ὑπαρχούσας
1185 339 1281 388 αὐτῷ
1306 338 1500 387 συνθήκας,
1533 338 1645 391 [283]

176 391 348 443 δεδόχθαι
365 395 413 443 τῇ
430 393 557 443 βουλῇ
583 392 640 429 καὶ
666 395 717 443 τῷ
742 392 843 443 δήμῳ
869 392 1013 441 πέμψαι
1038 392 1129 440 πρὸς
1149 392 1259 429 αὐτὸι
1280 409 1416 441 κήρυκα
1444 393 1501 430 καὶ

138 459 155 491 5
175 447 364 496 πρέσβεις,
379 446 507 487 οἵτινες
519 446 720 492 ἀξιώσουσι
737 446 796 483 καὶ
808 446 1137 495 παρακαλέσουσιν
1149 447 1258 484 αὐτὸν
1270 446 1502 495 ποιήσασθαι

174 502 239 541 τὰς
259 501 403 552 ἀνοχάς,
422 500 517 541 ὅπως
538 500 779 551 ἐνδεχομένως
800 501 818 537 ὃ
838 500 952 549 δῆμος
971 500 1238 549 βουλεύσηται·
1272 501 1329 538 καὶ
1349 502 1420 552 γὰρ
1440 503 1503 539 νῦν

175 557 217 593 οὗ
242 555 381 605 κέκρικε
403 555 558 604 βοηθεῖν
579 557 616 592 ἐν
635 554 752 593 οὐδενὶ
774 557 845 593 τῶν
864 554 1030 604 μετρίων.
1089 552 1277 604 ᾑρέθησαν
1297 557 1335 591 ἐκ
1358 555 1502 604 βουλῆς

176 610 345 660 Νέαρχος
366 610 592 658 Σωσινόμου,
608 609 853 658 Πολυκράτης
871 607 1106 659 Ἐπίφρονος,
1125 607 1184 646 καὶ
1206 609 1319 659 κῆρυξ
1337 610 1503 660 Εὔνομος

174 662 450 712 Ἀναφλύστιος
471 666 509 700 ἐκ
528 665 592 700 τοῦ
613 660 754 714 δήμου.]

118 774 155 796 10
241 755 345 809 Λέγε
370 756 416 807 δὴ
442 756 503 796 καὶ
529 758 596 798 τὰς
621 757 863 809 ἀποκρίσεις.

589 871 812 900 ΑΠΟΚΡῙΣῙΣ
844 870 1084 912 ᾼΘΗΝΑῙΟῙΣ.

227 930 425 982 [Βασιλεὺς
455 932 678 970 Μακεδόνων
704 933 892 972 Φίλιππος
920 931 1126 981 Ἀθηναίων
1150 935 1198 983 τῇ
1224 933 1351 984 βουλῇ
1371 934 1429 972 καὶ
1455 937 1504 984 τῷ

174 986 276 1038 δήμῳ
299 987 449 1037 χαίρειν.
507 986 552 1035 ἦν
570 989 638 1036 μὲν
659 986 720 1024 ἀπ’
747 988 862 1037 ἀρχῆς
886 986 1001 1037 εἴχετε
1027 987 1119 1036 πρὸς
1144 988 1240 1037 ἡμᾶς
1267 988 1418 1037 αἵρεσιν,
1440 989 1504 1025 οὐκ

175 1042 304 1092 ἀγνοῶ,
328 1041 386 1079 καὶ
412 1041 492 1079 τίνα
520 1040 686 1089 σπουδὴν
705 1040 891 1079 ἐποιεῖσθε
916 1041 1253 1090 προσκαλέσασθαι
1278 1042 1503 1091 βουλόμενοι

117 1111 153 1142 15
174 1095 382 1135 Θετταλοὺς
407 1096 466 1133 καὶ
489 1096 690 1144 Θηβαίους,
712 1096 763 1133 ἔτι
791 1094 828 1133 δὲ
857 1095 915 1133 καὶ
942 1096 1134 1135 Βοιωτούς·
1164 1096 1319 1144 βέλτιον
1339 1094 1368 1133 δ’
1388 1098 1504 1134 αὐτῶν

175 1150 408 1198 φρονούντων
429 1150 488 1186 καὶ
514 1150 566 1199 μὴ
586 1150 827 1200 βουλομένων
847 1148 906 1198 ἐφ’
926 1150 1011 1199 ὑμῖν
1030 1149 1263 1198 ποιήσασθαι
1282 1149 1350 1198 τὴν
1369 1152 1504 1189 ἑαυτῶν

175 1204 328 1252 αἵρεσιν,
350 1205 451 1241 ἀλλὰ.
477 1205 568 1241 κατὰ
594 1204 636 1242 τὸ
660 1204 855 1253 συμφέρον
877 1204 1093 1253 ἱσταμένων,
1115 1206 1177 1242 νῦν
1197 1204 1238 1249 ἐξ
1261 1205 1503 1254 ὑποστροφῆς

175 1258 463 1298 ἀποστείλαντες
495 1260 596 1308 ὑμεῖς
629 1259 720 1307 πρός
753 1275 798 1307 με
832 1258 1011 1307 πρέσβεις
1046 1258 1104 1295 καὶ
1139 1259 1277 1307 κήρυκα
1311 1258 1503 1307 συνθηκῶν

173 1314 419 1362 μνημονεύετε
460 1313 518 1350 καὶ
556 1314 619 1352 τὰς
659 1313 795 1363 ἀνοχὰς
832 1312 1006 1356 αἰτεῖσθε,
1047 1312 1122 1350 κατ’
1161 1312 1264 1350 οὐδὲν
1301 1311 1364 1361 ὑφ’
1401 1314 1504 1362 ἡμῶν

115 1384 155 1407 20
173 1367 541 1417 πεπλημμελημένοι.
632 1368 701 1418 ἐγὼ
758 1367 882 1416 μέντοι
930 1367 1094 1406 ἀκούσας
1145 1369 1217 1405 τῶν
1263 1368 1503 1416 πρεσβευτῶν

173 1421 488 1473 συγκατατίθεμαι
511 1423 587 1461 τοῖς
611 1421 952 1470 παρακαλουμένοις
980 1420 1039 1458 καὶ
1063 1421 1206 1469 ἕτοιμός
1226 1422 1298 1470 εἶμι
1317 1421 1503 1459 ποιεῖσθαι

172 1477 237 1515 τὰς
262 1476 408 1526 ἀνοχάς,
435 1477 478 1513 ἄν
502 1492 570 1524 περ
594 1475 678 1515 τοὺς
702 1476 767 1512 οὐκ
792 1474 906 1524 ὀρθῶς
931 1475 1260 1524 συμβουλεύοντας
1283 1476 1368 1524 ὑμῖν
1386 1492 1503 1525 παρα-

172 1530 382 1579 πέμψαντες
401 1531 464 1578 τῆς
485 1530 751 1579 προσηκούσης
773 1529 918 1578 ἀτιμίας
939 1529 1132 1578 ἀξιώσητε.
1193 1528 1380 1581 ἔρρωσθε]

603 1643 824 1672 ΑΠΟΚΡΙΣΙΣ
858 1644 1064 1672 ΘΗΒΑΙΟΙΣ.

113 1725 150 1757 25
226 1704 424 1749 [Βασιλευς
453 1706 674 1745 Μακεδόνων
703 1707 890 1745 Φίλιππος
919 1707 1095 1774 Θηβαίων
1123 1708 1169 1756 τῇ
1197 1707 1325 1757 βουλῇ
1361 1705 1419 1744 καὶ
1451 1709 1501 1757 τῷ

172 1760 282 1828 δήμω
299 1778 449 1811 χαιρειν.
509 1761 740 1810 ἐκομισάμην
759 1777 826 1809 την
844 1758 929 1809 παρ’
955 1761 1055 1809 ὑμῶν
1076 1762 1290 1810 ἐπιστολήν,
1312 1758 1355 1798 δι’
1378 1759 1420 1810 ἧς
1438 1777 1501 1810 μοι

171 1815 238 1863 τὴν
268 1815 440 1864 ὁμόνοιαν
469 1815 527 1853 καὶ
556 1814 623 1863 τὴν
652 1815 796 1864 εἰρήνην
826 1814 1059 1852 ἀνανεουσθε.
1120 1814 1348 1864 πυνθάνομαι
1376 1815 1501 1864 μέντοι

172 1868 263 1907 διότι
282 1871 409 1907 πᾶσαν
428 1887 447 1906 1
449 1887 512 1918 μιν
531 1867 721 1918 Αθηναῖοι
741 1869 1017 1918 προσφερονται
1038 1868 1256 1918 φιλοτιμίαν
1274 1869 1501 1918 βουλόμενοι

171 1924 264 1972 ὑμᾶς
296 1924 562 1974 συγκαταίνους
595 1923 769 1974 γενέσθαι
800 1923 875 1962 τοῖς
908 1921 968 1959 ὑπ’
1002 1924 1119 1960 αὐτῶν
1148 1924 1499 1972 παρακαλουμένοις.

112 1992 153 2022 30
171 1978 349 2027 πρότερον
368 1979 436 2027 μὲν
456 1977 518 2015 οὖν
537 1978 637 2026 ὑμῶν
662 1979 957 2028 κατεγίγνωσκον
978 1977 1037 2014 ἐπὶ
1060 1979 1109 2027 τῷ
1132 1978 1288 2026 μέλλειν
1305 1976 1501 2014 πείθεσθαι

171 2033 250 2071 ταῖς
270 2032 412 2070 ἐκείνων
433 2032 560 2069 ἐλπίσι
586 2031 645 2068 καὶ
669 2031 934 2069 ἐπακολουθεῖν
954 2032 1073 2069 αὐτῶν
1091 2033 1138 2081 τῇ
1157 2031 1380 2081 προαιρέσει.
1439 2033 1501 2069 νῦν

171 2084 201 2122 δ’
222 2086 389 2137 ἐπιγνοὺς
412 2087 505 2136 ὑμᾶς
527 2087 573 2124 τὰ
599 2086 690 2134 πρὸς
710 2085 805 2134 ἡμᾶς
833 2085 1053 2134 ἐζητηκότας
1074 2085 1169 2136 ἔχειν
1189 2086 1333 2134 εἰρήνην
1351 2087 1501 2134 μᾶλλον

216 2198 233 2226 7
259 2189 307 2220 ἐπ’
326 2190 426 2220 οὐδενὶ
447 2189 583 2219 Dobree
677 2189 715 2219 18
736 2188 854 2230 κήρυκα
873 2189 999 2219 Reiske
1016 2201 1023 2219 τ
1047 2190 1183 2229 κήρυκας
1201 2189 1298 2219 codd.
1392 2199 1430 2227 27
1450 2190 1499 2221 καὶ

171 2232 232 2270 τὴν
250 2232 375 2273 εἰρήνην
392 2233 581 2264 ἀνανεοῦσθε
596 2232 682 2270 vulg.
702 2231 726 2261 L
743 2242 828 2263 corr.
845 2233 869 2262 F
881 2243 967 2264 corr.
987 2244 993 2263 ε
1018 2234 1209 2264 ἀνανεοῦσθε
1226 2233 1276 2264 καὶ
1295 2232 1356 2270 τὴν
1373 2232 1501 2273 εἰρήνην

173 2285 246 2304 cum
264 2279 428 2314 sequente
446 2275 564 2306 lacuna
580 2274 610 2313 Q
627 2285 633 2304 :
658 2276 708 2306 καὶ
726 2276 787 2314 τὴν
805 2276 933 2317 εἰρήνην
949 2285 1023 2306 oum
1042 2281 1207 2314 sequente
1225 2275 1344 2305 lacuna
1364 2275 1401 2305 L¹
1418 2287 1424 2306 t
1449 2277 1499 2307 καὶ

171 2319 231 2356 τὴν
248 2319 515 2359 εἰρήνηντωσεμοι
535 2321 599 2350 εἴτε
618 2318 666 2356 8¹,
682 2323 761 2348 ante
785 2332 847 2350 τως
871 2320 948 2350 add.
967 2319 1001 2350 ὅν
1026 2329 1066 2348 m.
1088 2329 1153 2349 rec.
1172 2330 1178 2349 2
1210 2320 1260 2350 καὶ
1286 2319 1347 2356 τὴν
1373 2320 1499 2361 εἰρήνην

172 2361 269 2393 ὅντως
288 2364 426 2393 ἐποιεῖτε
443 2361 607 2393 Voemel:
631 2362 821 2393 ἀνανεοῦσθε
847 2364 896 2394 καὶ
922 2363 982 2401 τὴν
1008 2362 1134 2403 εἰρήνην
1160 2361 1258 2394 ὄντως
1284 2362 1351 2402 ἐμοὶ
1377 2365 1498 2395 ποιεῖτε

174 2404 322 2434 Dindorf

1536 758 1602 791 166
