1763 2828
112 1597 198 1652 [⁵6]

182 2265 202 2298 Ο)

878 557 915 594 V

565 684 707 725 ΠΕΡΙ
774 680 889 725 ΤΗΣ
953 679 1227 726 ΕΙΡΗΝΗΣ

789 815 1008 844 ΎΠΟΘΕΣῙΣ.

286 890 552 939 Μηκυνομένου
590 891 654 927 τοῦ
692 889 859 938 πολέμου
897 891 962 926 τοῦ
1000 888 1083 937 περὶ
1120 887 1384 937 Ἀμφιπόλεως
1423 889 1564 938 εἰρήνης

230 945 469 994 ἐπεθύμησαν
499 943 518 981 ὅ
546 961 586 981 τε
615 943 800 983 Φίλιππος
835 943 894 980 καὶ
923 944 957 980 οἳ
985 941 1184 991 Ἀθηναῖοι,
1217 943 1251 979 οἱ
1279 943 1346 991 μὲν
1374 941 1564 991 Ἀθηναῖοι

231 1003 346 1039 κακῶς
380 1002 418 1036 ἐν
445 1001 496 1048 τῷ
528 998 680 1049 πολέμῳ
711 997 919 1047 φερόμενοι,
953 998 972 1034 ὃ
1001 996 1039 1034 δὲ
1068 997 1253 1036 Φίλιππος
1281 997 1512 1046 βουλόμενος
1541 997 1564 1034 ἃ

230 1055 415 1104 ὑπέσχετο
443 1054 644 1092 Θετταλοῖς
671 1069 712 1090 τε
739 1051 798 1089 καὶ
824 1051 1006 1100 Θηβαίοις
1033 1051 1256 1089 ἐπιτελέσαι.
1313 1051 1499 1102 ὑπέσχετο
1526 1051 1564 1089 δὲ

229 1111 304 1148 τοῖς
327 1109 394 1158 μὲν
413 1107 595 1156 Θηβαίοις
614 1105 842 1157 Ὀρχομενὸν
861 1105 1094 1154 παραδώσειν
1115 1105 1174 1142 καὶ
1195 1105 1413 1154 Κορώνειαν,
1436 1106 1564 1145 πόλεις

232 1163 417 1206 Βοιωτίας,
434 1162 657 1211 ἀμφοτέροις
677 1160 714 1198 δὲ
733 1161 797 1199 τὸν
816 1161 981 1198 Φωκικὸν
997 1160 1220 1198 καταλύσειν
1239 1159 1416 1208 πόλεμον.
1455 1162 1564 1198 τοῦτο

230 1216 259 1255 δ’
278 1217 322 1266 ἦν
338 1217 515 1255 ἀδύνατον
530 1217 628 1265 αὐτῷ
646 1215 835 1264 πολεμίων
851 1215 963 1252 ὄντων
978 1213 1192 1263 Ἀθηναίων·
1223 1213 1281 1251 καὶ
1300 1215 1371 1265 γὰρ
1386 1214 1564 1263 πρότερον

229 1271 431 1321 βουληθεὶς
462 1271 657 1319 εἰσβαλεῖν
687 1271 735 1310 εἰς
763 1269 830 1317 τὴν
859 1268 1014 1316 Φωκίδα,
1038 1271 1110 1307 τῶν
1138 1267 1343 1316 Ἀθηναίων
1371 1271 1563 1317 περιπλευ-

229 1327 375 1364 σάντων
407 1328 486 1365 ταῖς
519 1324 648 1363 ναυσὶν
682 1326 730 1364 εἰς
763 1325 827 1363 τὰς
861 1323 1088 1372 καλουμένας
1123 1324 1262 1370 Πύλας,
1297 1321 1357 1360 ὑπ’
1391 1323 1492 1361 ἐνίων
1526 1322 1563 1360 δὲ

230 1381 487 1430 Θερμοπύλας,
529 1378 767 1427 ἀπεκρούσθη
811 1379 876 1426 τῆς
923 1377 1079 1415 εἰσόδου.
1156 1380 1218 1415 νῦν
1258 1377 1380 1414 τοίνυν
1420 1377 1564 1426 εἰρήνην

230 1435 480 1484 ποιησάμενος
500 1434 590 1482 πρὸς
609 1433 693 1472 τοὺς
712 1431 940 1481 Ἀθηναίους,
962 1431 1117 1480 μηδενὸς
1141 1432 1345 1470 κωλύοντος
1369 1431 1564 1480 παρελθὼν

231 1490 317 1527 εἵσω
353 1491 500 1535 Πυλῶν,
538 1488 580 1526 τὸ
614 1487 768 1525 Φωκέων
803 1486 904 1526 ἔθνος
938 1487 1147 1523 ἀνάστατον
1180 1486 1368 1534 πεποίηκε,
1405 1485 1463 1523 καὶ
1496 1486 1564 1533 τὴν

229 1544 414 1581 Φωκεων’
399 1560 436 1581 εν
450 1545 526 1582 τοῖς
540 1541 792 1590 Ἀμφικτύοσι
807 1557 930 1591 χωραν
946 1540 1004 1578 καὶ
1023 1557 1088 1579 τας
1108 1540 1250 1578 ἐκείνων
1266 1542 1303 1577 ἐν
1317 1542 1368 1589 τῷ
1389 1539 1564 1590 συνεδρίῳ

229 1599 377 1664 ψήφους
410 1598 509 1646 παρὰ
541 1599 612 1634 τῶν
644 1597 770 1633 ἄλλων
800 1594 992 1644 (Ελλήνων
1024 1594 1167 1643 ειληφε.
1223 1594 1399 1642 πέπομφε
1433 1593 1471 1631 δὲ
1505 1594 1564 1631 καὶ

228 1654 319 1702 πρὸς
347 1650 564 1700 Ἀθηναίους
594 1651 782 1699 πρέσβεις,
815 1650 924 1695 ἀξιῶν
954 1648 1012 1686 καὶ
1041 1649 1170 1687 αὐτοις
1202 1651 1316 1686 ταῦτα
1344 1650 1561 1699 συγχωρεῖν.

230 1724 288 1745 και
309 1708 328 1744 ὁ
349 1705 552 1755 Δημοσθει
554 1722 595 1754 ης
618 1706 788 1754 παραινεῖ
805 1705 1020 1755 συγχωρεῖι,
1045 1704 1087 1740 οὐ
1106 1705 1157 1752 τῶ
1179 1719 1368 1754 πραγματι
1388 1703 1564 1740 σινιστά-

229 1777 335 1810 μενος
347 1762 393 1800 ὡς
407 1760 520 1809 ὀρθῶς
535 1760 666 1810 ἔχοντι,
680 1758 763 1797 οὐδὲ
776 1758 913 1796 δίκαιον
927 1757 1016 1795 εἶναι
1032 1758 1151 1808 λέγων
1163 1757 1329 1807 μετέχειν
1340 1755 1564 1805 (Ελληνικοῦ

229 1815 419 1864 συνεδρίου
427 1815 490 1852 τὸν
497 1813 704 1858 ΒΙακεδόνα,
716 1814 817 1850 ἀλλὰ
831 1812 981 1850 δεδιέναι
995 1812 1151 1860 φάσκων
1162 1811 1215 1860 μὴ
1229 1811 1563 1862 καταναγκασθῶσι

230 1870 349 1908 κοινὸν
368 1869 535 1918 πόλεμον
554 1885 645 1916 προς
665 1869 827 1907 ἅπαντας
847 1883 930 1906 τοις
944 1866 1166 1914 ’Έλληνας
1155 1865 1261 1915 ε’χειν.
1319 1882 1563 1914 προσκεκρου-

230 1941 327 1962 κεναι
356 1925 429 1975 γὰρ
455 1924 556 1974 λεγει
584 1925 660 1962 τοῖς
689 1921 898 1970 Ἀθηναιοις
925 1922 1063 1960 ἄλλους
1093 1918 1135 1957 δι’
1163 1921 1281 1959 ἄλλας
1309 1920 1408 1959 τινὰς
1434 1919 1561 1958 αἰτιας·

229 1980 378 2018 τούτους
407 1977 451 2026 δὴ
482 1979 584 2027 κοινῇ
613 1977 852 2025 πολεμήσειι,
884 1977 913 2012 εἰ
942 1977 1063 2014 αὐτοῖς
1093 1974 1269 2023 δώσομεν,
1301 1974 1409 2022 φησί,
1440 1973 1564 2021 κοινὴν

230 2033 348 2071 αἰτίαν
369 2033 504 2081 ταύτην
521 2029 599 2069 κα’θ
619 2032 730 2099 ημῶν,
747 2030 802 2067 ὅτι
821 2047 891 2079 μοι
894 2047 926 2067 οι
946 2031 1021 2069 τοῖς
1040 2031 1111 2066 τῶν
1126 2027 1437 2077 Ἀμφικτυόνων’
1421 2044 1458 2065 ει
1461 2028 1563 2065 ιστά-

230 2087 326 2137 μεθα
361 2087 555 2139 δόγμασιν·
614 2086 710 2124 ὥστε
740 2085 896 2121 κάλλιον
924 2100 991 2131 την
1021 2083 1165 2132 εἰρήνην
1193 2084 1325 2131 τηρεῖν,
1357 2081 1416 2118 καὶ
1449 2084 1563 2119 ταῑτα

231 2142 420 2179 Φιλιππου
426 2139 745 2209 παρεληλυθότος
765 2139 851 2176 εἵσω
873 2140 1010 2175 Πυλῶν
1031 2137 1089 2174 καὶ
1113 2136 1281 2174 ἐπελθεῖν
1301 2135 1498 2184 δυναμένου
1518 2138 1564 2185 τῇ

231 2196 428 2246 Αττικῇ,’
415 2195 438 2245 ὴ
459 2195 542 2244 περὶ
561 2196 692 2244 μικροῦ
711 2195 929 2241 τηλικοιτον
951 2191 1113 2229 κίνδυνον
1133 2190 1305 2239 ἅρασθαι.

287 2249 405 2290 Οἰτος
434 2248 463 2287 δ
492 2251 512 2287 ὁ
541 2249 654 2300 λόγος
686 2245 986 2296 παρεσκευάσθαι
1019 2263 1095 2293 μεν,
1128 2246 1170 2282 οὗ
1197 2244 1270 2292 μὴν
1299 2242 1471 2292 εἰρῆσθαί
1500 2259 1564 2291 μοι

233 2304 340 2342 δοκεῖ.
400 2306 612 2355 κατηγορῶν
640 2303 711 2353 γὰρ
740 2302 760 2339 ὃ
788 2301 907 2350 ῥήτωρ
937 2299 1118 2350 Αἰσχινου
1149 2298 1207 2335 καὶ
1235 2300 1343 2336 τοῦτο
1371 2298 1464 2346 μετὰ
1492 2299 1564 2334 τῶν

235 2360 361 2396 ἄλλων
383 2360 494 2395 αἰτου
520 2356 769 2405 διαβάλλει,
757 2355 812 2394 ότι
838 2354 1087 2402 συνεβοῑλευε
1113 2351 1332 2390 Φιλιππον
1336 2349 1564 2401 Α·μφικτιον’

234 2430 324 2452 ειναι
345 2412 598 2462 ψηφιἍσασθαι
617 2411 771 2460 μηδενὸς
793 2410 912 2446 ἄλλοι
932 2410 1141 2456 τολμωντος
1162 2424 1247 2445 τοιτ
1249 2405 1561 2457 ἐισηγήσασθαι,

1587 1392 1625 1414 10

1586 1662 1622 1692 Ῑ5

1586 1933 1624 1955 20
