1747 2844
207 134 325 188 XV111]
520 142 664 180 ΠΕΡΙ
713 143 832 182 ΤΟΎ
880 146 1218 186 ΣΤΕΦΑΝΟὙ
1561 155 1664 210 [271]

203 241 235 281 δ’
273 243 368 294 ὑπὲρ
410 247 487 284 τῶν
531 246 683 298 ἐχθρῶν
722 251 901 299 φανερῶς
937 249 1152 303 ἀπεδείχθη
1190 252 1383 303 πράττων,
1423 257 1528 295 ταῦτ’

202 308 429 359 ἀναμνήσω.

266 376 338 417 Τίς
363 377 437 428 γὰρ
461 378 569 428 ὑμῶν
593 378 660 417 οὐκ
691 378 795 420 οἶδεν
820 380 886 421 τὸν
911 382 1237 435 ἀποψηφισθέντ’
1264 385 1526 439 Ἀντιφῶντα,
1564 407 1627 442 132

200 440 243 483 ὃς
276 443 614 495 ἐπαγγειλάμενος
647 447 834 501 Φιλίππῳ
871 449 919 487 τὰ
955 449 1084 501 νεώρι’
1119 451 1335 503 ἐμπρήσειν
1370 455 1424 496 εἰς
1457 455 1528 505 τὴν

159 527 176 558 5
197 509 317 549 πόλιν
350 507 490 558 ἦλθεν;
539 510 584 550 ὃν
616 512 818 562 λαβόντος
851 515 946 564 ἐμοῦ
979 517 1242 568 κεκρυμμένον
1276 521 1318 560 ἐν
1348 523 1528 573 Πειραιεῖ

197 574 259 614 καὶ
298 575 622 626 καταστήσαντος
660 579 714 619 εἰς
753 578 824 629 τὴν
861 581 1077 632 ἐκκλησίαν
1112 587 1223 635 βοῶν
1258 587 1278 625 ὁ
1319 586 1527 637 βάσκανος

195 641 307 683 οὗτος
327 642 389 682 καὶ
407 643 614 695 κεκραγώς,
634 643 685 686 ὡς
707 646 750 685 ἐν
769 648 1007 702 δημοκρατίᾳ
1026 652 1134 690 δεινὰ
1153 655 1250 692 ποιῶ
1271 653 1360 695 τοὺς
1379 654 1523 708 ἠτυχη-

195 708 310 749 κότας
345 712 424 749 τῶν
456 713 631 750 πολιτῶν
664 712 835 763 ὑβρίζων
873 715 935 755 καὶ
971 715 1031 756 ἐπ’
1064 718 1187 759 οἰκίας
1222 720 1397 769 βαδίζων
1432 721 1524 762 ἄνευ

193 775 470 825 ψηφίσματος,
498 776 695 828 ἀφεθῆναι
725 779 926 830 ἐποίησεν.
997 783 1059 823 καὶ
1091 785 1124 823 εἶ
1153 785 1205 835 μὴ
1230 785 1253 836 ἡ
1278 787 1408 837 βουλὴ
1432 788 1455 838 ἡ
1482 788 1529 839 ἐξ
1559 806 1622 841 133

134 857 170 878 10
190 839 345 891 Ἀρείου
364 840 492 893 πάγου
512 842 556 883 τὸ
577 844 722 896 πρᾶγμ’
743 846 958 899 αἰσθομένη
980 850 1042 889 καὶ
1061 850 1132 900 τὴν
1151 852 1341 904 ὑμετέραν
1359 853 1524 906 ἄγνοιαν

191 907 233 946 ἐν
258 905 302 946 οὐ
328 906 456 948 δέοντι
483 914 787 961 συμβεβηκυῖαν
819 914 958 955 ἰδοῦσα
982 915 1199 967 ἐπεζήτησε
1223 918 1291 959 τὸν
1316 919 1524 971 ἄνθρωπον

190 972 252 1012 καὶ
279 975 533 1025 συλλαβοῦσ’
555 976 806 1031 ἐπανήγαγεν
833 980 884 1022 ὡς
908 983 1018 1032 ὑμᾶς,
1039 982 1255 1035 ἐξήρπαστ’
1275 984 1323 1026 ἂν
1349 987 1370 1025 ὁ
1394 992 1519 1028 τοιοῦ-

188 1055 254 1081 τος
294 1041 356 1081 καὶ
393 1041 437 1081 τὸ
476 1043 586 1093 δίκην
624 1047 758 1085 δοῦναι
797 1047 928 1090 διαδὺς
965 1047 1225 1101 ἐξεπέπεμπτ’
1261 1051 1310 1093 ἂν
1342 1053 1417 1094 ὑπὸ
1453 1058 1522 1094 τοῦ

188 1107 439 1159 σεμνολόγου
480 1112 647 1151 τουτουί·
698 1115 766 1152 νῦν
807 1113 841 1152 δ’
878 1115 987 1165 ὑμεῖς
1030 1118 1362 1168 στρεβλώσαντες
1403 1120 1520 1162 αὐτὸν

128 1187 164 1219 15
187 1173 453 1220 ἀπεκτείνατε,
478 1175 529 1217 ὡς
555 1176 632 1217 ἔδει
658 1195 704 1230 γε
731 1180 792 1219 καὶ
816 1184 966 1222 τοῦτον.
1031 1188 1239 1236 τοιγαροῦν
1264 1187 1387 1226 εἰδυῖα
1411 1188 1519 1227 ταῦθ’
1554 1201 1618 1237 134

185 1238 207 1288 ἡ
232 1240 363 1290 βουλὴ
389 1241 411 1291 ἡ
438 1239 486 1291 ἐξ
507 1242 660 1294 Ἀρείου
685 1244 815 1297 πάγου
838 1248 928 1288 τότε
953 1249 1075 1303 τούτῳ
1096 1251 1364 1303 πεπραγμένα,
1386 1270 1516 1306 χειρο-

184 1305 438 1355 τονησάντων
457 1308 574 1350 αὐτὸν
594 1312 700 1361 ὑμῶν
721 1312 904 1354 σύνδικον
924 1316 1021 1367 ὑπὲρ
1039 1320 1106 1356 τοῦ
1126 1319 1229 1369 ἱεροῦ
1247 1322 1314 1358 τοῦ
1333 1320 1373 1360 ἐν
1395 1319 1517 1375 Δήλῳ

184 1371 261 1412 ἀπὸ
291 1375 359 1422 τῆς
392 1374 509 1424 αὐτῆς
538 1376 699 1428 ἀγνοίας
729 1377 858 1431 ἧσπερ
882 1383 1016 1421 πολλὰ
1046 1381 1233 1434 προΐεσθε
1258 1388 1335 1426 τῶν
1361 1390 1514 1433 κοινῶν,

184 1437 235 1479 ὡς
265 1441 530 1491 προσείλεσθε
563 1443 744 1495 κάκείνην
771 1446 833 1486 καὶ
863 1450 930 1486 τοῦ
961 1447 1187 1500 πράγματος
1221 1452 1356 1502 κυρίαν
1382 1453 1514 1504 ἐποιή-

124 1518 162 1540 20
183 1521 291 1550 σατε,
323 1510 461 1547 τοῦτον
494 1510 566 1558 μὲν
600 1509 712 1552 εὐθὺς
746 1511 953 1563 ἀπήλασεν
985 1514 1035 1555 ὡς
1067 1517 1276 1566 προδότην,
1308 1517 1515 1576 (Ὑπερείδῃ

180 1573 222 1611 δὲ
247 1571 381 1624 λέγειν
401 1573 633 1625 προσέταξε·
673 1578 734 1617 καὶ
760 1578 866 1618 ταῦτ’
886 1580 963 1620 ἀπὸ
989 1584 1056 1620 τοῦ
1074 1585 1215 1633 βωμοῦ
1240 1583 1419 1636 φέρουσα
1444 1586 1515 1636 τὴν

179 1639 323 1690 ψῆφον
349 1639 505 1691 ἔπραξε,
529 1643 592 1682 καὶ
618 1642 780 1695 οὐδεμία
806 1648 946 1698 ψῆφος
972 1646 1119 1700 ἠνέχθη
1146 1653 1198 1703 τῷ
1224 1655 1349 1705 μιαρῷ
1375 1653 1512 1707 τούτῳ.
1546 1654 1656 1709 [272]

181 1705 256 1744 Καὶ
281 1705 340 1745 ὅτι
366 1707 471 1746 ταῦτ’
498 1709 624 1758 ἀληθῆ
651 1710 770 1763 λέγω,
799 1711 910 1753 κάλει
937 1713 1084 1755 τούτων
1109 1716 1198 1757 τοὺς
1222 1717 1429 1770 μάρτυρας.
1547 1734 1608 1771 135

732 1842 948 1873 ΜΑΡΤΥΡΕΣ.

119 1907 133 1928 2
139 1906 156 1937 5
232 1899 489 1946 [Μαρτυροῦσι
502 1900 736 1949 Δημοσθένει
751 1904 842 1953 ὑπὲρ
859 1906 1028 1945 ἁπάντων
1041 1908 1126 1953 οἵδε,
1144 1911 1315 1950 Καλλίας
1329 1912 1509 1955 Σουνιεύς,

177 1951 302 1999 Ζήνων
322 1954 473 1997 Φλυεύς,
492 1955 624 1993 Κλέων
643 1958 846 2006 Φαληρεύς,
869 1961 1077 2009 Δημόνικος
1098 1964 1352 2013 Μαραθώνιος,
1370 1965 1425 2003 ὅτι
1444 1968 1509 2003 τοτῗ1

177 2004 293 2054 δήμου
319 2008 407 2044 ποτὲ
436 2010 763 2058 χειροτονήσαντος
790 2014 974 2064 Αἰσχίνην
1001 2016 1173 2055 σύνδικον
1200 2020 1290 2067 ὑπὲρ
1318 2022 1383 2057 τοῦ
1413 2020 1508 2069 ἱεροῦ

175 2062 239 2096 τοῦ
253 2062 290 2097 ἐν
304 2061 417 2111 Δήλῳ
435 2063 484 2102 εἷς
498 2063 581 2103 τοὺς
593 2062 866 2112 Ἀμφικτύονας
879 2069 1186 2119 συνεδρεύσαντες
1201 2073 1305 2121 ἡμεῖς
1319 2074 1507 2123 ἐκρίναμεν

223 2173 234 2193 Ι
262 2165 420 2206 φανερῶς]
443 2169 583 2207 καθαρῶς
605 2167 703 2198 Blass
726 2179 799 2200 cum
816 2170 906 2210 Aug.
924 2183 942 2202 2
961 2172 991 2211 Q
1009 2174 1084 2204 coll.
1105 2175 1163 2203 xix
1187 2176 1259 2213 263,
1283 2177 1379 2207 xxxii
1405 2188 1441 2207 21
1462 2179 1503 2209 al.

175 2217 193 2244 4
218 2208 259 2238 τὰ
277 2206 413 2248 ὑμέτερα
430 2215 505 2247 pOSt
525 2212 698 2251 ἐμπρήσειν
715 2213 790 2244 add.
809 2214 899 2253 vulg.
915 2227 920 2247 :
949 2226 1013 2246 Om.
1037 2218 1059 2245 S
1075 2217 1101 2246 L
1119 2217 1153 2246 ΙΓΙ
1170 2218 1210 2247 Β1
1225 2219 1266 2256 Q¹
1377 2231 1414 2259 13
1441 2224 1503 2262 ἐξε-

174 2249 335 2289 πέπεμπτ’
354 2250 482 2283 Cobet:
511 2253 699 2292 ἐξεπέμπετ’
717 2256 813 2287 codd.
940 2260 978 2288 16
1002 2260 1042 2291 τὰ
1059 2265 1138 2290 ante
1155 2261 1231 2292 τότε
1249 2263 1323 2293 add.
1344 2264 1369 2293 L
1388 2265 1477 2303 vulg.
1497 2277 1504 2296 ε

174 2302 237 2322 om.
254 2293 277 2321 S
392 2295 428 2323 18
445 2293 549 2337 ἧσπερ
568 2296 591 2326 S
606 2297 631 2326 L
644 2297 708 2336 FQ
726 2310 732 2328 :
749 2298 853 2342 ἧσπερ
871 2301 964 2334 ἕνεκα
976 2303 1018 2338 A,
1036 2303 1074 2333 cs.
1095 2307 1109 2341 ξ
1128 2314 1206 2335 100:
1227 2305 1280 2346 ἀφ’
1294 2305 1397 2349 ἧσπερ
1410 2309 1504 2347 vulg.

173 2336 320 2375 προΐεσθε
335 2337 360 2366 L
374 2336 464 2376 vulg.
481 2350 487 2369 t
512 2352 644 2380 προιστε
660 2340 697 2370 S²
711 2340 745 2370 Γ]
762 2341 808 2381 Q:
834 2347 982 2384 προεῖσθε
996 2346 1026 2375 Α
1043 2346 1067 2376 L
1080 2359 1130 2388 γρ.
1228 2358 1266 2387 19
1290 2351 1502 2391 προσείλεσθε

174 2377 285 2410 Wolf:
312 2381 497 2421 προείλεσθε
516 2382 610 2413 codd.

1315 2435 1377 2469 17*
