1763 2828
71 133 186 186 [295]

119 253 189 286 204

67 371 188 426 [296]

118 922 184 958 205

120 1646 189 1681 206

72 2012 188 2067 [297]

119 2079 187 2112 207

646 130 1131 169 ΔΗΜΟΣΘΕΝΟΎΣ
1428 128 1546 179 {xvm

223 237 503 277 κινδυνεύουσα
550 235 678 277 πάντα
725 236 794 276 τὸν
840 236 964 275 αἰῶνα
1005 234 1261 276 διατετέλεκε.
1333 235 1397 276 καὶ
1437 235 1545 276 ταῦθ’

221 305 320 344 οὕτω
359 305 486 354 σεμνὰ
525 304 586 343 καὶ
621 302 875 355 προσήκοντα
909 305 990 344 τοῖς
1029 301 1229 354 ὑμετέροις
1263 301 1403 353 ἤθεσιν
1438 303 1547 354 ὑμεῖς

219 370 517 422 ὑπολαμβάνετ’
558 370 657 411 εἶναι
696 371 802 410 ὥστε
838 369 900 409 καὶ
939 373 1017 409 τῶν
1056 370 1263 422 προγόνων
1300 369 1390 411 τοὺς
1426 373 1547 410 ταῦτα

220 437 444 489 πράξαντας
482 437 645 488 μάλιστ’
682 438 891 477 ἐπαινεῖτε.
963 437 1134 478 εἰκότως·
1189 438 1248 478 τίς
1282 438 1357 489 γὰρ
1394 436 1461 476 οὐκ
1498 435 1547 477 ἂν

219 503 417 557 ἀγάσαιτο
436 508 515 544 τῶν
541 506 691 556 ἀνδρῶν
716 505 877 544 ἐκείνων
900 506 969 554 τῆς
994 504 1145 555 ἀρετῆς,
1168 504 1203 544 οἳ
1231 504 1292 543 καὶ
1316 503 1388 553 τὴν
1412 504 1546 556 χώραν
1567 522 1584 553 5

219 572 282 612 καὶ
307 571 379 621 τὴν
404 572 524 611 πόλιν
550 572 726 611 ἐκλιπεῖν
749 570 962 621 ὑπέμειναν
988 572 1043 612 εἷς
1067 572 1136 612 τὰς
1154 570 1325 623 τριήρεις
1349 570 1546 621 ἐμβάντες

217 640 314 690 ὑπὲρ
340 642 409 678 τοῦ
440 638 492 689 μὴ
519 637 563 677 τὸ
591 638 851 688 κελευόμενον
884 640 1062 688 ποιῆσαι,
1089 637 1158 677 τὸν
1188 640 1262 689 μὲν
1295 641 1416 677 ταῦτα
1446 655 1543 688 συμ-

218 706 500 756 βουλεύσαντα
548 704 832 755 Θεμιστοκλέα
879 704 1102 757 στρατηγδν
1151 705 1347 755 ἑλόμενοι,
1396 704 1464 745 τὸν
1513 705 1546 743 δ’

217 773 429 812 ὑπακούειν
483 770 793 823 ἀποφηνάμενον
846 775 928 813 τοῖς
976 771 1295 822 ἐπιταττομένοις
1344 773 1546 822 Κυρσίλον

221 838 578 884 καταλιθώσαντες,
606 839 650 878 οὐ
682 839 805 888 μόνον
838 837 969 884 αὐτόν,
995 839 1102 878 ἀλλὰ
1137 839 1198 878 καὶ
1228 841 1267 879 αἱ
1300 841 1481 890 γυναῖκες
1506 840 1546 878 αἱ

218 905 401 957 ὑμέτεραι
426 905 497 955 τὴν
523 904 672 957 γυναῖκ’
698 904 828 945 αὐτοῦ.
901 905 946 944 οὐ
970 906 1045 957 γὰρ
1069 904 1229 954 ἐζήτουν
1255 906 1292 945 οἱ
1315 904 1396 945 τότ’
1424 904 1543 955 Ἀθη-

219 975 320 1012 ναῖοι
358 973 447 1013 οὔτε
485 971 617 1024 ῥήτορ’
655 972 745 1012 οὔτε
785 971 1008 1024 στρατηγὸν
1045 970 1092 1011 δι’
1130 972 1222 1012 ὅτου
1260 972 1547 1012 δουλεύσουσιν

219 1039 402 1092 εὐτυχῶς,
426 1039 517 1079 ἀλλ’
536 1039 624 1079 οὐδὲ
647 1039 719 1089 ζῆν
739 1038 886 1089 ἠξίουν,
910 1039 943 1078 εἰ
966 1038 1019 1089 μῗ]
1038 1038 1121 1089 μετ’
1142 1039 1366 1091 ἐλευθερίας
1388 1037 1548 1089 ἐξέσται

217 1110 330 1146 τοῦτο
367 1109 507 1146 ποιεῖν.
579 1106 713 1157 ἡγεῖτο
750 1107 826 1158 γὰρ
861 1105 989 1145 αὐτῶν
1022 1106 1189 1147 ἕκαστος
1221 1105 1311 1159 οὐχὶ
1344 1109 1397 1160 τῷ
1429 1105 1547 1157 πατρὶ

220 1173 280 1213 καὶ
306 1173 352 1229 τῇ
377 1174 494 1224 μητρὶ
519 1173 641 1223 μόνον
667 1175 922 1225 γεγενῆσθαι,
945 1173 1051 1212 ἀλλὰ
1073 1173 1135 1213 καὶ
1158 1173 1205 1229 τῇ
1230 1173 1400 1224 πατρίδι.
1462 1174 1545 1212 δια-

219 1240 333 1292 φέρει
371 1242 411 1280 δὲ
449 1241 506 1287 τί;
559 1241 618 1280 ὅτι
658 1240 678 1279 ὁ
715 1242 787 1291 μὲν
825 1243 907 1281 τοῖς
945 1243 1108 1291 γονεῦσι
1144 1239 1266 1290 μόνον
1306 1241 1547 1292 γεγενῆσθαι

220 1308 388 1357 νομίζων
426 1306 496 1348 τὸν
537 1309 606 1356 τῆς
648 1305 882 1359 εἱμαρμένης
921 1306 982 1346 καὶ
1018 1305 1086 1347 τὸν
1123 1306 1342 1358 αὐτόματον
1376 1306 1548 1347 θάνατον

219 1373 433 1426 περιμένει,
461 1374 481 1413 ὁ
507 1376 548 1415 δὲ
576 1375 638 1415 καὶ
663 1374 709 1431 τῇ
735 1375 904 1426 πατρίδι,
931 1375 1027 1424 ὑπὲρ
1053 1377 1121 1413 τοῦ
1153 1373 1205 1424 μὴ
1230 1374 1374 1424 ταύτην
1399 1374 1548 1414 ἐπιδεῖν

220 1442 488 1481 δουλεύουσαν
522 1442 790 1498 ἀποθνῄσκειν
825 1440 1026 1491 ἐθελήσει,
1056 1442 1117 1481 καὶ
1143 1440 1425 1493 φοβερωτέρας
1448 1439 1544 1493 ἡγή-

220 1525 332 1548 σεται
368 1510 436 1550 τὲις
473 1509 610 1560 ὕβρεις
650 1508 711 1548 καὶ
748 1510 817 1550 τὰς
853 1508 1020 1558 ἀτιμίας,
1061 1509 1105 1549 ἃς
1143 1509 1183 1548 ἐν
1221 1507 1463 1563 δουλευούσῃ
1500 1512 1548 1564 τῇ

220 1575 337 1615 πόλει
362 1574 498 1627 φέρειν
523 1575 687 1627 ἀνάγκη,
714 1578 782 1614 τοῦ
808 1574 989 1615 θανάτου.

290 1643 336 1682 Εἰ
372 1645 444 1693 μὲν
477 1644 609 1682 τοίνυν
642 1641 745 1681 τοῦτ’
781 1643 1010 1694 ἐπεχείρουν
1047 1641 1194 1694 λέγειν,
1230 1642 1281 1683 ὡς
1315 1636 1392 1693 ἐγὼ
1426 1640 1545 1693 προή-

220 1725 345 1761 γαγον
380 1710 478 1759 ὑμᾶς
515 1708 605 1759 ἄξια
640 1712 719 1749 τῶν
755 1710 962 1761 προγόνων
998 1712 1173 1761 φρονεῖν,
1210 1709 1277 1748 οὐκ
1314 1707 1400 1749 ἔσθ’
1437 1709 1549 1749 ὅστις

221 1776 288 1815 οὐκ
313 1775 360 1816 ἂν
386 1777 544 1818 εἰκότως
570 1775 816 1827 ἐπιτιμήσειέ
848 1793 927 1826 μοι.
999 1780 1067 1816 νῦν
1094 1776 1126 1815 δ’
1154 1777 1231 1828 ἐγὼ
1263 1777 1334 1827 μὲν
1359 1774 1549 1827 ὑμετέρας

221 1844 290 1884 τὰς
322 1844 504 1885 τοιαύτας
538 1842 788 1895 προαιρέσεις
823 1844 1047 1895 ἀποφαίνω,
1086 1843 1148 1882 καὶ
1184 1842 1354 1893 δείκνυμ’
1389 1843 1449 1882 ὅτι
1487 1842 1548 1881 καὶ

221 1910 296 1962 πρὸ
330 1911 422 1961 ἐμοῦ
455 1909 557 1950 τοῦτ’
585 1911 692 1963 εἶχεν
724 1910 769 1950 τὸ
795 1910 963 1961 φρόνημ’
990 1911 1012 1960 ἡ
1039 1911 1167 1956 πόλις,
1195 1912 1263 1960 τῆς
1295 1909 1431 1960 μέντοι
1464 1911 1545 1949 δια-

223 1978 354 2018 κονίας
395 1979 464 2027 τῆς
508 1976 572 2030 ἐφ’
616 1976 798 2019 ἑκάστοις
840 1980 918 2017 τῶν
961 1977 1248 2029 πεπραγμένων
1291 1978 1353 2017 καὶ
1396 1978 1547 2030 ἐμαυτῷ

220 2045 399 2094 μετεῖναί
427 2049 542 2096 φημι·
582 2044 694 2086 οὗτος
720 2046 760 2084 δὲ
786 2048 862 2083 τῶν
893 2045 997 2084 ὅλων
1025 2048 1251 2096 κατηγορῶν
1283 2045 1344 2084 καὶ
1376 2043 1548 2084 κελεύων

220 2112 318 2161 ὑμᾶς
351 2112 437 2161 ἐμοὶ
473 2115 618 2163 πικρῶς
651 2111 759 2164 ἔχειν
794 2111 843 2153 ὡς
870 2112 1015 2163 φόβων
1051 2112 1111 2151 καὶ
1145 2111 1332 2152 κινδύνων
1367 2110 1475 2164 αἰτίῳ
1501 2110 1547 2165 τῇ

264 2230 284 2250 2
309 2220 414 2252 ἔθεσιν
432 2219 472 2260 O,
493 2220 533 2250 cf.
556 2223 571 2257 ξ
593 2230 649 2258 114
783 2230 802 2258 5
828 2220 983 2260 ἀγασθείη
1001 2219 1109 2250 Cobet
1250 2229 1272 2258 9
1294 2222 1361 2251 τοῖς
1379 2220 1548 2250 ἐπιταττο-

219 2263 326 2303 μένοις
360 2269 434 2302 post
467 2263 712 2304 ἀποφηνάμενον
743 2263 816 2294 add.
848 2262 956 2292 SLA
987 2263 1154 2302 Dionys:
1193 2267 1272 2293 ante
1303 2262 1549 2302 ἀποφηνάμενον

221 2307 336 2345 vulg.:
368 2318 433 2338 orn.
462 2307 628 2346 Harpocr.
653 2318 677 2337 s.
695 2318 724 2337 v.
751 2307 910 2348 Κυρσίλον
1091 2317 1128 2337 10
1159 2306 1417 2338 καταλεύσαντες
1441 2304 1548 2335 Cobet

226 2361 263 2388 13
288 2353 430 2389 εὐτυχῶς
448 2361 510 2381 om.
534 2352 557 2380 S
572 2351 609 2380 L¹
781 2361 817 2380 21
845 2353 902 2381 τοῦ
920 2351 1055 2382 θανάτου
1072 2355 1148 2389 post
1167 2350 1289 2390 ἀνάγκη
1306 2349 1382 2379 add.
1402 2348 1425 2379 S
1442 2349 1466 2378 L
1479 2349 1510 2378 A
1524 2348 1549 2378 F

222 2393 312 2432 vulg.
330 2404 336 2423 τ
362 2398 437 2432 post
455 2393 615 2434 ἡγήσεται
635 2393 775 2433 Dionys,
794 2403 800 2424 ε
825 2403 890 2424 om,
909 2393 939 2424 O
1058 2403 1098 2432 24
1125 2394 1299 2433 ἐπετίμησε
1315 2392 1387 2422 ΑΥ
1406 2392 1546 2431 Dionys.

1570 855 1608 878 10

1570 1187 1607 1220 15

1570 1523 1608 1545 20

1570 1855 1609 1886 25
