1763 2828
145 142 248 197 [κω

207 591 249 629 53

205 925 247 961 54

684 134 1200 189 [ΔΗΜΟΣΘΕΝΟΎΣ
1559 132 1598 187 μ

280 246 328 287 ἄν
352 262 388 286 τι
419 245 472 296 μὴ
497 248 566 286 νῦν
595 243 976 297 ἐπανορθωσώμεθα·
1015 242 1151 283 ἔπειτα
1184 243 1426 293 προστασίαι
1453 243 1603 283 πολλαὶ

282 313 344 353 καὶ
369 312 620 365 πανταχόθεν
645 312 861 364 γίγνονται,
890 310 952 350 καὶ
976 312 1045 349 τοῦ
1068 309 1279 361 πρωτεύειν
1313 309 1603 350 ἀντιποιοῦνται

279 382 352 431 μὲν
371 378 525 425 πάντες,
549 380 752 432 ἀφεστᾶσι
777 376 810 418 δ’
830 377 943 431 ἔργῳ,
968 376 1031 417 καὶ
1058 378 1253 428 φθονοῦσι
1278 375 1340 416 καὶ
1365 376 1602 417 ἀπιστοῦσιν

280 447 423 492 αὑτοῖς,
461 446 533 499 οὐχ
572 446 630 487 οἷς
668 445 758 490 ἔδει,
799 444 860 484 καὶ
898 443 1090 496 γεγόνασι
1129 442 1212 483 καθ’
1248 441 1388 485 αὐτοὺς
1427 443 1600 489 ἕκαστοι,

281 512 468 566 Ἀργεῖοι,
487 514 678 563 Θηβαῖοι,
698 510 1012 561 Λακεδαιμόνιοι,
1029 511 1241 562 Κορίνθιοι,
1260 508 1458 560 Ἀρκάδες,
1476 509 1602 560 ἡμεῖς.
1622 523 1641 555 5

281 579 372 620 ἀλλ’
397 579 501 630 ὅμως
527 580 581 620 εἷς
610 581 784 619 τοσαῦτα
814 576 911 630 μέρη
943 577 1004 618 καὶ
1034 576 1230 619 τοσαύτας
1260 576 1490 618 δυναστείας
1518 578 1600 632 διῃ-

277 646 458 699 ρημένων
483 641 573 696 [τῶν
597 644 844 695 Ἑλληνικῶν
874 641 1141 696 πραγμάτων],
1171 644 1204 683 εἰ
1234 645 1295 683 δεῖ
1322 643 1473 693 τάληθῆ
1504 644 1604 694 μετὰ

279 713 500 765 παρρησίας
534 712 671 757 εἰπεῖν,
702 713 750 752 τὰ
779 709 869 763 παρ’
898 709 1032 750 οὐδέσι
1060 710 1210 750 τούτων
1240 710 1380 762 ἀρχεῖα
1410 708 1472 749 καὶ
1505 713 1600 759 βου-

278 777 449 830 λευτήρι’
474 777 674 830 ἐρημότερ’
700 777 747 818 ἄν
780 793 838 819 τις
872 779 946 817 ἴδοι
980 779 1057 816 τῶν
1082 775 1331 826 Ἑλληνικῶν
1364 775 1603 828 πραγμάτων

279 842 302 894 ἢ
335 847 382 884 τὰ
414 844 504 897 παρ’
537 845 642 895 ἡμῖν,
679 845 849 886 εἰκότως·
893 844 983 884 οὔτε
1015 845 1090 895 γὰρ
1125 846 1256 895 φιλῶν
1287 843 1376 883 οὔτε
1403 843 1604 883 πιστεύων

280 912 368 952 οὔτε
394 911 646 964 φοβούμενος
670 910 794 952 οὐδεὶς
818 910 910 961 ἡμῖν
936 909 1172 961 διαλέγεται.
1232 910 1357 949 αἴτιον
1385 911 1428 950 δὲ
1456 909 1603 949 τούτων

279 978 353 1031 οὐχ
382 979 437 1024 ἕν,
465 976 494 1018 ὦ
520 977 658 1029 ἄνδρες
683 977 898 1028 Ἀθηναῖοι,
925 974 1070 1030 (ῥᾴδιον
1102 977 1178 1028 γὰρ
1202 975 1250 1016 ἂν
1284 974 1330 1024 ἦν
1363 976 1453 1026 ὑμῖν
1484 991 1601 1026 μετα-

280 1042 429 1095 θεῖναι),
456 1045 563 1085 ἆλλᾶ
592 1045 726 1085 πολλὰ
757 1045 818 1084 καὶ
848 1043 1079 1084 παντοδαπὰ
1105 1043 1147 1081 ἐκ
1177 1041 1323 1084 παντὸς
1350 1041 1604 1094 ἡμαρτημένα

278 1115 347 1151 τοῦ
378 1112 534 1164 χρόνου,
565 1112 621 1151 ὧν
649 1110 694 1151 τὸ
724 1110 808 1151 καθ’
839 1110 1008 1150 ἕκαστον
1038 1108 1171 1155 ἐάσας,
1205 1109 1260 1151 εἷς
1284 1107 1305 1148 ὃ
1330 1107 1459 1149 πάντα
1485 1109 1605 1149 τείνει

279 1177 395 1228 λέξω,
417 1177 568 1229 δεηθεὶς
586 1178 705 1229 ὑμῶν,
733 1177 782 1218 ἂν
801 1175 908 1229 λέγω
928 1177 1079 1226 τάληθῆ
1103 1176 1204 1226 μετὰ
1222 1176 1456 1227 παρρησίας,
1482 1177 1604 1225 μηδὲν

279 1246 530 1299 ἀχθεσθῆναί
548 1261 627 1296 μοι.
688 1243 881 1296 πέπραται
905 1244 954 1283 τὰ
981 1241 1222 1294 συμφέροντ’
1243 1241 1308 1294 ἐφ’
1334 1240 1502 1283 ἑκάστου
1527 1244 1605 1281 τῶν

281 1315 435 1363 καιρῶν,
476 1312 538 1352 καὶ
575 1309 836 1364 μετειλήφαθ’
873 1310 982 1361 ὑμεῖς
1020 1311 1092 1360 μὲν
1128 1308 1200 1359 τὴν
1236 1307 1394 1362 σχολὴν
1434 1308 1495 1349 καὶ
1533 1306 1605 1358 τὴν

278 1378 466 1431 ἡσυχίαν,
505 1377 574 1431 ὑφ’
611 1379 665 1419 ὧν
708 1375 966 1429 κεκηλημένοι
1007 1379 1088 1418 τοῖς
1127 1377 1329 1416 ἀδικοῦσιν
1371 1374 1417 1415 οὐ
1460 1377 1606 1427 πικρῶς

279 1445 405 1498 ἔχετε,
432 1445 558 1496 ἕτεροι
582 1446 624 1486 δὲ
648 1446 719 1487 τὰς
742 1445 856 1495 τιμὰς
881 1443 1056 1496 ἔχουσιν.
1116 1442 1180 1483 καὶ
1203 1443 1251 1482 τὰ
1280 1443 1352 1493 μὲν
1378 1442 1466 1493 περὶ
1489 1440 1605 1481 τᾶλλ’

279 1511 347 1552 οὐκ
373 1508 483 1561 ἄξιον
509 1509 696 1562 ἐξετάσαι
722 1513 803 1551 νῦν·
841 1509 933 1550 ἀλλ’
953 1508 1112 1551 ἐπειδάν
1130 1525 1166 1549 τι
1186 1512 1264 1549 τῶν
1284 1508 1380 1561 πρὸς
1400 1509 1605 1549 Φίλιππον

280 1576 445 1634 ἐμπέσῃ,
485 1577 596 1620 εὐθὺς
632 1575 806 1619 ἀναστάς
843 1592 900 1617 τις
937 1575 1046 1628 λέγει
1084 1575 1135 1618 ὡς
1171 1575 1215 1615 οὐ
1251 1578 1311 1616 δεῖ
1344 1578 1480 1627 ληρεῖν
1516 1574 1604 1616 οὐδὲ

279 1644 450 1697 γράφειν
491 1644 678 1695 πόλεμον,
719 1643 904 1695 παραθεὶς
944 1641 1086 1684 εὐθέως
1125 1641 1214 1693 ἑξῆς
1251 1642 1296 1682 τὸ
1333 1641 1406 1692 τὴν
1448 1640 1604 1694 εἰρήνην

279 1710 390 1763 ἄγειν
416 1710 466 1753 ὡς
498 1709 647 1763 ἀγαθὸν
669 1709 730 1750 καὶ
756 1709 800 1749 τὸ
825 1708 987 1761 τρέφειν
1010 1708 1191 1761 μεγάλην
1216 1708 1378 1759 δύναμιν
1405 1707 1456 1749 ὡς
1480 1712 1601 1761 χαλε-

278 1778 367 1824 πόν,
412 1777 473 1818 καὶ
514 1779 525 1795 ‘
540 1776 765 1829 διαρπάζειν
807 1778 909 1818 τινὲς
950 1777 999 1816 τὰ
1037 1774 1221 1829 χρήματα
1258 1773 1504 1825 βούλονται,’
1542 1775 1604 1815 καὶ

280 1843 427 1887 ἄλλους
460 1844 604 1897 λόγους
637 1843 688 1886 ὡς
721 1843 804 1884 οῗόν
836 1843 869 1883 τ’
895 1841 1190 1892 ἀληθεστάτους
1222 1840 1426 1895 λέγουσιν.
1497 1840 1604 1881 ἀλλὰ

279 1913 340 1952 δεῖ
369 1910 493 1961 δήπου
522 1910 593 1961 τὴν
624 1912 695 1961 μὲν
722 1909 879 1961 εἰρήνην
905 1909 1015 1962 ἄγειν
1045 1908 1118 1962 οὐχ
1150 1909 1249 1959 ὑμᾶς
1278 1909 1440 1954 πείθειν,
1467 1907 1504 1948 οἳ
1533 1924 1600 1948 πε-

321 2030 339 2050 2
363 2021 598 2053 ἀντιποιοῦνται
615 2023 695 2051 ante
711 2018 771 2058 μὲν
789 2018 812 2050 S
825 2019 856 2049 A
871 2017 971 2049 Vind.
994 2027 1005 2047 1
1022 2028 1028 2049 :
1055 2022 1130 2057 post
1146 2016 1206 2057 μὲν
1222 2016 1310 2056 vulg.
1474 2025 1495 2055 3
1519 2016 1602 2058 ἔργῳ

278 2063 370 2095 Weil
386 2075 393 2094 :
418 2063 493 2096 ἔνιοι
511 2063 608 2095 codd.
707 2073 726 2100 4
752 2061 797 2095 οἷς
814 2061 907 2093 Weil
924 2060 1000 2092 coll.
1020 2061 1053 2091 ix
1071 2070 1132 2100 35:
1159 2062 1199 2093 ὡς
1217 2060 1315 2093 codd.
1408 2069 1424 2098 7
1449 2062 1513 2091 τῶν
1531 2061 1600 2091 Ἐλ-

277 2110 417 2146 ληνικῶν
441 2107 638 2149 πραγμάτων
661 2105 867 2137 secludenda
891 2115 966 2136 esse
991 2105 1078 2136 coni.
1099 2104 1191 2136 Weil
1322 2103 1342 2133 8
1374 2102 1481 2135 οὐδέσι
1500 2102 1603 2133 SAF

278 2161 364 2182 corr.
383 2162 390 2181 :
415 2152 517 2183 οὐδενὶ
534 2150 623 2189 vulg.
804 2159 840 2187 14
875 2148 908 2180 ἓν
932 2152 1009 2188 post
1034 2147 1130 2180 ἐάσας
1153 2147 1227 2178 add.
1247 2146 1361 2186 vulg.:
1385 2156 1449 2176 om.
1469 2145 1492 2176 S
1509 2145 1602 2176 solus

277 2194 382 2227 πάντα
396 2193 555 2227 τείνειΑῐ
579 2196 642 2226 πᾶν
658 2192 754 2225 τείνει
768 2192 812 2224 S:
837 2191 941 2224 πάντα
956 2205 995 2233 ’γε
1012 2192 1110 2223 τείνει
1124 2190 1168 2222 0¹
1185 2202 1191 2221 :
1216 2189 1321 2222 πάντα
1338 2190 1495 2221 συντείνει
1508 2189 1597 2228 vulg.

280 2247 318 2276 15
341 2237 458 2278 μηδὲν]
475 2236 598 2277 μηδένα
613 2235 644 2266 Α
751 2237 790 2265 16
814 2236 968 2276 ἄχθεσθαι
987 2235 1076 2276 (sine
1092 2235 1161 2275 μοι)
1179 2233 1203 2264 S
1216 2233 1316 2264 Vind.
1338 2242 1350 2261 1
1442 2231 1598 2273 πέπραται

278 2280 314 2310 S¹
328 2281 352 2311 F
365 2281 392 2311 Y
406 2281 437 2311 O
453 2291 459 2310 ε
485 2280 700 2321 ἐκπέπρακται
715 2278 816 2317 vulg„
834 2279 875 2310 cf.
893 2279 927 2308 ix
943 2287 985 2317 39
1075 2277 1142 2318 ἐφ’]
1161 2277 1214 2317 ἀφ’
1233 2276 1257 2307 S
1377 2277 1414 2313 ἐξ
1433 2284 1541 2314 55-70
1557 2275 1599 2306 cf.

278 2324 334 2354 viii
351 2324 457 2363 52-67
600 2333 641 2353 22
664 2323 703 2354 τὸ
719 2321 794 2362 τὴν]
813 2335 869 2354 τωι
886 2322 947 2359 τὴν
965 2321 1001 2352 S¹
1146 2330 1187 2360 23
1210 2319 1356 2361 μεγάλην
1373 2324 1452 2349 ante
1470 2318 1600 2357 δύναμιν

279 2367 303 2397 S
320 2367 419 2398 Vind.
442 2376 454 2396 1
471 2377 476 2396 :
503 2370 579 2405 post
596 2365 726 2405 δύναμιν
742 2364 830 2404 vulg.
849 2369 882 2395 et
899 2364 955 2395 viii
973 2373 1014 2402 52

1627 857 1665 879 10

1627 1189 1664 1221 Ι5

1626 1521 1665 1545 20

1627 1853 1663 1886 ²5
