1763 2828
136 120 223 175 [24]

137 1265 220 1319 [25]

177 1331 222 1364 24

177 1845 220 1884 25

678 123 1168 161 ΔΙΔΙΜΟΣΘΕΝΟΎΣ
1537 118 1583 172 [11

255 225 391 279 χοῦνθ’
429 227 530 278 ὁρῶν
563 226 684 282 ταύτῃ
724 226 903 278 φοβερὸν
938 228 1272 278 προσπολεμῆσαι
1308 225 1468 276 νομίζει,
1504 226 1582 266 σώ-

255 298 402 345 φρονος
427 295 497 344 μὲν
525 294 731 345 ἀνθρώπου
755 298 939 349 λογισμῷ
974 296 1128 348 χρῆται-
1177 292 1331 345 μεγάλη
1362 294 1437 344 γὰρ
1467 291 1582 344 ῥοπή,

252 362 409 410 μᾶλλον
435 362 475 400 δὲ
501 360 546 400 τὸ
571 361 667 401 ὅλον
693 361 715 411 ἡ
740 362 840 413 τύχη
867 363 973 413 παρὰ
1005 360 1115 401 πάντ’
1142 361 1229 400 ἐστὶ
1253 361 1301 399 τὰ
1325 363 1403 400 τῶν
1432 360 1581 412 ἀνθρώ-

254 443 338 468 πων
363 426 585 479 πράγματα·
624 427 669 467 οὐ
692 427 770 478 μὴν
796 427 888 468 ἀλλ’
909 428 1049 480 ἔγωγε,
1073 428 1108 468 εἴ
1131 444 1188 469 τις
1213 427 1369 479 αἵρεσίν
1392 443 1458 477 μοι
1483 428 1581 478 δοίη,

252 493 323 544 τὴν
355 497 423 544 τῆς
456 494 647 546 ἡμετέρας
680 496 834 536 πόλεως
868 496 992 548 τύχην
1024 494 1072 535 ἂν
1107 495 1281 545 ἑλοίμην,
1310 495 1527 534 ἐθελόντων
1559 493 1584 534 ἃ
1603 511 1621 543 5

253 560 443 612 προσήκει
470 565 596 602 ποιεῖν
615 562 722 612 ὑμῶν
747 562 875 602 αὐτῶν
903 562 964 602 καὶ
992 563 1088 602 κατὰ
1113 562 1264 613 μικρόν,
1284 557 1307 610 ἢ
1328 560 1398 610 τὴν
1419 561 1582 602 ἐκείνου·

253 627 355 668 πολὺ
395 630 470 680 γὰρ
509 629 667 671 πλείους
707 629 905 681 ἀφορμὰς,
929 630 984 670 εἰς
1027 628 1071 669 τὸ
1110 628 1181 678 τὴν
1221 629 1325 679 παρὰ
1367 631 1444 668 τῶν
1483 629 1584 669 θεῶν

254 695 409 735 εὔνοιαν
446 694 554 748 ἔχειν
591 696 666 747 ὁρῶ
706 696 796 746 ὑμῖν
836 696 1002 738 ἐνούσας
1042 693 1065 745 ἦ
1104 695 1244 749 ’κείνῳ.
1316 694 1420 741 ἀλλ’,
1461 694 1581 745 οἶμαι,

254 760 440 812 καθήμεθ’
468 761 583 802 οὐδὲν
617 766 833 804 ποιοῦντες·
876 763 942 802 οὐκ
977 762 1034 803 ἕνι
1069 762 1102 802 δ’
1134 761 1252 802 αὐτὸν
1285 761 1465 814 ἀργοῦντ’
1495 761 1584 803 οὐδὲ

253 832 334 869 τοῖς
360 829 494 879 φίλοις
529 828 750 870 ἐπιτάττειν
784 830 879 881 ὑπὲρ
913 830 1031 869 αὑτοῦ
1065 846 1100 869 τι
1135 832 1274 875 ποιεῖν,
1302 827 1354 879 μή
1387 829 1427 868 τί
1457 845 1502 880 γε
1536 828 1582 879 δὴ

253 899 334 936 τοῖς
354 897 470 937 θεοῖς.
544 895 588 935 οὐ
618 895 662 945 δὴ
694 897 922 946 θαυμαστόν
957 897 1081 942 ἐστιν,
1110 897 1143 936 εἰ
1178 896 1487 947 στρατευόμενος
1522 895 1583 936 καὶ

252 966 384 1002 πονῶν
409 963 558 1004 ἐκεῖνος
583 962 698 1004 αὐτὸς
725 964 787 1003 καὶ
813 963 947 1016 παρὼν
976 962 1039 1015 ἐφ’
1065 962 1192 1003 ἅπασι
1227 963 1288 1002 καὶ
1319 961 1417 1013 μήτε
1449 961 1583 1014 καιρὸν

250 1027 341 1079 μήθ’
371 1029 476 1080 ὤραν
510 1030 767 1081 παραλείπων
799 1030 909 1080 ἡμῶν
941 1030 1173 1080 μελλόντων
1209 1029 1270 1070 καὶ
1295 1027 1583 1081 ψηφιζομένων

254 1097 314 1135 καὶ
341 1095 646 1147 πυνθανομένων
672 1098 952 1149 περιγίγνεται.
1026 1096 1113 1138 οὐδὲ
1144 1095 1325 1147 θαυμάζω
1359 1095 1462 1136 τοῦτ’
1489 1095 1582 1148 ἐγώ·

252 1163 481 1203 τούναντίον
505 1164 580 1215 γὰρ
605 1163 653 1203 ἂν
678 1162 726 1214 ἦν
752 1164 993 1215 θαυμαστόν,
1021 1165 1054 1204 εἰ
1088 1166 1210 1214 μηδὲν
1239 1166 1442 1205 ποιοῦντες
1472 1162 1583 1214 ἡμεῖς

252 1230 305 1270 ὧν
330 1233 412 1271 τοῖς
437 1233 659 1281 πολεμοῦσι
684 1229 876 1282 προσήκει
899 1234 967 1271 τοῦ
992 1230 1121 1271 πάντα
1145 1233 1350 1272 ποιοῦντος
1379 1231 1580 1281 περιῆμεν.

253 1295 345 1336 ἀλλ’
370 1298 497 1337 ἐκεῖνο
523 1296 718 1348 θαυμάζω,
746 1298 779 1338 εἰ
805 1298 1129 1348 Λακεδαιμονίοις
1162 1297 1235 1348 μέν
1261 1296 1361 1343 ποτ’,
1388 1294 1417 1336 ὦ
1443 1295 1582 1349 ἄνδρες

252 1362 466 1413 Ἀθηναῖοι,
487 1365 583 1415 ὑπὲρ
602 1368 680 1404 τῶν
699 1363 949 1415 Ἑλληνικῶν
969 1364 1129 1405 δικαίων
1151 1363 1356 1416 ἀντήρατε,
1380 1363 1442 1404 καὶ
1462 1363 1581 1405 πόλλ’

253 1431 331 1484 ἰδίᾳ
356 1433 650 1481 πλεονεκτῆσαι
674 1430 870 1473 πολλάκις
894 1432 984 1482 ὑμῖν
1009 1430 1099 1482 ἐξὸν
1124 1431 1193 1471 οὐκ
1223 1430 1460 1481 ἠθελήσατε,
1488 1429 1581 1471 ἀλλ’

252 1496 302 1537 ἵν’
336 1498 372 1537 οἱ
406 1496 523 1538 ἄλλοι
555 1497 709 1550 τύχωσι
740 1501 819 1538 τῶν
852 1499 1024 1545 δικαίων,
1060 1499 1108 1538 τὰ
1140 1498 1292 1550 ὑμέτερ’
1326 1498 1454 1538 αὐτῶν
1487 1498 1580 1548 ἀνη-

252 1563 404 1604 λίσκετ’
426 1563 685 1617 εἰσφέροντες
712 1564 773 1604 καὶ
793 1565 1138 1617 προυκινδυνεύετε
1157 1566 1474 1617 στρατευόμενοι,
1497 1565 1583 1606 νυνὶ

252 1630 285 1670 δ’
312 1630 451 1672 ὀκνεῖτ’
478 1630 622 1682 ἐξιέναι
649 1631 711 1672 καὶ
735 1631 896 1682 μέλλετ’
923 1632 1128 1685 εἰσφέρειν
1152 1633 1249 1685 ὑπὲρ
1273 1636 1349 1673 τῶν
1385 1631 1582 1685 ὑμετέρων

253 1697 379 1739 αὐτῶν
411 1697 629 1749 κτημάτων,
658 1698 720 1738 καὶ
753 1698 843 1741 τοὺς
874 1700 947 1749 μὲν
978 1698 1126 1741 ἄλλους
1152 1699 1358 1741 σεσώκατε
1388 1698 1582 1741 πολλάκις

252 1763 402 1806 πάντας
436 1764 496 1805 καὶ
532 1765 615 1805 καθ’
650 1764 703 1806 ἕν’
737 1765 865 1806 αὐτῶν
900 1767 943 1806 ἐν
974 1765 1096 1818 μέρει,
1132 1768 1181 1806 τὰ
1209 1765 1243 1806 δ’
1272 1765 1423 1818 ὑμέτερ’
1456 1765 1582 1806 αὐτῶν

253 1831 554 1874 ἀπολωλεκότες
592 1831 778 1882 κάθησθε.
846 1836 967 1873 ταῦτα
1003 1832 1198 1883 θαυμάζω,
1238 1832 1324 1873 κᾶτι
1360 1831 1456 1885 πρὸς
1492 1832 1580 1873 τού-

252 1915 345 1945 τοις,
370 1900 403 1939 εἰ
421 1898 556 1949 μηδεὶς
574 1899 694 1949 ὑμῶν,
714 1897 743 1939 ὦ
765 1898 901 1951 ἄνδρες
923 1898 1140 1950 Ἀθηναῖοι,
1159 1900 1317 1940 δύναται
1337 1900 1584 1951 λογίσασθαι

253 1965 382 2006 πόσον
413 1969 626 2017 πολεμεῖτε
660 1966 808 2019 χρόνον
835 1967 1037 2021 Φιλίππῳ,
1068 1966 1130 2007 καὶ
1159 1967 1200 2007 τί
1229 1966 1447 2007 ποιούντων
1476 1967 1583 2015 ὑμῶν

253 2032 273 2071 ὁ
315 2033 460 2086 χρόνος
501 2031 734 2083 διελήλυθεν
777 2032 901 2074 οὗτος.
962 2034 1051 2074 ’ίστε
1089 2034 1165 2085 γὰρ
1203 2031 1327 2083 δήπου
1364 2031 1483 2079 τοῦθ’,
1523 2033 1584 2072 ὅτι

252 2100 484 2149 μελλόντων
504 2100 645 2145 αὐτῶν,
670 2098 825 2151 ἑτέρους
850 2100 959 2142 τινας
986 2100 1228 2149 ἐλπιζόντων
1253 2098 1429 2152 πράξειν,
1451 2099 1581 2139 αἰτιω-

297 2218 317 2246 3
340 2209 379 2240 τὸ
397 2209 475 2240 ὅλον
491 2207 578 2247 vulg.
597 2219 603 2238 :
628 2208 707 2240 ὅλον
724 2207 748 2238 S
766 2211 799 2237 et
815 2207 956 2246 Dionys.
974 2207 1051 2239 Hal.
1070 2209 1151 2247 1089
1163 2208 1207 2246 R,
1220 2207 1260 2240 cs.
1273 2208 1306 2238 xi
1328 2216 1364 2246 15
1454 2207 1474 2237 8
1499 2206 1584 2238 ἐνού-

255 2263 313 2283 σας
338 2252 433 2282 codd.
454 2263 460 2281 :
493 2253 590 2284 οὔσας
615 2251 653 2281 G.
674 2251 719 2281 H.
738 2250 910 2289 Schaeser,
932 2251 971 2281 es.
989 2251 1020 2281 vi
1042 2262 1079 2282 12
1251 2262 1285 2281 [2
1316 2251 1397 2290 μήτε
1423 2273 1430 2280 .
1452 2274 1458 2281 ,
1480 2274 1486 2280 .
1509 2249 1583 2289 μήθ’

257 2295 372 2326 Blass:
399 2294 479 2335 μηδὲ
501 2320 507 2325 .
528 2319 534 2326 .
553 2318 559 2325 .
580 2293 661 2334 μηδὲ
687 2294 710 2325 S
725 2293 808 2325 FB:
841 2293 964 2333 μηδένα
982 2318 989 2325 .
1008 2318 1016 2326 .
1037 2318 1044 2326 .
1063 2294 1144 2334 μηδὲ
1169 2294 1258 2334 vulg.
1424 2294 1463 2324 16
1495 2293 1514 2325 ἃ
1537 2295 1588 2325 δεῖ

257 2342 334 2377 post
349 2341 516 2370 ποιοῦντος
533 2338 607 2368 add.
627 2337 714 2376 vulg.
735 2349 742 2368 2
767 2347 830 2368 om.
852 2337 888 2367 5ι
905 2337 997 2368 solus
1159 2348 1198 2376 24
1225 2339 1275 2369 καὶ
1294 2342 1371 2368 ante
1389 2337 1456 2368 καθ’
1474 2346 1538 2367 om.
1559 2336 1583 2367 S

257 2380 397 2413 ἕκαστον
414 2385 490 2420 post
507 2382 610 2412 αὐτῶν
628 2381 705 2411 add.
724 2381 813 2420 vulg.
830 2391 835 2411 :
863 2390 928 2411 om.
949 2381 973 2411 S
1123 2392 1164 2420 29
1189 2383 1293 2413 αὐτῶν
1311 2381 1355 2412 S:
1382 2382 1467 2420 ὑμῶν
1484 2384 1561 2410 cett.
1578 2390 1585 2410 ι

258 2434 321 2455 om.
341 2423 381 2453 G.
401 2424 445 2454 H.
466 2423 629 2454 Schaefer

1606 847 1645 871 10

1605 1182 1642 1214 Ι5

1605 1519 1644 1541 20

1606 1849 1645 1882 25
