1763 2828
104 143 212 198 [136]

173 330 214 366 19

170 932 215 957 20

171 1530 214 1556 22

653 136 1187 191 [ΔΗΜΟΣΘΕΝΟΎΣ]
1530 134 1570 188 [x

247 249 481 298 Καρδιανοῖς
498 244 672 296 ἐβοήθει,
687 245 755 285 οὐκ
771 245 819 285 ἂν
835 242 1136 295 ἀνηρπασμένος
1152 242 1199 294 ἦν
1212 244 1232 283 ὁ
1244 243 1417 296 γράψας,
1433 242 1494 284 καὶ
1510 245 1574 284 διὰ

245 316 359 353 τοῦτο
375 312 518 355 πάντες
538 312 693 370 ᾐτιῶντ’
713 312 761 352 ἂν
781 310 898 351 αὐτὸν
916 313 1150 362 Καρδιανοῖς
1167 309 1482 362 βεβοηθηκέναι,·
1520 310 1572 361 μὴ

245 382 376 421 τοίνυν
398 379 538 430 ζητεῖθ’
558 378 679 420 ὅντιν’
699 377 785 419 ἀνθ’
803 379 858 418 ὧν
879 379 1081 419 Φίλιππος
1101 375 1361 428 ἐξαμαρτάνει
1377 375 1574 429 μισήσετε

245 448 308 488 καὶ
324 451 405 489 τοῖς
421 445 511 498 παρ’
525 447 674 487 ἐκείνου
688 448 954 496 μισθαρνοῦσι
969 443 1274 484 διασπάσασθαι
1288 447 1572 495 παραβαλεῖτε·

243 513 332 565 μηδ’
361 514 469 554 αὐτοὶ
501 511 855 567 χειροτονήσαντες
884 512 1059 561 πόλεμον
1092 511 1295 561 βούλεσθε
1325 509 1415 563 παρ’
1444 510 1576 552 αὐτοῖς
1595 524 1613 556 5

244 582 334 632 ὑμῖν
359 581 510 632 ἐρίζειν,
534 581 566 620 εἰ
592 579 679 620 δέον
699 576 721 629 ἢ
741 578 793 630 μὴ
814 578 903 619 δέον
923 579 1021 629 ὑμᾶς
1045 581 1158 618 τοῦτο
1178 576 1447 627 πεποιηκέναι·
1484 575 1575 617 ἀλλ’

245 647 289 688 ὃν
311 649 457 688 ἐκεῖνος
477 649 648 696 πολεμεῖ
669 646 830 697 τρόπον,
851 649 990 685 τοῦτον
1014 647 1212 696 μιμεῖσθε,
1234 648 1315 686 τοῖς
1338 646 1410 694 μὲν
1430 644 1572 695 ἀμυνο-

244 714 376 765 μένοις
399 713 470 763 ἤδη
496 711 679 766 χρήματα
711 713 772 752 καὶ
796 711 912 752 τᾶλλ’
939 713 1046 752 ὅσων
1071 711 1225 752 δέονται
1253 711 1438 756 διδόντες,
1465 710 1576 750 αὐτοὶ

246 780 279 820 δ’
313 779 582 832 εἰσφέροντες,
619 777 648 819 ὦ
682 778 821 830 ἄνδρες
849 778 1066 829 Ἀθηναῖοι,
1098 778 1161 818 καὶ
1196 777 1576 828 κατασκευαζόμενοι

246 845 480 899 στράτευμα,
508 844 678 898 τριήρεις
703 846 878 898 ταχείας,
905 846 1059 892 ἵππους,
1083 845 1350 897 ἱππαγωγούς,
1378 843 1494 885 τᾶλλ’
1513 843 1576 883 ὅσ’
1598 860 1637 882 10

245 915 300 956 εἰς
319 914 509 964 πόλεμον·
546 912 632 954 ἐπεὶ
657 915 724 953 νῦν
748 929 795 964 γε
818 911 947 964 γέλως
971 911 1055 952 ἔσθ’
1082 912 1134 954 ὡς
1157 912 1344 965 χρώμεθα
1370 914 1452 953 τοῖς
1477 910 1574 962 πρά·

244 997 384 1033 γμασι,
413 980 474 1021 καὶ
500 980 704 1020 Φίλιππον
732 979 764 1019 δ’
792 978 910 1019 αὐτὸν
940 978 1051 1019 οὐδὲν
1078 978 1126 1018 ἂν
1155 977 1246 1018 ἄλλ’
1272 977 1378 1028 οἶμαι
1406 979 1460 1029 μὰ
1486 977 1577 1019 τοὺς

247 1048 359 1089 θεοὺς
395 1045 586 1097 εὔξασθαι
622 1050 750 1086 ποιεῖν
786 1045 858 1095 τὴν
896 1046 1014 1086 πόλιν
1051 1042 1074 1095 ἢ
1112 1044 1220 1084 ταῦθ’
1252 1045 1277 1085 ἃ
1311 1048 1379 1085 νῦν
1415 1047 1576 1085 ποιεῖτε·

245 1114 482 1166 ὑστερίζετε,
526 1113 778 1154 ἀναλίσκετε·
840 1113 916 1167 ὅτῳ
965 1112 1224 1164 παραδώσετε
1271 1113 1320 1152 τὰ
1367 1110 1578 1163 πράγματα

248 1181 408 1232 ζητεῖτε,
430 1181 721 1234 δυσχεραίνετε·
760 1178 963 1229 ἀλλήλους
990 1179 1182 1219 αἰτιᾶσθε.
1242 1177 1312 1231 ἀφ’
1332 1178 1377 1218 οὗ
1397 1179 1439 1218 δὲ
1458 1181 1579 1217 ταῦτα
1601 1193 1638 1226 15

245 1249 423 1301 γίγνεται
440 1248 517 1300 ἐγὼ
533 1244 690 1296 διδάξω,
709 1246 772 1286 καὶ
788 1247 894 1288 ὅπως
910 1245 1105 1286 παύσεται
1119 1243 1237 1296 λέξω.
1285 1244 1397 1285 οὐδὲν
1413 1243 1576 1290 πώποτ’,

246 1313 275 1355 ὦ
303 1314 440 1367 ἄνδρες
465 1314 680 1365 Ἀθηναῖοι,
706 1317 784 1354 τῶν
814 1312 1056 1366 πραγμάτων
1085 1311 1132 1364 ἐξ
1155 1313 1280 1365 ἀρχῆς
1310 1309 1577 1361 ἐνεστήσασθ’

246 1381 334 1422 οὐδὲ
354 1380 695 1422 κατεσκευάσασθ’
717 1381 852 1432 ὀρθῶς,
875 1381 984 1421 ἀλλὰ
1003 1378 1046 1419 τὸ
1069 1382 1294 1430 συμβαῖνον
1319 1379 1380 1419 ἀεὶ
1405 1378 1576 1428 διώκετε,

247 1448 315 1489 εἶτ’
342 1450 501 1489 ἐπειδὰν
519 1449 754 1500 ὑστερίσητε
781 1447 969 1488 παύεσθε·
1010 1446 1143 1497 ἕτερον
1169 1444 1291 1486 πάλιν
1310 1444 1359 1485 ἂν
1379 1449 1517 1502 συμβῇ
1541 1460 1578 1484 τι

246 1514 597 1568 παρασκευάζεσθε
620 1514 682 1554 καὶ
703 1516 954 1566 θορυβεῖσθε.
1017 1512 1062 1553 τὸ
1081 1512 1115 1552 δ’
1134 1512 1208 1565 οὐχ
1234 1512 1354 1553 οὕτως
1374 1511 1471 1564 ἔχει·
1509 1510 1578 1551 οὐκ
1600 1525 1641 1547 20

247 1582 381 1623 ἔνεστι
404 1583 610 1633 βοηθείαις
635 1580 862 1634 χρωμένους
881 1581 992 1621 οὐδὲν
1014 1583 1093 1620 τῶν
1112 1580 1283 1620 δεόντων
1302 1581 1399 1619 ποτὲ
1417 1575 1575 1630 πρᾶξαι,

248 1650 355 1690 ἀλλὰ
381 1647 752 1689 κατασκευάσαντας
777 1650 838 1687 δεῖ
863 1647 1039 1698 δύναμιν,
1063 1647 1124 1687 καὶ
1149 1645 1302 1699 τροφὴν
1326 1645 1446 1702 ταύτῃ
1466 1646 1576 1697 πορί-

250 1732 398 1758 σαντας
424 1716 486 1756 καὶ
505 1716 647 1766 ταμίας
666 1715 729 1754 καὶ
750 1714 973 1765 δημοσίους,
997 1714 1059 1754 καὶ
1086 1714 1192 1754 ὅπως
1217 1713 1276 1753 ἔνι
1294 1712 1365 1762 τὴν
1383 1716 1462 1753 τῶν
1480 1729 1577 1765 χρη-

249 1783 382 1835 μάτων
413 1781 595 1835 φυλακὴν
628 1780 923 1833 ἀκριβεστάτην
955 1779 1155 1833 γενέσθαι,
1187 1781 1286 1820 οὕτω
1319 1778 1578 1829 ποιήσαντας,

251 1850 318 1891 τὸν
346 1851 419 1901 μὲν
448 1853 525 1889 τῶν
553 1848 767 1902 χρημάτων
793 1848 917 1900 λόγον
946 1848 1050 1899 παρὰ
1079 1847 1228 1887 τούτων
1253 1845 1491 1898 λαμβάνειν,
1513 1845 1581 1886 τὸν
1602 1858 1640 1891 25

252 1919 293 1958 δὲ
318 1920 395 1957 τῶν
420 1916 547 1969 ἔργων
571 1917 676 1968 παρὰ
703 1918 771 1955 τοῦ
802 1917 1039 1967 στρατηγοῦ,
1068 1914 1129 1954 καὶ
1156 1914 1350 1965 μηδεμίαν
1374 1914 1581 1966 πρόφασιν

296 2038 316 2057 2
341 2028 379 2059 ἂν
403 2027 500 2058 αὐτὸν
523 2035 588 2056 om.
611 2025 639 2055 B
655 2024 680 2055 F
857 2036 876 2063 4
901 2023 1140 2056 διασπάσασθαι
1159 2022 1324 2054 SAFY:
1349 2022 1581 2055 διασπάσεσθαι

254 2071 343 2110 vulg.
523 2078 542 2108 5
571 2067 678 2107 αὐτοὶ]
702 2070 808 2100 αὐτοῖς
828 2067 851 2098 S
868 2067 960 2097 solus
1136 2068 1157 2097 6
1181 2069 1253 2106 ὑμῖν
1268 2071 1348 2097 ante
1366 2068 1472 2098 αὐτοῖς
1488 2066 1579 2105 vulg.

256 2125 273 2153 7
298 2113 448 2154 πολεμεῖ]
468 2115 556 2145 ποιεῖ
572 2112 595 2142 S
615 2114 768 2151 (πολεμεῖ
781 2121 823 2142 m.
843 2115 911 2142 ant.
933 2111 965 2140 in
984 2110 1105 2151 marg.)
1241 2112 1389 2150 μιμεῖσθε
1407 2109 1431 2140 S
1449 2119 1490 2139 m.
1511 2114 1578 2140 ant.

257 2158 289 2188 in
315 2167 418 2196 marg.
439 2168 446 2187 :
478 2155 635 2195 ἀμύνεσθε
662 2155 747 2186 SA:
781 2154 951 2194 ἀμύνεσθαι
977 2153 1069 2193 vulg.
1246 2154 1267 2182 8
1299 2154 1382 2185 ὅσων
1406 2152 1531 2184 δέονται
1558 2152 1582 2183 S

255 2202 345 2231 solus
361 2213 367 2231 :
392 2201 454 2233 ὅσα
470 2198 596 2231 δέονται
613 2199 644 2229 Α
662 2211 668 2229 :
692 2197 735 2230 ὧν
751 2199 790 2230 ἂν
807 2199 940 2229 δέωνται
958 2197 1048 2236 vulg.
1179 2206 1218 2226 12
1240 2197 1285 2236 μὰ
1300 2196 1374 2228 τοὺς
1391 2195 1494 2236 θεοὺςῖ
1513 2198 1582 2228 τοῖς

257 2247 337 2276 θεοῖς
354 2244 461 2274 Cobet
609 2252 646 2282 13
671 2242 690 2274 ἃ
707 2243 761 2274 νῦν
777 2243 898 2273 ποιεῖτε
916 2241 1025 2280 vulg.:
1052 2250 1115 2271 om.
1138 2239 1204 2270 FY
1220 2251 1226 2270 :
1252 2242 1306 2272 νῦν
1323 2241 1443 2271 ποιεῖτε
1459 2249 1526 2270 οῐη.
1546 2239 1583 2270 Sl

260 2297 298 2325 15
332 2287 459 2327 ζητεῖτε
485 2297 549 2317 om.
572 2287 596 2316 S
620 2286 709 2327 (add.
730 2295 772 2316 m.
791 2289 858 2315 ant.
880 2285 913 2314 in
938 2285 1061 2324 marg.)
1079 2283 1153 2314 AY
1286 2282 1322 2315 οῧ
1340 2282 1383 2314 S:
1409 2283 1485 2314 ὅτου
1501 2286 1579 2313 cett.

260 2331 299 2361 18
323 2330 563 2363 κατεσκεύασθε
579 2329 612 2360 Α
770 2338 807 2358 21
835 2327 913 2359 ποτὲ
932 2327 997 2358 SA
1014 2339 1020 2358 ε
1043 2328 1173 2359 πώποτε
1192 2326 1258 2357 FY
1271 2326 1301 2357 Ο
1466 2336 1507 2364 23
1531 2327 1582 2358 καὶ

258 2379 336 2414 post
364 2374 478 2413 ταμίας
507 2383 570 2403 om.
601 2371 706 2412 vulg„
731 2371 771 2402 cf.
798 2371 856 2401 viii
886 2381 925 2409 47
1052 2370 1229 2413 χρημάτων
1255 2369 1345 2408 vulg.
1372 2374 1405 2400 et
1433 2369 1489 2399 viii
1518 2379 1583 2408 47:

257 2417 452 2461 πραγμάτων
478 2417 501 2447 S
