1747 2844
185 133 304 188 xvm]
495 141 639 178 ΠΕΡΙ
688 141 811 179 Τοψ
858 142 1195 179 ΣΤΕΦΑΝΟΎ
1539 143 1655 198 [240]

182 243 399 296 Ἰλλυριοὺς
438 244 501 284 καὶ
540 243 809 296 Τριβαλλούς,
850 245 957 286 τινας
999 246 1040 284 δὲ
1083 244 1144 284 καὶ
1185 248 1261 284 τῶν
1299 244 1506 295 Ἑλλήνων

184 310 488 363 κατεστρέφετο,
511 311 572 351 καὶ
597 309 778 361 δυνάμεις
797 312 951 352 πολλᾶς
977 309 1038 350 καὶ
1060 309 1238 362 μεγάλας
1257 311 1418 351 ἐποιεῖθ’
1437 311 1506 364 ὑφ’

183 379 319 431 ἑαυτῷ,
355 378 423 418 καί
455 394 557 419 τινες
588 380 665 417 τῶν
699 378 741 417 ἐκ
776 380 854 417 τῶν
885 377 1040 417 πόλεων
1072 377 1136 417 ἐπὶ
1168 382 1214 433 τῇ
1247 379 1316 428 τῆς
1352 377 1507 429 εἰρήνης

184 443 341 497 ἐξουσίᾳ
375 444 606 495 βαδίζοντες
642 444 773 483 ἐκεῖσε
809 444 1092 495 διεφθείροντο,
1125 444 1180 484 ὧν
1213 444 1267 486 εἵς
1300 443 1411 486 οὗτος
1444 443 1504 494 ἦν,

143 511 270 559 5τότε
305 509 448 552 πάντες
486 509 550 562 ἐφ’
583 509 649 551 οὓς
684 513 804 549 ταῦτα
840 509 1142 562 παρεσκευάζετ’
1180 511 1327 552 ἐκεῖνος
1364 512 1504 552 ἐπολε-

180 581 337 628 μοῦντο.
409 577 441 616 εἰ
471 578 513 616 δὲ
540 575 593 626 μὴ
618 575 849 632 ᾐσθάνοντο,
878 576 1008 629 ἕτερος
1036 577 1157 629 λόγος
1187 576 1310 623 οὗτος,
1338 578 1382 618 οὗ
1411 578 1507 629 πρὸς

182 643 262 694 ἐμέ.
334 643 411 695 ἐγὼ
441 644 513 693 μὲν
542 643 616 694 γὰρ
641 643 860 695 προῦλεγον
892 643 952 682 καὶ
986 644 1293 695 διεμαρτυρόμην
1325 644 1386 684 καὶ
1416 645 1506 696 παρ’
1536 662 1578 697 45

180 711 272 761 ὑμῖν
307 708 366 749 ἀεὶ
404 709 464 748 καὶ
500 709 590 749 ὅποι
622 710 857 761 πεμφθείην·
894 711 933 750 αἱ
970 712 1013 750 δὲ
1044 711 1182 752 πόλεις
1218 710 1393 757 ἐνόσουν,
1430 715 1507 751 τῶν

179 778 252 828 μὲν
287 777 329 816 ἐν
364 779 416 830 τῷ
452 775 731 816 πολιτεύεσθαι
768 776 829 816 καὶ
864 775 1049 828 πράττειν
1086 778 1408 829 δωροδοκούντων
1445 779 1507 818 καὶ

122 858 161 882 10
181 842 516 895 διαφθειρομένων
548 842 613 882 ἐπὶ
644 841 833 895 χρήμασι,
868 847 945 883 τῶν
982 843 1015 883 δ’
1049 845 1212 884 ἰδιωτῶν
1246 844 1308 884 καὶ
1344 848 1507 885 πολλῶν
1539 847 1644 903 [241]

180 911 228 949 τὰ
257 911 328 960 μὲν
353 909 397 949 οὐ
421 908 718 961 προορωμένων,
744 911 792 949 τὰ
816 912 858 950 δὲ
881 916 929 967 τῇ
955 909 1039 950 καθ’
1063 909 1211 962 ἡμέραν
1235 911 1419 967 ῥᾳστώνῃ
1446 911 1507 951 καὶ

183 976 313 1032 σχολῇ
351 975 654 1027 δελεαζομένων,
694 976 756 1016 καὶ
791 978 987 1018 τοιουτονί
1019 994 1056 1017 τι
1091 976 1215 1019 πάθος
1250 978 1508 1018 πεπονθότων

181 1042 378 1088 ἁπάντων,
405 1042 510 1093 πλὴν
535 1042 603 1082 οὐκ
629 1042 692 1094 ἐφ’
712 1043 872 1085 ἑαυτοὺς
896 1043 1074 1084 ἑκάστων
1100 1043 1288 1095 οἰομένων
1311 1044 1355 1084 τὸ
1381 1044 1508 1085 δεινὸν

181 1107 289 1159 ἥξειν
328 1109 390 1149 καὶ
427 1111 491 1150 διὰ
526 1112 603 1150 τῶν
639 1109 783 1162 ἐτέρων
822 1110 1008 1151 κινδύνων
1042 1112 1091 1150 τὰ
1129 1113 1276 1151 ἑαυτῶν
1312 1112 1508 1163 ἀσφαλῶς

123 1192 159 1222 15
182 1175 355 1229 σχήσειν
379 1177 473 1216 ὅταν
498 1176 736 1227 βούλωνται.
809 1176 890 1223 εἶτ’,
917 1177 1036 1227 οἶμαι,
1064 1177 1300 1229 συμβέβηκε
1324 1182 1406 1220 τοῖς
1434 1180 1507 1229 μὲν
1537 1183 1583 1226 46

181 1242 378 1292 πλήθεσιν
403 1243 490 1283 ἀντὶ
519 1245 587 1293 τῆς
611 1245 765 1293 πολλῆς
796 1244 858 1284 καὶ
888 1244 1047 1296 ἀκαίρου
1076 1245 1266 1299 ῥᾳθυμίας
1294 1244 1366 1294 τὴν
1395 1246 1504 1286 ἐλευ-

182 1311 315 1361 θερίαν
340 1309 649 1355 ἀπολωλεκέναι,
677 1313 757 1351 τοΐς
787 1311 829 1350 δὲ
858 1312 1126 1362 προεστηκόσι
1156 1310 1218 1351 καὶ
1247 1311 1377 1352 τᾶλλα
1401 1311 1506 1362 πλὴν

181 1376 340 1418 ἑαυτοὺς
375 1376 567 1427 οἰομένοις
596 1380 744 1417 πωλεῖν
773 1377 948 1429 πρώτους
980 1377 1140 1420 ἑαυτοὺς
1171 1379 1416 1430 πεπρακόσιν
1446 1380 1504 1419 αἰ-

180 1442 363 1483 σθέσθαι·
417 1443 503 1483 ἀντὶ
539 1444 614 1494 γὰρ
650 1444 781 1495 φίλων
819 1444 880 1484 καὶ
919 1442 1043 1494 ξένων
1081 1445 1106 1484 ἃ
1142 1444 1222 1484 τότ’
1259 1444 1506 1496 ὠνομάζοντο

121 1524 161 1546 20
178 1509 279 1560 ἡνίκ’
299 1510 573 1561 ἐδωροδόκουν,
600 1512 668 1550 νῦν
695 1511 858 1553 κόλακες
884 1511 947 1551 καὶ
972 1512 1076 1553 θεοῖς
1101 1511 1236 1565 ἐχθροὶ
1262 1512 1323 1552 καὶ
1348 1511 1463 1552 τᾶλλ’
1482 1512 1506 1552 ἃ

178 1575 369 1628 προσήκει
401 1576 514 1617 πάντ’
548 1576 770 1617 ἀκούουσιν.
841 1576 969 1620 οὐδεὶς
1002 1577 1089 1630 γάρ,
1120 1577 1257 1630 ἄνδρες
1289 1578 1503 1629 Ἀθηναῖοι,
1536 1590 1579 1626 47

178 1642 223 1683 τὸ
247 1646 316 1683 τοῦ
339 1644 591 1695 προδιδόντος
616 1643 823 1696 συμφέρον
849 1644 972 1694 ζητῶν
995 1644 1163 1697 χρήματ’
1183 1646 1404 1691 ἀναλίσκει,
1426 1645 1506 1685 οὐδ’

178 1711 338 1750 ἐπειδὰν
362 1711 417 1751 ὧν
440 1709 489 1751 ἂν
507 1712 666 1762 πρίηται
692 1711 819 1763 κύριος
838 1710 999 1763 γένηται
1021 1715 1074 1766 τῷ
1095 1712 1267 1768 προδότῃ
1287 1713 1506 1767 συμβούλῳ

177 1777 267 1829 περὶ
282 1781 359 1817 τῶν
374 1781 524 1818 λοιπῶν
543 1777 600 1818 ἔτι
619 1780 773 1831 χρῆται·
811 1777 924 1818 οὐδὲν
940 1780 1014 1830 γὰρ
1030 1778 1078 1819 ἂν
1094 1778 1141 1829 ἦν
1158 1779 1506 1831 εὐδαιμονέστερον

120 1857 158 1889 25
179 1844 381 1895 προδότου.
453 1843 545 1884 ἀλλ’
581 1843 649 1884 οὐκ
685 1844 770 1885 ἔστι
805 1848 940 1885 ταῦτα·
988 1846 1129 1893 πόθεν;
1173 1850 1326 1886 πολλοῦ
1360 1863 1406 1899 γε
1445 1847 1505 1886 καὶ

179 1913 249 1950 δεῖ.
310 1909 401 1950 ἀλλ’
421 1912 581 1952 ἐπειδὰν
605 1914 683 1951 τῶν
702 1910 943 1963 πραγμάτων
963 1912 1153 1965 ἐγκρατὴς
1179 1913 1199 1952 ὁ
1225 1913 1348 1964 ζητῶν
1368 1912 1505 1965 ἄρχειν

181 1983 368 2034 καταστῇ,
396 1979 458 2018 καὶ
487 1982 566 2018 τῶν
594 1977 700 2018 ταῦτ’
725 1978 980 2029 ἀποδομένων
1010 1980 1205 2030 δεσπότης
1237 1981 1336 2026 ἐστι’,
1364 1979 1435 2029 τὴν
1462 1981 1505 2019 δὲ

179 2046 371 2096 πονηρίαν
407 2045 517 2087 εἰδὼς
552 2045 641 2085 τότε
677 2043 737 2094 δή,
775 2045 865 2086 τότε
903 2046 964 2086 καὶ
999 2050 1112 2096 μισεῖ
1146 2048 1208 2087 καὶ
1245 2047 1409 2087 ἀπιστεῖ
1443 2046 1503 2085 καὶ

221 2164 241 2193 3
265 2157 330 2186 τῶν
348 2153 399 2195 ἐκ]
418 2165 482 2186 om.
499 2158 564 2186 τῶν
582 2153 714 2193 Oxyrh.
733 2163 807 2193 pap.
967 2156 988 2185 6
1013 2157 1029 2187 ὁ
1046 2160 1125 2186 ante
1143 2155 1243 2196 λόγος
1260 2155 1334 2185 add.
1358 2154 1393 2185 5¹
1411 2154 1503 2185 solus

182 2207 222 2229 10
257 2199 308 2230 ἐπὶ
335 2199 480 2240 χρήμασι
509 2198 572 2228 del.
601 2197 709 2228 Cobet
888 2207 925 2236 14
958 2200 1009 2230 καὶ
1038 2198 1215 2230 SL¹AY2
1253 2199 1339 2230 ἀλλὰ
1365 2198 1391 2227 F
1415 2197 1502 2236 vulg.

182 2250 219 2279 15
243 2242 540 2280 ὑπολαμβανόντων
557 2246 632 2280 post
650 2240 791 2282 σχήσειν
807 2241 882 2272 add.
903 2241 991 2280 vulg.
1011 2253 1017 2271 :
1043 2252 1106 2272 om.
1126 2242 1148 2272 S
1163 2241 1201 2271 Ll
1218 2242 1279 2272 soli
1396 2242 1433 2271 18
1458 2243 1504 2274 αι’-

179 2285 309 2317 σθέσθαι
325 2284 362 2316 S²
376 2285 433 2317 L1:
461 2287 619 2328 ᾐσθῆσθαι
638 2285 727 2323 vulg.
747 2283 880 2323 Oxyrh.
899 2295 974 2324 pap.
1079 2296 1116 2315 21
1144 2290 1221 2324 post
1240 2284 1409 2317 ἀκούουσιν
1424 2285 1500 2316 add.

179 2328 309 2361 εἰκότως
332 2329 363 2358 Α
387 2329 500 2367 vulg.:
534 2339 597 2359 om.
627 2327 782 2358 SL¹FO
966 2328 988 2360 ὦ
1021 2333 1099 2359 ante
1124 2330 1232 2370 ἄνδρες
1258 2338 1325 2360 οῐη.
1353 2328 1415 2359 SL
1441 2327 1503 2359 soli

179 2381 219 2409 24
244 2373 282 2404 ἂν
297 2377 377 2403 ante
393 2372 433 2410 ἦν
449 2373 526 2403 add.
548 2372 611 2402 LF
628 2371 716 2410 vulg.
737 2381 744 2401 :
769 2375 845 2410 post
862 2370 902 2409 ἢν
918 2372 959 2402 al.
977 2383 984 2402 τ
1008 2382 1074 2403 om.
1093 2372 1117 2402 S
1273 2381 1314 2411 25
1339 2374 1395 2403 οὐκ
1414 2372 1505 2403 ἔστιν

179 2419 254 2452 post
271 2418 371 2448 ταῦτα
387 2416 463 2447 add.
482 2415 570 2454 vulg.
592 2427 598 2446 :
622 2424 684 2445 om.
705 2413 728 2444 S
742 2413 781 2444 L¹
