1731 2844
129 518 147 550 5

108 848 146 870 10

106 1511 144 1532 20

169 125 210 179 x]
523 131 684 168 ΚΑΤΑ
732 130 1048 168 ΦΙΛΙΠΠΟΎ
1096 133 1131 168 Δ

168 232 374 284 πεισμένοι
408 233 593 284 κάθησθε,
622 234 727 274 ἀλλὰ
761 232 828 274 τὸν
860 234 908 273 τὰ
941 236 1010 272 τοῦ
1042 232 1217 283 πολέμου
1251 234 1484 286 πράττοντα·

167 299 215 340 ἂν
247 301 321 352 γὰρ
355 301 503 342 ἐκεῖνος
535 302 692 357 πεισθῇ,
719 299 767 340 τά
798 299 836 352 γ’
862 298 930 351 ἀφ’
959 300 1067 350 ὑμῶν
1098 298 1280 353 ὑπάρχει·
1317 302 1487 351 νομίζειν

167 365 199 406 δ’
226 366 325 406 εἶναι
349 368 509 420 χαλεπὰ
534 366 606 419 οὐχ
640 365 703 406 ὅσ’
728 366 777 407 ἂν
803 367 858 407 εἰς
888 366 1087 417 σωτηρίαι)
1121 369 1369 417 δαπανῶμεν,
1395 368 1487 408 ἀλλ’

166 433 191 473 ἃ
223 433 455 483 πεισόμεθα,
490 432 537 474 ἂν
569 432 622 484 μὴ
654 431 758 473 ταῦτ’
783 431 984 483 ἐθέλωμεν
1017 435 1157 479 ποιεῖν,
1188 433 1252 473 καὶ
1283 433 1327 473 τὸ
1354 435 1486 486 ‘baap-

167 497 417 549 πασθήσεται
441 501 488 539 τὰ
520 497 729 552 χρήματα’
753 502 806 553 τῷ
837 498 1020 551 φυλακὴν
1051 499 1178 551 εὑρεῖν
1210 498 1259 539 δι’
1286 499 1332 550 ἧς
1359 500 1488 551 σωθή-

167 582 279 606 σεται
303 566 479 612 κωλύειν,
501 565 590 618 οὐχὶ
608 569 661 620 τῷ
680 568 748 605 τοῦ
774 564 1048 618 συμφέροντος
1068 566 1304 616 ἀποστῆναι.
1364 568 1491 607 καίτοι

166 631 283 684 ἔγωγ’
308 633 512 684 ἀγανακτῶ
541 632 602 672 καὶ
632 631 726 672 αὐτὸ
755 635 881 678 τοῦτο,
911 633 944 673 εἰ
975 633 1023 673 τὰ
1054 634 1129 683 μὲν
1160 631 1342 685 χρήματα
1373 637 1493 674 λυπεῖ

165 700 272 740 τινὰς
296 699 402 749 ὑμῶν
429 699 462 738 εἰ
487 697 839 750 διαρπασθήσεται,
862 699 887 738 δι
907 699 970 739 καὶ
990 698 1208 751 φυλάττειν
1228 699 1290 739 καὶ
1310 699 1490 750 κολάζειν

165 764 253 806 τοὺς
279 766 506 806 ἀδικοῦντας
527 764 592 817 ἐφ’
611 765 701 815 ὑμῖν
727 766 826 811 ἐστι,
848 765 920 815 τὴν
939 765 972 805 δ’
991 764 1172 806 Ἑλλάδα
1191 768 1326 806 πᾶσαν
1346 765 1490 818 ἐφεξῆς

165 832 309 871 οὑτωσὶ
346 832 547 873 Φίλιππος
583 831 765 883 ἁρπάζων
802 831 847 871 οὐ
882 835 1010 877 λυπεῖ,
1051 832 1114 872 καὶ
1149 831 1254 872 ταῦτ’
1292 832 1357 885 ἐφ’
1391 834 1490 884 ὑμᾶς

165 896 360 949 ἁρπάζων.
431 898 471 938 τί
502 897 586 938 ποτ’
612 898 692 944 οὗν,
720 895 750 937 ὦ
781 897 919 950 ἄνδρες
943 897 1160 948 Ἀθηναῖοι,
1186 898 1254 939 τὸν
1287 901 1359 950 μὲν
1391 900 1489 939 οὕτω

166 967 346 1015 φανερῶς
371 964 580 1004 ἀδικοῦντα
606 964 669 1004 καὶ
695 965 833 1006 πόλεις
863 964 1226 1016 καταλαμβάνοντα
1256 965 1380 1007 οὐδεὶς
1409 967 1488 1006 πώ-

165 1046 262 1070 ποτε
297 1030 444 1071 τούτων
483 1030 591 1072 εἶπεν
629 1030 679 1072 ὡς
714 1032 841 1071 ἀδικεῖ
872 1032 934 1071 καὶ
967 1032 1144 1082 πόλεμον
1177 1035 1292 1078 ποιεῖ,
1325 1032 1415 1073 τοὺς
1447 1035 1490 1073 δὲ

164 1096 215 1147 μὴ
243 1096 463 1148 ἐπιτρέπειν
495 1099 593 1148 μηδὲ
623 1097 830 1150 προΐεσθαι
859 1101 981 1138 ταῦτα
1013 1098 1373 1149 συμβουλεύοντας,
1399 1099 1486 1139 τού-

131 1180 141 1187 ·
164 1179 252 1205 τους
288 1163 464 1214 πόλεμον
503 1167 630 1204 ποιεῖν
667 1165 814 1216 φασίν,·
865 1166 924 1204 ὅτι
960 1163 1031 1214 τὴν
1066 1166 1195 1205 αἰτίαν
1230 1168 1307 1206 τῶν
1341 1166 1384 1206 ἐκ
1419 1169 1488 1206 τοῦ

164 1228 341 1280 πολέμου
391 1230 710 1282 συμβησομένων
752 1233 958 1284 δυσχερῶν
997 1230 1163 1283 (ἀνάγκη
1205 1230 1292 1284 γάρ,
1337 1230 1486 1284 ἀνάγκη

165 1297 297 1336 πολλὰ
325 1298 482 1349 λυπηρὰ
514 1298 556 1337 ἐκ
586 1301 654 1337 τοῦ
682 1297 858 1348 πολέμου
890 1294 1116 1350 γίγνεσθαι)
1139 1301 1220 1339 τοῖς
1251 1299 1348 1350 ὑπὲρ
1380 1299 1488 1349 ὑμῶν

163 1363 210 1402 τὰ
225 1362 424 1413 βέλτιστα
439 1363 573 1416 λέγειν
591 1364 827 1415 εἰθισμένοις
846 1364 1048 1405 ἀναθεῖναι
1063 1364 1293 1415 βούλονται.
1347 1365 1485 1416 ἡγοῦν-

162 1445 227 1469 ται
250 1429 338 1482 γάρ,
358 1429 407 1471 ἂν
430 1432 504 1482 μὲν
523 1431 631 1481 ὑμεῖς
656 1430 904 1482 ὁμοθυμαδὸν
924 1432 967 1472 ἐκ
991 1433 1083 1482 μιᾶς
1106 1431 1265 1483 γνώμης
1284 1432 1486 1472 Φίλιππον

163 1496 376 1547 ἀμύνησθε,
397 1497 576 1538 κάκείνου
598 1497 805 1550 κρατήσειν
825 1498 924 1548 ὑμᾶς
946 1498 1008 1538 καὶ
1027 1498 1158 1538 αὐτοῖς
1177 1496 1302 1538 οὐκέτ’
1322 1497 1487 1538 ἔσεσθαι

161 1565 407 1615 μισθαρνεῖν,
434 1563 482 1605 ἂν
515 1564 548 1604 δ’
579 1564 656 1605 ἀπὸ
689 1568 768 1606 τῶν
801 1564 966 1616 πρώτων
999 1564 1181 1616 θορύβων
1215 1563 1490 1615 αἰτιασάμενοί

162 1646 269 1672 τινας
293 1630 389 1682 πρὸς
412 1630 455 1671 τὸ
481 1631 624 1682 κρίνειν
655 1630 872 1683 τράπησθε,
900 1630 1009 1671 αὐτοὶ
1041 1632 1114 1681 μὲν
1143 1629 1292 1671 τούτων
1321 1647 1484 1683 κατηγο-

162 1699 319 1747 ροῦντες
360 1697 551 1750 ἀμφότερ’
592 1697 706 1748 ἕξειν,
748 1699 810 1738 καὶ
850 1697 941 1750 παρ’
980 1698 1071 1748 ὑμῖν
1111 1696 1385 1748 εὐδοκιμήσειν
1424 1697 1486 1737 καὶ

161 1762 251 1815 παρ’
277 1765 425 1805 ἐκείνου
448 1763 631 1818 χρήματα
660 1764 880 1817 λήψεσθαι,
907 1764 1006 1815 ὑμᾶς
1033 1763 1066 1804 δ’
1092 1764 1189 1815 ὑπὲρ
1213 1764 1268 1804 ὧν
1293 1766 1353 1804 δεῖ
1382 1765 1486 1816 παρὰ

161 1829 310 1870 τούτων
339 1831 448 1881 δίκην
479 1835 637 1881 λαβεῖν,
664 1833 768 1883 παρὰ
800 1835 877 1872 τῶν
906 1831 1005 1882 ὑπὲρ
1034 1831 1141 1882 ὑμῶν
1172 1831 1382 1882 εἰρηκότων
1413 1830 1483 1880 λή-

205 1949 224 1977 3
249 1939 276 1970 δ’
295 1939 372 1971 εἶναι
390 1938 455 1970 SA
472 1943 506 1970 et
522 1940 578 1970 viii
597 1948 638 1979 54
655 1951 662 1971 :
690 1940 724 1972 δὲ
746 1943 797 1972 δεΐ
810 1940 898 1980 vulg.
1078 1951 1097 1978 4
1130 1941 1173 1979 μὴ
1199 1943 1279 1969 ante
1303 1938 1394 1970 ταῦτ’
1412 1937 1436 1969 S
1450 1937 1486 1968 F¹

161 1979 261 2012 Vind.
286 1992 298 2011 1
318 1994 324 2012 :
348 1986 424 2021 post
441 1985 543 2015 ταῦτα
558 1983 644 2023 vulg.
664 1989 697 2014 et
714 1994 735 2014 x
751 1993 792 2023 54
890 1984 1162 2026 διαρπασθήσεται
1182 1982 1248 2014 SA
1265 1994 1271 2013 τ
1296 1982 1487 2023 διαρπασθή-

163 2029 274 2057 σεσθαι
291 2026 390 2064 vulg„
410 2026 450 2057 cs.
471 2026 528 2056 viii
546 2036 586 2066 54
723 2036 742 2065 5
767 2027 883 2069 εὑρεῖν]
902 2028 1003 2059 εἰπεῖν
1019 2027 1077 2057 viii
1096 2036 1136 2065 54
1238 2024 1275 2062 ἧς
1293 2025 1316 2055 S
1332 2035 1339 2054 ε
1362 2024 1401 2062 ἢν
1417 2023 1449 2054 Α
1462 2024 1488 2054 F

162 2077 246 2099 corr.
266 2067 305 2105 B,
323 2069 364 2099 cf.
386 2069 442 2099 viii
460 2078 501 2108 54
599 2071 620 2100 6
644 2070 778 2102 κωλύειν
796 2071 820 2101 S
832 2070 884 2100 A:
909 2070 1068 2102 κωλύσειν
1086 2070 1174 2108 vulg.
1264 2069 1443 2105 ἀποστῆναι
1462 2067 1485 2098 S

162 2111 249 2150 vulg.
267 2122 272 2141 :
299 2112 470 2151 ἀφιστάναι
483 2112 513 2142 Α
528 2123 533 2144 :
560 2113 739 2154 ἀφεστάναι
757 2114 866 2144 Index
886 2113 1037 2144 Lambini
1055 2118 1088 2143 et
1105 2112 1161 2143 viii
1180 2121 1221 2151 54
1365 2121 1381 2150 7
1408 2112 1485 2142 αὐτὸ

160 2164 224 2185 om.
244 2155 400 2185 SFBY¹
575 2167 596 2196 9
627 2158 812 2189 ἀδικοῦντας
832 2156 864 2186 Α
887 2162 920 2187 et
942 2157 999 2187 viii
1023 2165 1088 2195 55:
1120 2154 1318 2197 ἁρπάζοντας
1344 2154 1368 2185 S
1392 2154 1480 2193 vulg·

164 2207 201 2235 13
225 2198 349 2230 τούτων
367 2198 401 2229 S¹
415 2199 441 2229 F
453 2199 480 2229 Β
493 2199 524 2229 Y
537 2199 567 2230 O
585 2204 619 2230 et
637 2200 669 2229 in
688 2200 743 2229 viii
763 2200 805 2238 56
822 2200 845 2230 S
860 2200 885 2230 L
901 2211 907 2230 :
931 2202 1048 2231 τοῦτον
1064 2199 1104 2229 al.
1234 2200 1446 2237 πολεμοποιεῖ
1459 2197 1483 2227 S

165 2251 200 2278 14
226 2241 420 2282 ἐπιτρέπειν]
439 2242 627 2284 προτρέπειν
643 2242 667 2273 S
785 2252 822 2282 15
846 2245 1074 2282 πολεμοποιεῖν
1092 2242 1116 2272 S
1232 2243 1269 2272 18
1294 2240 1483 2281 εἰθισμένοις

161 2283 202 2315 Λ.
216 2285 301 2316 coni.
315 2285 441 2315 Cobet:
467 2285 621 2325 οἰομένοις
638 2290 717 2317 cett.
732 2297 738 2318 z
763 2285 873 2328 (δεῖν)
890 2286 1045 2325 οἰομένοις
1063 2286 1148 2315 coni.
1162 2284 1253 2315 Weil
1344 2284 1482 2316 ἅπαντες

164 2326 289 2365 (ἅπαντ’
309 2327 388 2366 FY)
407 2333 485 2359 ante
503 2330 661 2361 ἀναθεῖναι
678 2329 754 2360 add.
772 2330 859 2368 vulg.
877 2341 882 2359 ε
909 2339 972 2360 om.
992 2329 1059 2359 SA
1151 2338 1190 2367 19
1215 2331 1249 2359 ἐκ
1265 2329 1337 2368 μιᾶς
1353 2329 1482 2368 ’γνώμης

162 2369 242 2400 secl.
261 2369 368 2401 Cobet
502 2382 543 2402 20
567 2371 671 2403 οὐκέτ’
689 2378 733 2403 A:
759 2374 815 2404 οὐκ
833 2372 856 2402 S
870 2372 934 2402 FY
947 2371 989 2409 O,
1009 2372 1048 2402 cf.
1070 2372 1113 2400 xii
1136 2381 1173 2409 14
1315 2413 1352 2439 Q*

1519 135 1624 189 [146]

1522 582 1563 618 57

1519 1329 1623 1430 2247]
