1731 2844
161 122 218 178 w]
365 115 367 117 ’
518 124 679 163 ΚΑΤΑ
727 124 1046 162 ΦΙΛΙΠΠΟὙ
1095 125 1128 162 Α
1516 122 1608 179 [4ο]

228 232 394 280 Πρῶτον
432 230 503 279 μὲν
541 229 609 269 οὖν
647 227 715 268 οὐκ
755 226 985 278 ἀθυμητέον,
1026 225 1054 266 ὦ
1095 226 1230 278 ἄνδρες
1267 226 1483 276 Ἀθηναῖοι,
1516 243 1536 269 2

161 299 241 337 τοῖς
271 299 439 347 παροῦσι
472 294 712 347 πράγμασιν,
743 293 821 334 οὐδ’
849 295 882 335 εἰ
912 292 1013 334 πάνυ
1038 293 1201 345 φαύλως
1231 293 1338 345 ἔχειν
1368 296 1484 334 δοκεῖ.

162 361 181 401 ὃ
207 361 281 413 γάρ
307 363 392 402 ἐστι
421 362 624 414 χείριστον
657 361 783 401 αὐτῶν
815 362 855 400 ἐκ
885 364 952 399 τοῦ
982 360 1302 411 παρεληλυθότος
1328 360 1484 413 χρόνου,

162 432 274 468 τοῦτο
305 428 400 480 πρὸς
428 430 475 467 τὰ
503 427 705 478 μέλλοντα
733 427 950 478 βέλτιστον
979 425 1160 479 ὑπάρχει.
1231 427 1273 466 τί
1301 426 1368 466 οὖν
1400 426 1487 466 ἐστι

123 514 141 545 5
161 497 291 541 τοῦτο,
331 495 390 535 ὅτι
410 493 534 540 οὐδέν,
553 492 581 533 ὦ
601 493 738 545 ἄνδρες
754 493 969 544 Ἀθηναῖοι,
988 496 1064 533 τῶν
1083 494 1253 533 δεόντων
1269 492 1485 533 ποιούντων

160 562 265 611 ὑμῶν
293 564 415 602 κακῶς
440 562 488 600 τὰ
512 559 706 612 πράγματ’
726 560 822 615 ἔχει·
860 561 950 600 ἐπεί
971 577 1040 609 τοι,
1065 560 1097 599 εἰ
1123 558 1236 599 πάνθ’
1262 559 1286 598 ἃ
1311 561 1484 610 προσῆκε

161 627 412 678 πραττόντων
449 628 570 669 οὕτως
609 626 729 678 εἶχεν,
767 626 847 667 οὐδ’
884 626 933 667 ἂν
968 626 1082 667 ἐλπὶς
1118 625 1166 675 ἦν
1201 625 1299 665 αὐτὰ
1333 626 1483 675 βελτίω

161 692 358 744 γενέσθαι.
429 693 547 733 ἔπειτ’
573 692 809 743 ἐνθυμητέον
835 694 898 733 καὶ
927 691 1016 743 παρ’
1042 692 1178 732 ἄλλων
1207 691 1393 731 ἀκούουσι
1423 692 1484 732 καὶ
1514 705 1535 740 3

160 763 240 801 τοῖς
266 760 416 800 εἰδόσιν
440 759 570 801 αὐτοῖς
594 758 1015 815 ἀναμιμνῃσκομένοις,
1037 759 1178 809 ἡλίκην
1203 757 1289 799 ποτ’
1310 758 1483 810 ἐχόντων

103 847 141 870 10
160 826 321 877 δύναμιν
354 827 686 877 Λακεδαιμονίων,
717 825 765 876 ἐξ
793 826 836 866 οὗ
864 826 1007 879 χρόνος
1038 825 1082 865 οὐ
1110 825 1246 871 πολύς,
1274 824 1325 886 ᾡς
1355 828 1483 866 καλῶς

161 892 224 932 καὶ
247 893 524 944 προσηκόντως
549 893 660 934 οὐδὲν
685 891 845 942 ἀνάξιον
869 893 977 942 ὑμεῖς
1003 891 1196 943 ἐπράξατε
1221 893 1289 941 τῆς
1314 891 1480 937 πόλεως,

160 958 251 999 ἀλλ’
269 959 494 1010 ὑπεμείναθ’
515 959 610 1011 ὑπὲρ
629 963 706 999 τῶν
725 960 884 1014 δικαίων
903 958 970 998 τὸν
989 957 1085 1010 πρὸς
1105 959 1275 999 ἐκείνους
1293 959 1479 1010 πόλεμον.

160 1026 265 1067 τίνος
289 1026 355 1085 οὖν
382 1014 510 1066 εἵνεκα
534 1029 655 1065 ταῦτα
678 1024 804 1077 λέγω,·
843 1025 891 1065 ἵν’
911 1024 1023 1074 ἴδητ’,
1051 1023 1080 1065 ὦ
1106 1024 1242 1076 ἄνδρες
1265 1023 1480 1074 Ἀθηναῖοι,
1515 1023 1593 1079 [41]

162 1093 223 1132 καὶ
261 1087 475 1146 θεάσησθε,
516 1093 575 1132 ὅτι
613 1091 724 1132 οὐδὲν
762 1092 850 1133 οὔτε
889 1090 1200 1143 φυλαττομένοις
1241 1091 1330 1141 ὑμῖν
1372 1091 1484 1131 ἐστιν

102 1177 138 1210 15
160 1159 351 1210 φοβερόν,
383 1158 475 1204 οὔτ’,
508 1158 555 1210 ἂν
584 1159 814 1210 ὀλιγωρῆτε,
845 1161 1023 1199 τοιοῦτον
1054 1158 1137 1198 οἷον
1166 1156 1215 1197 ἂν
1242 1158 1351 1207 ὑμεῖς
1383 1156 1479 1207 βού-

158 1226 311 1270 λοισθε,
338 1225 629 1276 παραδείγμασι
653 1224 847 1278 χρώμενοι
871 1230 918 1281 τῇ
943 1225 1030 1264 τότε
1054 1224 1163 1279 ῥώμῃ
1189 1227 1265 1263 τῶν
1290 1225 1479 1264 Λακεδαι-

159 1291 316 1341 μονίων,
347 1290 393 1341 ἧς
426 1290 613 1342 ἐκρατεῖτ’
644 1292 686 1330 ἐκ
719 1294 787 1330 τοῦ
820 1290 1034 1344 προσέχειν
1064 1294 1145 1332 τοῖς
1178 1290 1382 1342 πράγμασι
1414 1289 1481 1330 τὸν

158 1360 262 1418 νοῦν,
297 1357 360 1397 καὶ
393 1363 440 1413 τῇ
472 1360 539 1397 νῦν
570 1357 698 1418 &Q
716 1357 866 1403 τούτου,
900 1356 947 1397 δι’
976 1356 1026 1416 ἢν
1056 1356 1310 1413 ταραττόμεθ’
1341 1358 1383 1396 ἐκ
1416 1360 1482 1396 τοῦ

158 1425 278 1473 μηδὲν
314 1423 536 1475 φροντίζειν
573 1424 627 1464 ὧν
663 1425 796 1477 ἐχρῆν.
869 1425 902 1465 εἰ
941 1422 982 1463 δέ
1020 1440 1078 1464 τις
1118 1424 1238 1474 ὑμῶν,
1276 1422 1305 1463 ὦ
1345 1422 1481 1475 ἄνδρες
1512 1438 1533 1472 4

100 1509 139 1530 20
159 1488 374 1540 Ἀθηναῖοι,
395 1489 695 1540 δυσπολέμητον
720 1492 843 1530 οἴεται
867 1489 935 1530 τὸν
956 1490 1159 1530 Φίλιππον
1184 1490 1295 1535 εἶναι,
1322 1493 1482 1530 σκοπῶν

158 1557 203 1595 τό
237 1572 279 1597 τε
313 1558 463 1606 πλῆθος
496 1558 564 1606 τῆς
599 1557 854 1610 ὑπαρχούσης
890 1556 992 1611 αὐτῷ
1029 1556 1226 1607 δυνάμεως
1263 1556 1326 1596 καὶ
1358 1555 1401 1595 τὸ
1433 1557 1482 1596 τὰ

158 1623 283 1675 χωρία
312 1622 424 1663 πάντ’
449 1622 702 1663 ἀπολωλέναι
731 1624 776 1679 τῇ
802 1624 930 1669 πόλει,
957 1624 1081 1675 ὀρθῶς
1109 1625 1182 1673 μὲν
1207 1625 1340 1669 οἴεται,
1367 1627 1478 1675 λογι-

159 1687 298 1729 σάσθω
323 1688 457 1740 μέντοι
480 1688 597 1735 τοῦθ’,
622 1691 682 1730 ὅτι
708 1689 870 1742 εἴχομέν
895 1689 982 1730 ποθ’
1002 1679 1124 1740 ἡμέῖς,
1152 1688 1181 1729 ὦ
1206 1689 1342 1741 ἄνδρες
1362 1688 1478 1739 Ἀθη-

158 1743 456 1801 ιάῖοι,.Πύδναν
487 1757 548 1796 καὶ
581 1757 818 1797 Ποτείδαιαν
848 1756 910 1796 καὶ
940 1756 1135 1806 Μεθώνην
1165 1756 1227 1796 καὶ
1256 1755 1384 1796 πάντα
1413 1755 1481 1796 τὸν

100 1837 137 1869 25
157 1822 278 1862 τόπον
310 1826 447 1863 τοῦτον
481 1823 624 1863 οἰκεῖον
659 1823 799 1877 κύκλῳ,
836 1823 899 1863 καὶ
936 1824 1071 1863 πολλὰ
1104 1826 1181 1863 τῶν
1213 1821 1296 1873 μετ’
1332 1823 1481 1863 ἐκείνου

158 1891 225 1928 νῦν
265 1889 389 1929 ὄντων
436 1890 560 1930 ἐθνῶν
602 1890 919 1940 αὐτονομούμενα
967 1889 1168 1941 κάλερθερ’
1207 1890 1371 1942 ὑπῆρχε,
1418 1888 1479 1928 καὶ

157 1957 313 2005 μᾶλλον
337 1955 429 2006 ἡμῖν
455 1955 635 2006 ἐβούλετ’
662 1956 769 2010 ἔχειν
799 1957 951 1998 οἰκείως
979 1953 1002 2006 ἢ
1028 1955 1169 2010 ’κείνῳ.
1241 1957 1273 1996 εἰ
1303 1956 1433 1996 τοίνυν
1458 1955 1478 1994 ὁ
1510 1965 1528 2002 5

158 2022 357 2064 Φίλιππος
373 2022 462 2062 τότε
476 2023 620 2072 ταύτην
637 2022 736 2076 ἔσχε
750 2023 821 2073 τὴν
837 2023 1009 2075 γνώμην,
1028 2023 1078 2064 ὡς
1094 2022 1274 2075 χαλεπὸν
1290 2025 1479 2072 πολεμεῖν

158 2088 266 2128 ἐστιν
299 2087 524 2139 Ἀθηναίοις
560 2088 702 2142 ἔχουσι
733 2089 892 2130 τοσαῦτ’
928 2089 1232 2142 ἐπιτειχίσματα
1263 2091 1331 2139 τῆς
1364 2089 1480 2128 αὑτοῦ

99 2167 139 2198 30
157 2154 288 2206 χώρας
316 2154 459 2205 ἔρημον
484 2156 580 2195 ὄντα
609 2155 841 2209 συμμάχων,
870 2156 982 2197 οὐδὲν
1006 2155 1055 2195 ἂν
1078 2157 1133 2196 ὧν
1158 2155 1243 2196 νυνὶ
1268 2155 1479 2204 πεποίηκεν

198 2263 219 2292 6
242 2275 291 2294 τοι
308 2263 336 2294 εἰ
354 2262 490 2294 Bekker
504 2266 562 2302 (ex
582 2263 615 2293 ix
632 2264 685 2302 53:
705 2266 735 2295 εἵ
745 2278 794 2296 τοι
810 2265 833 2295 S
847 2264 874 2295 B
888 2264 930 2296 F:
952 2265 1003 2295 τοί
1018 2277 1057 2304 ’γε
1077 2265 1104 2295 εἰ
1117 2263 1203 2302 vulg.
1301 2273 1337 2293 12
1362 2264 1479 2300 Ἑλλη-

158 2308 250 2337 νικῶν
265 2311 343 2336 ante
361 2307 488 2338 δικαίων
504 2307 579 2337 add.
600 2307 631 2337 A
643 2306 673 2337 Y
691 2319 697 2337 :
726 2317 789 2338 om.
810 2308 834 2339 S
847 2308 887 2345 O,
909 2307 948 2338 cf.
969 2307 991 2336 ii
1009 2317 1060 2345 24,
1081 2317 1125 2337 xv
1142 2317 1184 2345 29
1327 2316 1364 2345 13
1388 2308 1478 2343 ἴδητε

158 2347 279 2422 εΒὲὲΞδε
311 2351 415 2387 εἰδῆτε
442 2350 538 2381 codd.
712 2360 750 2390 15
782 2350 953 2387 βούλοισθε
979 2350 1018 2382 G.
1040 2350 1085 2382 H.
1105 2349 1290 2382 Schaeser:
1315 2350 1478 2387 βούλησθε

1309 2434 1348 2466 3*
