1763 2828
111 113 233 167 [399]

166 426 227 469 185

161 886 226 921 186

161 1352 224 1393 187

107 1612 228 1669 [400]

163 1954 228 1989 188

685 115 1169 154 AHMOEQENOTE
1501 110 1587 166 [xxx

262 218 562 265 πολιτεύεσθαι,·
600 217 648 259 ἂν
679 219 720 259 δὲ
750 218 796 268 δὴ
829 219 890 259 καὶ
920 217 1016 270 πρὸς
1044 219 1069 259 ἃ
1096 221 1178 260 τοῖς
1209 219 1364 270 ἐχθροῖς
1396 217 1590 270 συμφέρει

261 284 366 336 δῶρά
389 277 448 327 τις
477 283 699 335 λαμβάνων
723 284 837 340 λέγῃ,
866 289 946 327 πῶς
972 284 1060 338 οὐχὶ
1086 285 1148 326 καὶ
1174 284 1463 331 κινδυνεύσετε,·
1501 284 1590 326 οὐδέ

261 368 305 403 γε
334 352 424 394 τοὺς
457 352 623 405 χρόνους
656 352 747 392 ἴσον
780 351 864 392 ἔστ’
895 350 1047 402 ἀδίκημ’
1079 352 1312 404 ὀλιγαρχίας
1344 348 1367 402 ἢ
1399 350 1588 402 τυράννου

260 418 505 470 παρελέσθαι
532 419 594 459 καὶ
613 419 733 468 ὑμῶν·
772 418 851 458 οὐδ’
871 419 1009 470 ὀλίγου
1028 421 1097 459 δεῖ.
1158 419 1200 458 ἐν
1220 418 1385 461 ἐκείναις
1407 420 1479 469 μὲν
1498 417 1586 470 γάρ,

260 485 378 536 οἶμαι,
406 489 490 527 ταῖς
516 485 733 527 πολιτείαις
759 484 872 526 πάντ’
892 484 938 536 ἐξ
962 484 1225 536 ἐπιτάγματος
1251 483 1371 535 ὀξέως
1395 485 1585 537 γίγνεται·
1605 500 1623 531 5

258 551 347 602 ὑμῖν
378 553 419 592 δὲ
449 555 603 603 πρῶτον
634 553 706 601 μὲν
735 550 807 601 τὴν
835 551 990 602 βουλὴν
1021 552 1187 591 ἀκοῦσαι
1219 552 1306 602 περὶ
1337 550 1494 592 πάντων
1525 551 1587 591 καὶ

259 621 556 670 προβουλεῦσαι
587 620 657 663 δεῖ,
691 617 752 658 καὶ
781 618 887 658 τοῦθ’
918 620 1012 659 ὅταν
1039 617 1063 674 ᾗ
1094 617 1228 670 κήρυξι
1262 619 1323 658 καὶ
1354 618 1587 669 πρεσβείαις

258 683 622 736 προγεγραμμένον,
645 683 712 724 οὐκ
733 685 806 725 ἀεί·
844 684 914 726 εἶτ’
933 686 1148 735 ἐκκλησίαν
1167 686 1342 735 ποιῆσαι,
1363 684 1424 725 καὶ
1443 685 1587 735 ταύτην

257 751 352 791 ὅταν
370 752 413 791 ἐκ
433 754 509 792 τῶν
530 751 661 802 νόμων
683 749 845 807 καθήκῃ.
906 751 991 792 εἶτα
1017 754 1209 804 κρατῆσαι
1229 752 1290 792 καὶ
1309 750 1587 803 περιγενέσθαι

257 819 317 857 δεῖ
349 817 439 860 τοὺς
472 819 520 858 τὰ
556 816 756 868 βέλτιστα
792 816 985 870 λέγοντας
1018 821 1096 858 τῶν
1132 814 1156 868 ἢ
1192 818 1240 858 δι’
1273 817 1436 870 ἄγνοιαν
1468 815 1490 867 ἢ
1523 819 1587 858 διὰ
1607 831 1647 854 10

255 885 475 936 μοχθηρίαν
512 885 815 936 ἀντιλεγόντων.
888 883 951 937 ἐφ’
986 884 1112 925 ἅπασι
1147 886 1189 924 δὲ
1225 885 1389 931 τούτοις,
1429 886 1586 925 ἐπειδὰν

257 950 319 990 καὶ
353 950 589 1003 δεδογμένον
623 949 647 1006 ᾗ
678 950 741 991 καὶ
775 950 978 1003 συμφέρον
1012 951 1084 1002 ἤδη
1119 952 1319 1003 φαίνηται,
1351 951 1496 1004 χρόνον
1528 952 1590 991 δεῖ

256 1018 418 1067 δοθῆναι
442 1023 490 1074 τῇ
515 1021 593 1058 τῶν
618 1021 783 1058 πολλῶν
809 1018 1013 1072 ἀδυναμίᾳ,
1035 1019 1076 1058 ἐν
1097 1016 1125 1073 ᾧ
1145 1018 1206 1058 καὶ
1230 1021 1454 1069 ποριοῦνται
1480 1015 1586 1058 ταῦθ’

255 1083 309 1123 ὧν
325 1082 373 1123 ἂν
389 1082 567 1131 δέωνται,
590 1084 696 1126 ὅπως
716 1085 765 1124 τὰ
785 1082 954 1134 δόξαντα
973 1085 1037 1125 καὶ
1058 1087 1256 1134 δυνηθῶσι
1270 1086 1445 1135 ποιῆσαι.
1500 1085 1521 1123 ὁ
1541 1082 1586 1134 δὴ

255 1149 343 1192 τοὺς
368 1151 535 1204 χρόνους
559 1151 719 1193 τούτους
745 1151 916 1203 ἀναιρῶν
939 1153 1009 1201 τῆς
1038 1152 1101 1191 οἵα
1125 1150 1214 1203 παρ’
1237 1151 1331 1202 ἡμῖν
1358 1152 1446 1192 ἐστι
1470 1157 1584 1191 πολι-
1609 1165 1646 1197 15

255 1217 372 1263 τείας,
408 1217 452 1257 οὐ
490 1218 658 1271 χρόνους
696 1215 889 1274 ἀνῄρηκεν
921 1217 1046 1265 οὗτος,
1080 1218 1137 1264 οὔ,
1171 1218 1277 1259 ἀλλὰ
1308 1219 1357 1258 τὰ
1388 1216 1585 1270 πράγμαθ’

256 1284 392 1326 ἁπλῶς
418 1282 632 1340 ἀφῄρηται.

317 1349 439 1390 '‘Eo-re
476 1351 609 1392 τοίνυν
643 1367 701 1393 τις
736 1352 947 1405 πρόχειρος
981 1353 1102 1404 λόγος
1137 1354 1237 1393 πᾶσι
1269 1355 1352 1394 τοῖς
1388 1349 1587 1402 ἐξαπατᾶν

256 1417 354 1466 ὑμᾶς
390 1416 670 1468 βουλομένοις,
703 1420 766 1459 ‘oz
801 1417 1060 1471 ταράττοντες
1094 1418 1166 1470 τὴν
1203 1419 1334 1465 πόλιν,
1372 1419 1409 1459 οἱ
1446 1421 1584 1458 διακω-

257 1482 419 1525 λύοντες
453 1485 659 1525 (Ρίλιππον
691 1485 733 1525 εὗ
766 1487 930 1535 ποιῆσαι
963 1485 1034 1536 τὴν
1066 1485 1213 1526 πόλιν.’
1282 1484 1378 1537 πρὸς
1410 1484 1477 1526 οὓς
1508 1484 1587 1535 ἐγὼ
1608 1500 1648 1521 20

258 1549 383 1602 λόγον
411 1552 483 1601 μὲν
517 1550 642 1592 οὐδέν’
670 1552 757 1602 ἐρῶ,
784 1553 853 1593 τὰς
883 1551 914 1591 δ’
941 1553 1155 1593 ἐπιστολὰς
1184 1553 1275 1602 ὑμῖν
1304 1551 1588 1603 ἀναγνώσομαι

259 1617 328 1658 τὰς
346 1620 414 1657 τοῦ
434 1619 653 1667 Φιλίππου,
677 1618 739 1658 καὶ
758 1618 847 1660 τοὺς
868 1618 1022 1670 καιροὺς
1043 1617 1106 1670 ἐφ’
1122 1619 1176 1659 ὧν
1192 1617 1326 1659 ἕκαστ’
1344 1616 1586 1668 ἐξηπάτησθ’

258 1682 487 1735 ὑπομνήσω,
520 1683 568 1724 ἵν’
601 1683 720 1734 εἰδῆθ’
746 1685 806 1725 ὅτι
833 1684 877 1725 τὸ
909 1684 1068 1738 ψυχρὸν
1095 1684 1197 1725 τοῦτ’
1227 1686 1361 1735 ὄνομα,
1391 1683 1437 1724 τὸ
1468 1683 1588 1737 ’ἄχρι

259 1749 401 1801 κόρου,’
429 1749 671 1803 παρελήλυθ’
697 1752 845 1793 ἐκεῖνος
871 1752 1093 1804 φενακίζων
1116 1752 1226 1802 ὑμᾶς.

698 1864 918 1894 ΕΠΙΣΤΟΛΑΙ
950 1865 1158 1892 ΦΙΛΙΠΠΟὙ.
1609 1869 1648 1900 25

326 1945 442 1985 Οὕτω
479 1945 609 1986 τοίνυν
645 1946 794 1999 αἰσχρὰ
832 1946 894 1986 καὶ
930 1947 1063 1987 πολλὰ
1100 1946 1162 1987 καὶ
1197 1945 1327 1987 πάντα
1363 1944 1446 1986 καθ’
1480 1945 1588 1996 ὑμῶν

1104 2012 1115 2026 Χ

259 2013 570 2063 πεπρεσβευκὼς
600 2012 759 2065 περιιὼν
788 2013 912 2066 λέγει,
937 2015 947 2031 ‘
966 2015 1006 2054 τί
1032 2013 1065 2053 δ’
1096 2018 1144 2054 ἄν
1178 2014 1302 2055 εἴποις
1334 2013 1422 2065 περὶ
1454 2016 1585 2063 Δημο-

260 2078 439 2126 σθένους,
478 2078 520 2121 ὃς
557 2083 636 2120 τῶν
673 2079 968 2132 συμπρέσβεων
1006 2079 1256 2133 κατηγορεῖ;’
1303 2079 1349 2131 νὴ
1389 2079 1471 2126 Δί’,
1511 2081 1588 2120 εἴτε

302 2198 321 2219 2
346 2187 569 2221 κινδυνεύσετε
587 2188 611 2220 S
625 2188 670 2220 L:
698 2188 936 2222 κινδυνεύσεται
953 2189 1043 2230 vulg.
1174 2202 1191 2229 4
1217 2202 1255 2231 ’γε
1273 2194 1351 2221 ante
1368 2191 1418 2221 δεῖ
1431 2189 1506 2220 add.
1525 2189 1548 2220 S
1561 2188 1587 2219 L

257 2231 368 2271 vulg:
395 2243 459 2264 om.
480 2231 523 2269 A,
542 2232 584 2263 cf.
603 2233 658 2263 xvi
680 2234 728 2272 16,
747 2234 828 2264 xxiv
848 2243 908 2273 195
1018 2243 1056 2273 15
1080 2233 1213 2266 τούτους
1229 2244 1294 2265 om.
1314 2233 1447 2264 Dobree
1537 2234 1589 2264 οἵα

259 2275 325 2306 SA
338 2275 384 2305 P:
410 2276 476 2308 οἵας
495 2276 521 2306 L
537 2276 625 2315 vulg.
646 2276 766 2315 Cobet,
785 2277 824 2308 cs.
847 2280 862 2315 ξ
881 2287 955 2316 254.
975 2277 1043 2308 xxii
1063 2278 1114 2315 64.
1135 2278 1216 2307 xxiv
1236 2278 1294 2317 185
1434 2279 1504 2308 ἐστι
1521 2275 1587 2307 del.

258 2319 365 2349 Cobet
534 2330 576 2358 23
600 2320 742 2351 alterum
759 2322 796 2352 τὸ
813 2331 877 2352 om.
899 2321 1004 2352 Bekk.
1022 2320 1151 2353 Anecd.
1317 2331 1357 2359 24
1384 2323 1502 2353 ἐκεῖνος
1519 2330 1583 2351 om.

259 2361 366 2393 Bekk.
385 2361 513 2393 Anecd.
605 2364 686 2403 ἡμᾶς
703 2364 881 2405 φενακίζων
899 2363 1006 2395 Bekk.
1025 2364 1156 2396 Anecd.
1284 2374 1324 2403 25
1350 2364 1520 2396 ἐπιστολαὶ
1538 2362 1563 2393 L
1581 2374 1587 2393 :

260 2406 419 2445 ἐπιστολὴ
438 2405 462 2437 S
480 2406 568 2445 vulg.
703 2416 742 2446 27
769 2409 867 2440 εἴποις
886 2407 909 2438 S
921 2407 952 2438 A
964 2407 994 2438 Y
1010 2418 1016 2438 :
1045 2410 1133 2446 εἴπης
1152 2407 1197 2439 L:
1223 2409 1305 2440 εἴποι
1322 2420 1370 2440 τις
1387 2407 1477 2447 vulg.
