1747 2844
174 129 260 184 xm]
397 135 541 172 ΠΕΡΙ
589 135 711 173 ΤΗΣ
758 136 1277 174 ΠΑΡΑΠΡΕΣΒΕῙΑΣ
1524 136 1640 190 [393]

173 236 394 278 ἀκούσεσθε
424 239 464 278 τί
489 239 606 279 ποιῶν
630 238 868 279 διετέλεσεν.
938 240 978 279 τί
1003 239 1071 279 οὖν
1096 238 1144 289 ἦν
1168 242 1281 278 τοῦτο
1310 239 1353 278 τὸ
1386 246 1494 296 κοινῇ

171 302 340 357 χρήμαθ’
358 304 450 355 ἡμῖν
469 303 537 344 τὸν
557 305 758 345 Φίλιππον
778 305 945 351 διδόναι;
985 305 1048 345 ἵνα
1071 307 1169 355 μηδὲ
1188 305 1290 345 τοῦτ’
1311 306 1491 358 ἀγνοῆτε,
1529 313 1590 355 167

172 371 319 411 ἐκεῖνος
350 370 450 421 ἡμᾶς
486 371 761 420 διεκωδώνιζεν
790 370 978 413 ἅπαντας·
1016 372 1104 411 τίνα
1135 372 1301 423 τρόπον,·
1340 372 1493 426 ἑκάστῳ

172 436 444 488 προσπέμπων
477 437 555 491 ἰδίᾳ
589 438 650 477 καὶ
679 437 783 477 πολύ
811 436 861 489 γ’,
893 436 923 477 ὦ
956 436 1093 489 ἄνδρες
1120 436 1336 488 Ἀθηναῖοι,
1368 438 1496 480 διδοὺς

133 519 150 551 5
171 505 350 556 χρυσίον.
423 503 473 545 ὡς
493 502 525 543 δ’
545 503 784 556 ἀπετύγχαν’
804 503 1043 554 ὁτουδήποτε
1062 504 1121 554 (οὐ
1136 505 1212 556 γὰρ
1229 503 1297 555 ἐμέ
1314 503 1351 556 γ’
1372 505 1494 545 εἰπεῖν

172 569 338 620 ἐμαυτὸν
364 572 433 615 δεῖ,
462 570 567 609 ἀλλὰ
592 569 716 622 τᾶργα
745 570 807 610 καὶ
832 572 880 610 τὰ
903 569 1146 623 πεπραγμέν’
1172 570 1269 610 αὐτὰ
1294 569 1494 620 δηλώσει),

170 637 219 675 τὰ
237 641 345 692 κοινῇ
361 635 527 676 δοθέντα
544 634 693 678 πάντας
711 635 834 689 ἡγεῖτ’
851 635 996 687 εὐήθως
1011 636 1232 689 λήψεσθαι·
1267 637 1497 689 ἀσφάλειαν

171 701 239 742 οὖν
264 701 429 742 ἔσεσθαι
449 705 531 744 τοῖς
556 703 633 756 ἰδίᾳ
653 703 899 755 πεπρακόσιν
918 704 1068 750 αὑτούς,
1092 704 1126 744 εἰ
1151 703 1214 743 καὶ
1240 705 1334 743 κατὰ
1358 703 1497 756 μικρὸν

170 771 239 807 τοῦ
266 771 412 819 λαβεῖν
443 769 550 825 κοινῇ
579 768 724 811 πάντες
750 769 1032 823 μετάσχοιμεν.
1104 771 1168 810 διὰ
1195 769 1300 809 ταῦτ’
1330 772 1494 816 ἐδίδοτο,

112 849 151 871 10
171 833 280 885 ξένια
304 834 348 884 δὴ
374 836 594 887 πρόφασιν.
655 836 786 886 ἐπειδὴ
813 835 845 875 δ’
866 836 1033 877 ἐκώλυσ’
1053 837 1144 888 ἐγώ,
1165 835 1287 877 πάλιν
1311 840 1494 888 προσδιε-
1531 844 1594 879 168

171 903 353 953 νείμαντο
378 901 482 942 τοῦθ’
507 902 624 943 οὗτοι.
684 906 737 957 τῷ
758 904 946 958 Φιλίππῳ
972 903 1018 949 δ’,
1040 902 1172 952 ἐπειδὴ
1199 902 1303 943 ταῦτ’
1329 904 1383 944 εἰς
1408 903 1497 944 τοὺς

171 969 446 1021 αἰχμαλώτους
477 968 611 1019 ἠξίουν
643 969 760 1010 αὐτὸν
793 970 1026 1010 ἀναλίσκειν
1057 970 1147 1022 ἐγώ,
1180 970 1267 1010 οὔτε
1300 974 1497 1010 κατειπεῖν

172 1035 321 1076 τούτων
354 1035 438 1088 εἶχε
471 1039 599 1077 καλῶς
632 1035 711 1076 οὐδ’
743 1037 866 1077 εἰπεῖν
897 1037 958 1077 ὅτι
992 1035 1111 1076 ’ἀλλ’
1141 1036 1304 1089 ἔχουσιν
1337 1037 1357 1076 6
1390 1039 1498 1077 δεῖνα

174 1102 235 1141 καὶ
272 1103 292 1141 ὁ
328 1101 463 1148 δεῖνα,’
498 1103 586 1142 οὔτε
618 1105 762 1155 φυγεῖν
792 1102 1019 1154 τάνάλωμα·
1056 1103 1293 1155 ὡμολόγησε
1327 1105 1400 1153 μὲν
1435 1102 1494 1153 δή,
1529 1105 1649 1161 [394]

114 1181 150 1213 15
173 1169 427 1221 διεκρούσατο
447 1168 480 1208 δ’
503 1170 557 1210 εἷς
575 1170 623 1208 τὰ
642 1168 901 1219 Παναθήναια
920 1169 1055 1222 φήσας
1074 1169 1342 1222 ἀποπέμψειν.
1402 1169 1497 1221 λέγε

171 1234 243 1284 τὴν
267 1236 481 1287 μαρτυρίαν
500 1234 571 1285 τὴν
591 1235 937 1287 Ἀπολλοφάνους,
960 1236 1043 1276 εἶτα
1067 1235 1139 1286 τὴν
1162 1239 1241 1276 τῶν
1259 1235 1396 1276 ἄλλων
1419 1240 1497 1276 τῶν

169 1302 386 1353 παρόντων.

727 1365 936 1394 ΜΑΡΤΎΡῙΑ.

238 1432 341 1485 Φέρε
380 1432 427 1483 δὴ
468 1433 530 1473 καὶ
567 1433 685 1475 ὅσους
724 1433 839 1475 αὐτὸς
877 1432 1083 1484 ἐλυσάμην
1118 1437 1196 1475 τῶν
1233 1434 1499 1487 αἰχμαλώτων
1534 1439 1598 1484 169

110 1516 150 1540 20
171 1499 268 1540 εἴπω
294 1498 391 1551 πρὸς
417 1500 528 1551 ὑμᾶς.
600 1501 642 1539 ἐν
666 1500 750 1554 ὅσῳ
775 1501 850 1551 γὰρ
875 1500 966 1553 οὐχὶ
990 1501 1184 1552 παρόντος
1207 1518 1267 1541 πω
1297 1501 1499 1541 Φιλίππου

171 1566 420 1619 διετρίβομεν
447 1567 489 1607 ἐν
515 1565 669 1622 Πέλλῃ,
699 1565 795 1606 ἔνιοι
822 1570 900 1607 τῶν
930 1567 1175 1612 ἑαλωκότων,
1203 1568 1368 1618 ὅσοιπερ
1394 1566 1499 1618 ἦσαν

169 1631 466 1685 ἐξηγγυημένοι,
503 1633 773 1679 ἀπιστοῦντες,
809 1632 860 1675 ὡς
896 1634 982 1684 ἐμοὶ
1018 1636 1136 1680 δοκεῖ,
1171 1632 1223 1684 μὴ
1257 1632 1504 1684 δυνήσεσθαί

168 1716 218 1750 με
245 1702 368 1740 ταῦτα
395 1703 532 1741 πεῖσαι
558 1699 627 1740 τὸν
651 1700 868 1746 Φίλιππον,
897 1700 1056 1742 ἑαυτοὺς
1085 1700 1245 1752 ἔφασαν
1275 1700 1500 1751 βούλεσθαι

168 1765 368 1806 λύσεσθαι
394 1767 456 1807 καὶ
481 1767 673 1817 μηδεμίαν
698 1766 837 1807 τούτου
860 1765 978 1820 χάριν
1003 1767 1112 1820 ἔχειν
1137 1771 1190 1821 τῷ
1211 1768 1414 1821 Φιλίππῳ,
1438 1767 1499 1806 καὶ

111 1849 149 1882 25
170 1832 414 1882 ἐδανείζοντο
430 1833 450 1871 6
465 1835 537 1883 μὲν
553 1836 656 1884 τρεῖς
674 1835 784 1883 μνᾶς,
803 1834 823 1873 6
840 1835 881 1874 δὲ
901 1832 1031 1879 πέντε,
1050 1834 1070 1872 6
1090 1832 1122 1874 δ’
1138 1834 1243 1876 ὅπως
1261 1833 1499 1884 συνέβαινεν

169 1898 324 1953 ἑκάστῳ
339 1900 388 1939 τὰ
405 1899 542 1951 λύτρα.
605 1899 737 1949 ἐπειδὴ
755 1900 886 1941 τοίνυν
906 1899 1136 1952 ὡμολόγησ’
1152 1901 1172 1939 ὁ
1189 1901 1390 1941 Φίλιππος
1409 1899 1499 1942 τοὺς
1533 1912 1598 1948 170

168 1965 331 2008 λοιποὺς
350 1965 560 2012 λύσεσθαι,
584 1965 838 2018 συγκαλέσας
858 1967 936 2019 ἐγὼ
956 1967 1114 2009 τούτους
1134 1967 1192 2009 οῖς
1211 1966 1325 2008 αὐτὸς
1345 1966 1499 2019 ἔχρησα

216 2084 276 2104 1-2
300 2074 333 2106 τί
349 2073 403 2106 οὖν
420 2099 427 2107 .
446 2098 453 2105 .
475 2099 481 2106 .
499 2074 633 2111 διδόναι;
650 2085 724 2105 curn
742 2074 868 2107 Weilio
888 2075 1086 2115 interpunxi
1229 2085 1249 2114 3
1275 2074 1499 2115 διεκωδώνιζεν

170 2118 193 2147 S
208 2117 274 2147 LY
288 2129 294 2147 :
331 2119 559 2150 διεκωδώνισεν
576 2117 664 2155 vulg.
687 2118 853 2158 Harpocr.
871 2129 898 2151 s.
912 2130 941 2150 v.
1088 2119 1162 2151 τίνα
1180 2118 1204 2148 S
1217 2118 1243 2148 L
1256 2118 1326 2157 AQ
1337 2118 1368 2148 Y
1384 2129 1390 2148 τ
1426 2120 1499 2151 τινὰ

167 2161 255 2200 vulg.
315 2160 442 2201 ἑκάστῳ
459 2166 538 2191 ante
555 2161 627 2193 τίνα
643 2160 673 2199 Q
689 2173 696 2191 τ
720 2167 799 2192 ante
816 2163 888 2195 τινὰ
905 2162 936 2193 O
953 2174 959 2193 :
984 2168 1060 2202 post
1077 2162 1294 2204 προσπέμπων
1310 2162 1361 2191 A:
1387 2171 1451 2192 om.
1473 2162 1499 2192 F

167 2214 188 2242 9
213 2206 300 2246 κοινῇ
319 2209 396 2243 post
412 2206 529 2241 λαβεῖν
547 2204 570 2233 S
583 2204 609 2234 L
622 2203 653 2234 A
665 2203 694 2234 Y
710 2215 717 2234 τ
741 2210 820 2236 ante
837 2209 955 2243 λαβεῖν
971 2206 1062 2244 vulg.
1221 2214 1260 2235 10
1283 2206 1322 2243 δὴ
1339 2204 1499 2246 πρόφασιν

170 2247 206 2277 S¹
224 2247 316 2278 solus
331 2258 338 2277 2
366 2246 393 2278 δ’
411 2247 450 2284 ἧν
466 2247 626 2288 πρόφασις
642 2247 674 2277 Α
690 2258 696 2277 ;
724 2247 751 2279 δ’
768 2247 808 2286 ἦν
824 2249 844 2287 ἡ
861 2249 1018 2291 πρόφασις
1038 2250 1063 2279 L
1079 2247 1168 2286 vulg.
1350 2257 1385 2277 11
1411 2248 1496 2280 τοῦθ’

168 2296 247 2321 ante
265 2289 351 2322 οὗτοι
369 2300 433 2322 οῐῃ.
451 2290 541 2329 vulg.
558 2302 563 2320 z
590 2291 666 2321 add.
686 2290 710 2321 S
724 2291 751 2321 L
889 2302 926 2331 13
951 2293 1014 2324 οὐδ’
1035 2292 1059 2322 F
1073 2292 1100 2322 B
1112 2291 1142 2330 Q
1156 2291 1185 2322 O
1203 2303 1209 2322 :
1235 2293 1308 2323 οὔτε
1327 2291 1350 2322 S
1365 2291 1390 2321 L
1406 2291 1496 2330 vulg.

169 2344 211 2364 20
233 2336 290 2365 τοῦ
306 2339 383 2364 ante
400 2334 556 2365 Φιλίππου
573 2333 648 2364 add.
668 2333 755 2373 vulg.
775 2345 781 2364 τ
807 2344 870 2367 om.
893 2336 916 2366 S
931 2336 968 2365 L¹
1138 2345 1179 2374 23
1203 2348 1241 2374 με
1261 2334 1286 2364 F
1302 2348 1352 2376 γρ.
1374 2334 1402 2364 Β
1419 2348 1469 2376 γρ.
1489 2346 1496 2366 :

168 2377 249 2415 μετὰ
267 2376 290 2407 S
305 2377 331 2406 L
347 2376 435 2415 vulg.
560 2377 602 2407 26
623 2377 766 2408 alterum
784 2380 800 2410 ὁ
817 2379 860 2420 δ’]
879 2381 908 2411 οἱ
924 2380 950 2411 δ’
966 2377 1006 2408 Α1
1128 2387 1168 2416 27
1194 2378 1348 2410 λύσεσθαι
1369 2377 1392 2408 S
1405 2378 1431 2408 L
1444 2378 1473 2408 Y
1489 2389 1496 2408 ε

169 2420 326 2452 λύσασθαι
344 2420 431 2461 vulg.
