1731 2844
139 154 194 208 w]
493 158 651 196 ΚΑΤΑ
700 158 1018 195 ΦΙΛΙΠΠοτ
1068 160 1096 195 Β
1484 159 1569 214 [74]

138 262 191 302 εἷς
228 260 542 311 Πελοπόννησον
579 260 707 312 κύριος
744 260 919 312 γέγονεν,
957 262 1018 301 καὶ
1056 260 1240 313 πεποίηχ’
1275 262 1365 312 ὑμῖν
1400 262 1451 312 μὴ

137 328 224 378 περὶ
249 330 327 367 τῶν
350 328 508 367 δικαίων
531 326 620 378 μηδ’
644 327 739 379 ὑπὲρ
772 330 850 366 τῶν
884 326 958 377 ἔξω
992 326 1232 378 πραγμάτων
1259 327 1357 367 εἶναι
1383 328 1453 377 τὴν

135 391 301 444 βουλήν,
328 392 419 433 ἀλλ’
444 394 540 445 ὑπὲρ
566 395 642 433 τῶν
668 394 710 433 ἐν
734 397 781 449 τῇ
812 392 921 446 χώρᾳ
952 393 1014 433 καὶ
1044 396 1111 432 τοῦ
1143 392 1240 444 πρὸς
1265 393 1336 443 τὴν
1361 393 1450 433 Ἀτ-

135 459 246 508 τικὴν
285 458 470 510 πολέμου,
511 458 553 501 ’ὸς
591 457 763 509 λυπήσει
801 461 872 509 μὲν
915 459 1097 505 ἕκαστον,
1138 459 1296 499 ἐπειδὰν
1334 466 1449 516 παρῇ,

98 540 114 573 5
135 525 298 578 ’γέγονεν
324 525 356 565 δ’
381 527 423 566 ἐν
447 526 575 581 ἐκείνῃ
600 531 647 582 τῇ
671 524 807 579 ἡμέρᾳ.
878 526 911 565 εἶ
943 527 1019 577 γὰρ
1050 525 1102 576 μὴ
1132 526 1452 577 παρεκρούσθητε
1483 530 1527 574 36

135 590 216 632 τόθ’
241 592 361 642 ὑμεῖς,
388 591 499 631 οὐδὲν
523 590 571 632 ἂν
600 590 647 641 ἦν
677 597 724 648 τῇ
754 592 868 632 πόλει
897 594 1070 643 πρᾶγμα·
1108 592 1197 632 οὔτε
1229 593 1304 644 γὰρ
1335 593 1452 633 ναυσὶ

134 656 257 708 δήπου
293 656 490 709 κρατήσας
528 659 581 699 εἷς
620 657 690 707 τὴν
727 657 908 708 Ἀττικὴν
945 656 1066 708 ἦλθεν
1103 657 1150 698 ἄν
1187 674 1282 699 ποτε
1318 659 1451 713 στόλῳ

134 725 343 769 Φίλιππος,
372 724 459 764 οὔτε
483 724 580 780 πεζῇ
603 725 776 775 βαδίζων
800 725 896 776 ὑπὲρ
925 726 994 766 τὰς
1020 724 1158 766 Πύλας
1189 725 1250 765 καὶ
1275 724 1448 771 Φωκέας,

133 786 271 840 ἀλλ’ἢ
301 792 347 830 τὰ
377 790 491 830 δίκαι’
517 790 565 830 ἂν
595 791 718 831 ἐποίει
754 792 815 831 καὶ
846 790 918 841 τὴν
951 790 1106 843 εἰρήνην
1138 790 1247 843 ἄγων
1278 791 1451 846 ἡσυχίαν

76 872 114 894 ιο
134 856 252 909 εἶχεν,
279 853 301 906 ἢ
327 856 551 909 παραχρῆμ’
577 857 624 898 ἂν
651 856 697 906 ἦν
723 859 765 898 ἐν
790 858 909 912 ὁμοίῳ
935 857 1095 912 πολέμῳ
1122 857 1169 898 δι’
1196 857 1242 898 ὃν
1264 859 1354 899 τότε
1382 860 1451 908 τῆς

133 921 285 974 εἰρήνης
323 924 581 974 ἐπεθύμησεν.
651 923 758 964 ταῦτ’
794 924 874 969 οὖν,
915 924 965 965 ὡς
999 925 1072 975 μὲν
1106 925 1347 975 ὑπομνῆσαι,
1381 928 1450 965 νῦν
1481 934 1524 970 37

133 990 272 1031 ἱκανῶς
307 991 466 1041 εἴρηται,
501 989 552 1032 ὡς
584 989 617 1030 δ’
650 989 698 1030 ἂν
731 989 961 1041 ἐξετασθείη
992 989 1155 1041 μάλιστ’
1181 992 1365 1043 ἀκριβῶς,
1395 990 1448 1042 μὴ

132 1055 288 1107 γένοιτ’,
324 1054 353 1095 ὦ
390 1055 531 1098 πάντες
564 1057 658 1096 θεοί·
697 1056 836 1097 οὐδένα
867 1058 943 1109 γὰρ
974 1058 1199 1108 βουλοίμην
1235 1057 1353 1109 ἔγωγ’
1386 1057 1446 1103 ἄν,

132 1121 212 1161 οὐδ’
237 1123 270 1163 εἷ
295 1122 439 1165 δίκαιός
466 1122 547 1163 ἐστ’
574 1122 837 1169 ἀπολωλέναι,
864 1124 963 1174 μετὰ
987 1127 1055 1164 τοῦ
1082 1123 1241 1165 πάντων
1272 1123 1449 1164 κινδύνου

73 1200 110 1232 15
131 1188 194 1228 καὶ
218 1190 287 1240 τῆς
313 1189 448 1240 ζημίας
471 1190 582 1239 δίκην
605 1190 813 1245 ὑποσχεῖν.

180 1308 219 1341 In
236 1309 261 1341 S
280 1309 506 1348 subscriptum

610 1357 717 1386 RATA
740 1357 939 1384 ΦΙΛΙΠΠΟΎ
962 1357 985 1384 Β

646 1394 950 1429 ΗΗωΔΔΔΔ

166 2477 350 2510 DEMOSTH.,
370 2481 444 2503 vot..
466 2482 486 2502 1.
1289 2470 1309 2503 ὅ
