1747 2844
214 132 300 185 xm]
438 138 581 175 ΠΕΡΙ
628 138 750 175 ΤΗΣ
798 138 1311 175 ΠΑΡΑΠΡΕΣΒΕΙΑΣ

212 241 280 289 τῆς
306 240 369 280 ἐπὶ
388 239 476 281 τοὺς
496 241 631 292 ὅρκους
651 241 761 296 τρίτῃ
781 240 846 281 ἐπὶ
865 240 957 280 δέκα
977 243 1044 279 τοῦ
1064 242 1373 291 σκιροφοριῶνος
1397 240 1531 291 μηνός,

214 305 275 346 καὶ
308 308 435 358 παρῆν
468 307 488 345 ὁ
518 307 718 348 Φίλιππος
750 307 793 346 ἐν
824 306 979 347 Πύλαις
1013 305 1084 356 ἤδη
1120 307 1182 346 καὶ
1215 309 1298 347 τοῖς
1328 308 1535 347 Φωκεῦσιν

213 372 483 425 ἐπηγγέλλετο
513 373 566 413 ὧν
597 372 707 413 οὐδὲν
739 374 949 413 ἐπίστευον
979 373 1133 412 ἐκεῖνοι,
1205 376 1369 423 σημεῖον
1399 372 1453 414 δέ·
1492 373 1537 414 οὐ

211 440 287 492 γὰρ
319 438 367 479 ἂν
399 438 498 491 δεῦρ’
527 438 622 491 ἧκον
656 438 707 481 ὡς
739 440 851 490 ὑμᾶς.
921 439 944 489 ἡ
979 437 1011 479 δ’
1046 440 1239 489 ἐκκλησία
1270 440 1368 490 μετὰ
1400 442 1534 487 ταῦτα,

170 524 188 556 5
212 507 254 546 ἐν
285 523 308 562 η
334 504 462 547 πάντα
490 507 539 546 τὰ
571 504 767 558 πράγματ’
802 505 1018 547 ἀπώλεσαν
1051 505 1158 547 οὗτοι
1188 504 1438 558 ψευσάμενοι
1474 506 1536 547 καὶ

210 572 499 625 φενακίσαντες
529 572 640 623 ὑμᾶς,
673 577 720 629 τῇ
752 572 845 628 ἕκτῃ
876 573 940 613 ἐπὶ
973 571 1067 612 δέκα
1096 573 1275 625 ἐγίγνετο
1304 576 1372 613 τοῦ
1401 589 1534 626 σκιρο-

210 642 418 691 φοριῶνος.
490 637 566 679 ἀπὸ
593 639 724 679 τοίνυν
749 639 892 689 ταύτης
918 642 1118 690 πεμπταῖα
1141 640 1349 692 λογίζομαι
1373 640 1421 679 τὰ
1445 639 1535 694 παρ’

207 705 315 756 ὑμῶν
331 705 373 745 ἐν
388 708 468 746 τοῖς
485 707 666 746 Φωκεῦσι
690 704 891 758 γενέσθαι·
924 707 1109 757 παρῆσαν
1124 708 1198 759 γὰρ
1218 708 1254 746 οἱ
1273 710 1349 746 τῶν
1365 705 1537 746 Φωκέων

207 770 401 823 πρέσβεις
429 770 580 817 ἐνθάδε,
609 773 671 812 καὶ
703 771 750 823 ἦν
785 771 918 814 αὐτοῖς
950 773 1011 813 καὶ
1040 774 1080 813 τί
1106 773 1405 826 ἀπαγγελοῦσιν
1429 772 1536 813 οὗτοι

148 857 187 880 10
209 837 272 877 καὶ
301 838 341 877 τί
366 838 580 890 ψηφιεῖσθ’
608 839 716 889 ὑμεῖς
750 837 948 890 ἐπιμελές.
1020 839 1160 880 οὐκοῦν
1190 839 1309 885 εἰκάς,
1334 838 1357 896 ᾗ
1379 840 1535 890 τίθεμεν

207 903 403 944 πυθέσθαι
432 905 521 946 τοὺς
552 905 715 947 Φωκέας
748 906 798 945 τὰ
832 905 922 959 παρ’
953 906 1072 957 ὑμῶν·
1111 906 1186 947 ἀπὸ
1216 908 1291 959 γὰρ
1318 908 1388 957 τῆς
1422 906 1535 957 ἕκτης

209 971 263 1012 εἷς
287 971 431 1022 ταύτην
457 971 611 1023 πέμπτη
639 975 830 1026 γίγνεται.
893 972 1041 1024 ὑστέρα
1065 974 1195 1013 τοίνυν
1220 972 1373 1023 δεκάτη,
1402 972 1531 1024 ἐνάτη,

207 1038 342 1090 ὀγδόη·
377 1039 495 1095 ταύτῃ
514 1040 709 1092 ἐγίγνονθ’
727 1042 766 1081 αἱ
786 1041 969 1085 σπονδαί,
989 1040 1051 1079 καὶ
1067 1039 1194 1080 πάντα
1208 1040 1322 1080 τάκεῖ
1337 1038 1533 1092 πράγματ’

207 1105 420 1145 ἀπωλώλει
453 1107 515 1146 καὶ
549 1106 663 1149 τέλος
700 1106 821 1161 εἶχεν.
892 1109 944 1161 τῷ
979 1110 1091 1147 τοῦτο
1125 1108 1265 1157 δῆλον;
1303 1106 1351 1164 τῇ
1380 1105 1533 1158 τετράδι

148 1189 184 1221 15
208 1173 419 1223 φθίνοντος
456 1172 740 1223 ἠκκλησιάζετε
779 1175 853 1225 μὲν
889 1173 971 1213 τόθ’
1007 1174 1116 1226 ὑμεῖς
1151 1174 1193 1213 ἐν
1231 1176 1414 1225 Πειραιεῖ
1445 1173 1532 1225 περὶ

206 1242 284 1279 τῶν
321 1240 363 1279 ἐν
398 1243 479 1281 τοῖς
515 1240 702 1292 νεωρίοις,
738 1240 807 1291 ἧκε
843 1241 885 1280 δὲ
922 1239 1124 1292 Δερκύλος
1161 1241 1202 1280 ἐκ
1234 1240 1433 1282 Χαλκίδος
1472 1255 1532 1279 και

207 1304 463 1358 ἀπήγγελλεν
493 1307 583 1357 ὑμῖν
612 1308 673 1347 ὅτι
707 1305 838 1348 πάντα
867 1308 915 1346 τὰ
947 1306 1143 1358 πράγματ’
1175 1307 1416 1359 ἐγκεχείρικε
1446 1307 1530 1356 Θη-

205 1373 339 1422 βαίοις
386 1373 406 1411 ὁ
448 1374 662 1419 Φίλιππος,
714 1373 776 1413 καὶ
824 1372 1006 1424 πέμπτην
1050 1373 1150 1413 εἶναι
1196 1373 1340 1424 ταύτην
1385 1372 1533 1424 ἡμέραν

206 1434 429 1491 [ἐλογίζετ’]
465 1439 535 1491 ἀφ’
569 1440 613 1480 οὗ
649 1440 864 1493 γεγόνασιν
901 1442 940 1480 αἱ
978 1441 1160 1480 σπονδαί.
1231 1440 1350 1492 ὀγδόη
1387 1440 1531 1484 τοίνυν,

146 1521 185 1544 20
205 1505 370 1556 ἑβδόμη,
403 1506 506 1556 ἕκτη,
540 1505 709 1557 πέμπτη,
743 1506 894 1558 τετράς·
932 1505 1026 1546 αὐτὸ
1060 1507 1275 1557 συμβαίνει
1308 1507 1363 1548 εἷς
1391 1505 1534 1555 ταύτην

204 1571 305 1612 εἶναι
333 1571 528 1623 πέμπτην.
601 1573 739 1614 οὐκοῦν
767 1576 848 1615 τοῖς
878 1572 1051 1626 χρόνοις,
1083 1573 1140 1614 οἶς
1175 1571 1446 1625 ἀπήγγελλον,
1477 1572 1535 1614 οῖς

203 1638 393 1691 ἔγραφον,
421 1642 542 1680 πᾶσιν
572 1639 855 1693 ἐξελέγχονται
886 1638 1228 1692 συνηγωνισμένοι
1254 1640 1441 1694 Φιλίππῳ
1473 1639 1534 1679 καὶ

204 1706 397 1746 συναίτιοι
416 1707 624 1759 γεγονότες
643 1711 710 1747 τοῦ
728 1710 806 1748 τῶν
827 1706 1000 1747 Φωκέων
1021 1705 1198 1758 ὀλέθρου.
1260 1706 1318 1746 ἔτι
1337 1707 1469 1746 τοίνυν
1488 1705 1533 1746 τὸ

202 1773 394 1823 μηδεμίαν
427 1776 505 1813 τῶν
538 1774 695 1814 πόλεων
724 1777 801 1814 τῶν
834 1775 877 1814 ἐν
907 1776 1115 1813 Φωκεῦσιν
1145 1774 1295 1814 ἁλῶναι
1325 1773 1531 1826 πολιορκίᾳ

144 1852 181 1884 25
202 1837 291 1888 μηδ’
325 1839 367 1879 ἐκ
399 1842 635 1891 προσβολῆς
669 1842 764 1880 κατὰ
799 1839 950 1892 κράτος,
987 1839 1079 1880 ἀλλ’
1108 1841 1151 1880 ἐκ
1184 1843 1252 1879 τοῦ
1284 1840 1531 1880 σπείσασθαι

201 1904 351 1948 πάντας
369 1904 489 1958 ἄρδην
508 1906 741 1954 ἀπολέσθαι,
762 1906 954 1960 μέγιστόν
976 1908 1063 1947 ἐστι
1084 1910 1248 1958 σημεῖον
1268 1910 1335 1946 τοῦ
1359 1907 1422 1946 διὰ
1446 1905 1531 1946 τού-

201 1988 291 2014 τους
322 1972 556 2016 πεισθέντας
585 1973 723 2016 αὐτοὺς
758 1974 808 2016 ὡς
837 1973 912 2015 ὑπὸ
944 1977 1012 2014 τοῦ
1042 1974 1246 2014 Φιλίππου
1277 1971 1530 2023 σωθήσονται

200 2042 322 2079 ταῦτα
360 2042 511 2080 παθεῖν·
559 2040 603 2080 οὐ
635 2042 710 2092 γὰρ
742 2041 892 2082 ἐκεῖνόν
925 2039 963 2092 γ’
996 2039 1179 2093 ἠγνόουν.
1253 2039 1350 2091 φέρε
1385 2037 1431 2089 δή
1463 2055 1530 2089 μοι

202 2106 265 2146 καὶ
295 2105 367 2157 τὴν
399 2108 628 2159 συμμαχίαν
660 2107 731 2158 τὴν
763 2111 841 2148 τῶν
874 2106 1046 2148 Φωκέων
1080 2108 1142 2147 καὶ
1179 2108 1227 2146 τὰ
1265 2105 1426 2158 δόγμαθ’
1460 2104 1529 2158 ὑφ’

247 2223 260 2243 Ι
288 2213 365 2246 δέκα
380 2215 452 2255 τοῦ]
471 2214 589 2253 δεκάτη
609 2215 632 2245 S
649 2215 703 2253 al.‚
722 2215 763 2247 cf.
784 2216 865 2246 xviii
887 2225 946 2255 155
1079 2226 1101 2254 9
1124 2214 1394 2256 ἀπαγγέλλουσιν
1412 2214 1434 2245 S
1447 2213 1527 2253 LA,

201 2257 239 2288 cf.
260 2260 297 2295 ἐξ
319 2267 389 2297 152,
408 2268 482 2297 209,
500 2268 575 2296 324,
594 2259 676 2289 xviii
693 2260 766 2299 267,
786 2269 848 2298 323
985 2269 1023 2289 10
1049 2258 1163 2290 εἰδέναι
1182 2263 1259 2297 post
1276 2257 1430 2297 ἐπιμελὲς
1447 2258 1523 2288 add.

202 2299 353 2340 Lvulg.:
394 2311 459 2332 orn.
489 2301 512 2331 S
540 2301 631 2332 solus
768 2312 806 2341 15
840 2302 907 2334 τόθ’
937 2304 1022 2342 ὑμεῖς
1053 2301 1181 2332 SLO:
1220 2304 1307 2341 ὑμεῖς
1334 2301 1405 2333 τότ’
1434 2301 1526 2339 vulg.

204 2353 240 2381 17
266 2344 480 2386 ἀπήγγελλεν
498 2345 521 2375 S
535 2345 560 2374 L
573 2344 659 2376 FY:
701 2346 902 2386 ἀπήγγειλεν
919 2346 1007 2384 vulg.
1205 2355 1243 2383 19
1269 2343 1426 2384 ἐλογίζετ’
1444 2345 1522 2375 secl.

200 2386 307 2418 Cobet
440 2397 481 2427 25
505 2389 589 2420 κατὰ
605 2388 719 2430 κράτος
737 2389 815 2420 secl.
836 2389 946 2420 Cobet
1079 2389 1120 2418 28
1143 2401 1194 2428 μοι
1212 2389 1262 2419 καὶ
1280 2396 1343 2417 om.
1364 2387 1395 2416 Α

1567 137 1679 191 [359]

1566 655 1610 693 59

1561 1110 1608 1145 60

1520 1239 1529 1252 “
1561 1238 1681 1293 [360]

1562 1710 1602 1746 61
