1763 2828
116 142 223 196 [159]

114 849 226 903 [150]

738 138 1088 194 [ΦΙΛΙΠΠΟΎ]
1504 139 1580 193 [xn

257 248 364 286 δοκεῖ
391 246 466 286 καὶ
507 245 671 297 μάλισθ’
714 248 818 298 ὑμῖν·
879 245 1099 299 Μεγαρέων
1141 249 1236 298 γοῦν
1277 245 1581 300 Ἀνθεμόκριτον

257 313 480 354 ἀνελόντων
507 315 561 355 εἷς
585 313 688 353 τοῦτ’
713 312 907 363 ἐλήλυθεν
933 313 953 351 ὁ
978 315 1099 364 δῆμος
1122 312 1226 353 ὥστε
1255 315 1480 365 μυστηρίων
1511 317 1583 366 μὲν

257 379 389 432 εἶργον
409 380 562 426 αὐτούς,
581 379 840 432 ὑπομνήματα
855 382 896 420 δὲ
915 382 984 430 τῆς
1005 380 1154 421 ἀδικίας
1175 380 1352 430 ἔστησαν
1371 380 1584 433 ἀνδριάντα

257 446 331 498 πρὸ
364 450 442 486 τῶν
474 450 622 488 πυλῶν.
696 448 821 487 καίτοι
853 450 935 488 πῶς
968 446 1013 486 οὐ
1044 446 1185 492 δεινόν,
1213 446 1278 498 ἐφ’
1302 447 1360 488 οἷς
1392 449 1583 490 παθόντες

258 513 379 555 οὕτως
422 512 642 564 ἐμισήσατε
679 513 769 555 τοὺς
807 513 1043 566 δράσαντας,
1084 517 1152 553 νῦν
1190 513 1330 556 αὐτοὺς
1367 515 1584 565 φαίνεσθαι
1604 534 1621 566 5

257 583 482 626 ποιοῦντας;
520 582 699 622 Καλλίας
723 582 855 621 τοίνυν
880 582 900 620 ὁ
926 580 1015 633 παρ’
1041 580 1148 631 ὑμῶν
1174 579 1396 632 στρατηγὸς
1419 582 1489 622 τὰς
1512 583 1585 632 μὲν

257 647 394 688 πόλεις
426 648 495 688 τὰς
526 648 569 686 ἐν
601 651 654 701 τῷ
681 649 896 703 Παγασίτῃ
930 648 1065 701 κόλπῳ
1101 646 1402 697 κατοικουμένας
1435 648 1585 698 ἔλαβεν

258 713 428 759 ἁπάσας,
456 714 545 763 ὑμῖν
569 715 642 763 μὲν
662 714 856 765 ἐνόρκους,
886 714 970 764 ἐμοὶ
995 715 1037 753 δὲ
1064 714 1313 766 συμμαχίδας
1337 714 1471 760 οὔσας,
1493 714 1584 756 τοὺς

258 779 290 818 δ’
318 781 372 821 εἷς
398 780 649 820 Μακεδονίαν
679 779 873 822 πλέοντας
905 781 1050 821 ἐπώλει
1078 779 1227 821 πάντας
1260 781 1472 830 πολεμίους
1502 782 1582 832 κρί-

260 862 350 885 νων·
390 845 452 885 καὶ
471 846 534 886 διὰ
553 845 662 886 ταῦθ’
682 847 790 897 ὑμεῖς
816 845 986 903 ἐπῃνεῖτ’
1007 846 1125 887 αὐτὸν
1144 848 1185 886 ἐν
1203 850 1285 888 τοῖς
1303 847 1583 899 ψηφίσμασιν.

259 911 354 952 ὥστ’
374 911 492 964 ἔγωγ’
513 913 646 964 ἀπορῶ
665 913 705 952 τί
722 912 805 953 ποτ’
827 913 940 953 ἔσται
959 914 1197 965 καινότερον,
1219 914 1287 953 ἐὰν
1306 912 1585 965 ὁμολογήσητέ

258 996 324 1030 μοι
356 982 560 1030 πολεμεῖν·
605 979 666 1019 καὶ
699 981 774 1032 γὰρ
808 980 873 1021 ὅτε
907 983 1088 1032 φανερῶς
1121 979 1395 1031 διεφερόμεθα,
1430 981 1585 1035 λῃστὰς

260 1044 501 1097 ἐξεπέμπετε
526 1046 589 1087 καὶ
614 1045 705 1088 τοὺς
730 1045 927 1088 πλέοντας
947 1046 998 1088 ὡς
1014 1046 1114 1097 ἡμᾶς
1139 1047 1343 1092 ἐπωλεῖτε,
1363 1048 1445 1087 τοῖς
1470 1047 1583 1086 ἐναν-

258 1114 354 1154 τίοις
379 1114 598 1164 ἐβοηθεῖτε,
625 1113 697 1164 τὴν
723 1113 858 1166 χώραν
882 1129 955 1164 μου
982 1117 1107 1155 κακῶς
1132 1114 1313 1153 ἐποιεῖτε.

324 1179 456 1232 Χωρὶς
472 1180 605 1220 τοίνυν
625 1181 679 1222 εἷς
699 1183 813 1220 τοῦτο
832 1181 1076 1232 παρανομίας
1101 1180 1251 1233 ἀφῖχθε
1269 1180 1333 1220 καὶ
1352 1181 1585 1231 δυσμενείας

258 1247 363 1287 ὥστε
389 1246 451 1287 καὶ
470 1246 566 1299 πρὸς
585 1246 654 1287 τὸν
675 1246 840 1299 Πέρσην
858 1246 1053 1298 πρέσβεις
1072 1245 1348 1287 ἀπεστάλκατε
1372 1247 1586 1289 πείσοντας

258 1312 376 1354 αὐτὸν
409 1313 495 1364 ἐμοὶ
529 1318 732 1365 πολεμεῖν·
771 1313 792 1353 ὃ
825 1313 987 1364 μάλιστ’
1013 1313 1060 1354 ἄν
1093 1330 1150 1355 τις
1187 1312 1438 1364 θαυμάσειεν.
1510 1312 1586 1365 πρὸ

257 1382 329 1430 μὲν
362 1381 438 1432 γὰρ
461 1383 530 1420 τοῦ
558 1384 703 1431 λαβεῖν
738 1379 857 1421 αὐτὸν
882 1381 1082 1433 Αἴγυπτον
1116 1380 1178 1421 καὶ
1212 1380 1403 1430 Φοινίκην
1432 1380 1582 1431 ἐψηφί-

259 1449 400 1492 σασθε,
427 1446 476 1487 ἂν
502 1448 651 1490 ἐκεῖνός
675 1464 712 1488 τι
737 1447 956 1504 νεωτερίζῃ,
984 1449 1227 1499 παρακαλεῖν
1261 1447 1403 1497 ὁμοίως
1428 1447 1496 1496 ἐμὲ
1522 1446 1585 1486 καὶ

258 1512 348 1555 τοὺς
373 1512 521 1555 ἄλλους
538 1512 745 1564 ’Έλληνας
770 1512 947 1556 ἅπαντας
972 1513 1033 1554 ἐπ’
1060 1514 1191 1554 αὐτόν·
1230 1516 1298 1553 νῦν
1324 1514 1365 1553 δὲ
1395 1515 1585 1553 τοσοῦτον

257 1581 348 1630 ὑμῖν
372 1581 551 1632 περίεστι
577 1583 645 1620 τοῦ
669 1580 765 1632 πρὸς
792 1581 859 1631 ἐμὲ
884 1581 1026 1631 μίσους
1051 1580 1156 1620 ὥστε
1187 1579 1282 1631 πρὸς
1318 1580 1467 1620 ἐκεῖνον
1500 1582 1582 1619 δια-

257 1645 430 1699 λέγεσθε
456 1647 541 1698 περὶ
565 1649 634 1697 τῆς
659 1648 883 1700 ἐπιμαχίας.
945 1648 1072 1688 καίτοι
1095 1646 1140 1686 τὸ
1164 1645 1335 1686 παλαιὸν
1360 1647 1395 1686 οἱ
1420 1644 1585 1697 πατέρες

257 1714 377 1764 ὑμῶν,
409 1713 460 1755 ὡς
491 1714 569 1765 ἐγὼ
603 1712 861 1764 πυνθάνομαι,
888 1717 970 1756 τοῖς
1006 1713 1356 1765 Πεισιστρατίδαις
1390 1712 1585 1763 ἐπετίμων

260 1780 311 1822 ὡς
340 1779 535 1832 ἐπάγουσι
568 1779 636 1820 τὸν
661 1779 825 1833 Πέρσην
860 1781 924 1821 ἐπὶ
957 1779 1047 1821 τοὺς
1064 1779 1285 1830 ’Έλληνας
1323 1779 1432 1830 ὑμεῖς
1457 1777 1490 1818 δ’
1516 1778 1586 1818 οὐκ

259 1847 501 1899 αἰσχύνεσθε
543 1849 663 1887 ταῦτα
705 1850 908 1889 ποιοῦντες
945 1847 970 1887 δι
1009 1849 1220 1888 διετελεῖτε
1260 1849 1344 1888 τοῖς
1381 1844 1586 1897 τυράννοις

258 1915 531 1966 ἐγκαλοῦντες.

325 1979 455 2021 Ἀλλὰ
479 1979 576 2033 πρὸς
602 1983 685 2022 τοῖς
708 1979 849 2023 ἄλλοις
875 1980 938 2021 καὶ
963 1978 1127 2033 γράφετ’
1153 1980 1195 2020 ἐν
1219 1982 1301 2021 τοῖς
1317 1979 1585 2031 ψηφίσμασιν

260 2048 345 2098 ἐμοὶ
379 2046 694 2099 προστάττοντες
719 2046 855 2099 Τήρην
890 2047 951 2088 καὶ
978 2045 1295 2100 Κερσοβλέπτην
1328 2047 1396 2086 ἐᾶν
1422 2042 1585 2099 Θρᾴκης

258 2112 408 2166 ἄρχειν,
444 2114 495 2156 ὡς
530 2115 647 2156 ὄντας
680 2113 925 2163 Ἀθηναίους.
996 2114 1074 2166 ἐγὼ
1109 2115 1152 2153 δὲ
1187 2112 1346 2154 τούτους
1382 2112 1471 2152 οὔτε
1506 2113 1584 2151 τῶν

257 2180 346 2232 περὶ
375 2182 444 2231 τῆς
475 2179 629 2232 εἰρήνης
660 2182 865 2230 συνθηκῶν
895 2180 981 2220 οἶδα
1012 2180 1289 2232 μετασχόντας
1317 2179 1408 2229 ὑμῖν
1436 2177 1516 2217 οὔτ’
1542 2179 1584 2217 ἐν

306 2301 319 2320 1
356 2294 435 2332 γοῦν
465 2290 597 2322 FYO:
633 2290 687 2322 οὖν
714 2290 804 2329 vulg.
982 2299 1002 2329 3
1037 2290 1144 2332 εἶργον
1171 2289 1300 2320 Cobet:
1341 2290 1459 2329 εἵργειν
1485 2288 1581 2319 codd.

259 2334 427 2375 ὑπόμνημα
456 2334 585 2364 Reiske
715 2344 752 2364 12
777 2334 825 2365 ὅτ’
843 2331 922 2375 (οὐ)
941 2333 1122 2371 Richards,
1141 2337 1233 2363 recte
1249 2336 1331 2371 puto
1453 2340 1491 2360 21
1519 2333 1583 2362 δια-

258 2380 397 2419 λέγεσθε
414 2377 548 2408 Dobree
562 2388 569 2407 :
588 2376 796 2418 διαλέγεσθαι
810 2377 907 2407 codd.
998 2387 1038 2407 22
1055 2379 1113 2415 τῆς
1126 2375 1207 2407 secl.
1221 2374 1328 2406 Cobet
1411 2374 1582 2414 ἐπιμαχίας

259 2421 321 2451 0¹:
347 2421 529 2461 συμμαχίας
546 2421 588 2452 al.
603 2432 609 2452 :
637 2421 873 2461 ἐπισυμμαχίας
890 2420 978 2459 vulg.

1609 867 1646 890 10

1608 1200 1645 1233 ¹5

1607 1533 1646 1556 20

1607 1864 1644 1897 ²5

1605 2195 1644 2226 30
