1763 2828
153 130 241 185 [26]
592 131 1084 169 ΔΗΜΟΣΘΕΝΟΎΣ
1142 133 1228 169 OA.
1281 133 1310 169 Β
1554 125 1598 179 [11

1574 234 1594 243 rs

271 237 402 281 ταῦτα,
440 236 488 274 τὰ
527 236 635 274 κοινὰ
669 234 701 273 δ’
727 234 835 287 ἔχειν
869 235 1044 287 φαύλως.
1116 235 1305 287 πρότερον
1341 236 1412 286 μὲν
1448 234 1536 288 γάρ,
1571 240 1600 276 ὠ

269 300 408 353 ἄνδρες
434 300 651 351 Ἀθηναῖοι,
674 303 772 341 κατὰ
797 303 1018 354 συμμορίας
1043 301 1287 354 εἰσεφέρετε,
1309 302 1393 342 νυνὶ
1418 303 1458 343 δὲ
1484 307 1597 343 πολι-

270 368 434 408 τεύεσθε
478 369 575 408 κατὰ
617 369 848 420 συμμορίας.
920 367 1048 420 ῥήτωρ
1087 368 1245 420 ἡγεμὼν
1290 367 1496 420 ἑκατέρων,
1538 370 1600 410 καὶ

271 434 493 487 στρατηγὸς
519 434 595 475 ὑπὸ
624 435 746 489 τούτῳ
779 435 840 475 καὶ
871 437 907 475 οἱ
941 435 1201 486 βοησόμενοι,
1229 437 1264 476 οἱ
1293 436 1525 487 τριακόσιοι·
1565 438 1600 477 οἱ

271 501 302 541 δ’
327 500 445 541 ἄλλοι
470 500 799 554 προσνενέμησθε
831 503 866 541 οἱ
900 504 972 552 μὲν
1006 501 1057 543 ὡς
1089 502 1262 548 τούτους,
1289 503 1325 542 οἱ
1358 501 1390 542 δ’
1416 502 1467 544 ὡς
1501 503 1597 543 ἐκεί-
1622 521 1639 552 5

196 584 240 618 30
271 584 372 609 νους.
444 571 505 608 δεῖ
527 567 573 618 δὴ
598 567 702 608 ταῦτ’
729 568 946 610 ἐπανέντας
972 569 1034 609 καὶ
1059 569 1166 619 ὑμῶν
1197 568 1324 610 αὐτῶν
1353 568 1410 609 ἔτι
1441 570 1503 610 καὶ
1533 573 1601 610 νῦν

271 633 506 686 γενομένους
541 635 670 675 κοινὸν
705 635 766 675 καὶ
801 635 846 675 τὸ
883 636 1151 686 βουλεύεσθαι
1189 636 1251 676 καὶ
1287 636 1331 676 τὸ
1365 635 1500 688 λέγειν
1539 637 1600 677 καὶ

155 703 239 757 [27]
271 700 315 740 τὸ
341 700 526 753 πράττειν
551 703 727 751 ποιῆσαι.
800 702 833 742 εἰ
859 704 901 742 δὲ
926 705 1008 744 τοῖς
1040 704 1112 753 μὲν
1142 703 1277 755 ὥσπερ
1307 704 1349 742 ἐκ
1374 705 1600 755 τυραννίδος

271 769 378 818 ὑμῶν
422 765 642 809 ἐπιτάττειν
684 769 926 814 ἀποδώσετε,
966 773 1046 810 τοῖς
1089 768 1122 809 δ’
1160 769 1450 822 ἀναγκάζεσθαι
1492 787 1598 822 τριη·

270 838 446 888 ραρχεῖν,
475 835 692 888 εἰσφέρειν,
721 836 1023 887 στρατεύεσθαι,
1052 840 1134 877 τοῖς
1159 838 1200 877 δὲ
1225 837 1478 889 ψηφίζεσθαι
1504 839 1601 877 κατὰ

270 900 420 941 τούτων
453 902 588 952 μόνον,
617 902 719 942 ἄλλο
753 905 795 943 δὲ
827 902 915 953 μηδ’
942 903 1072 943 ὁτιοῦν
1100 906 1330 954 συμπονεῖν,
1362 903 1452 957 οὐχὶ
1483 902 1599 956 ’γενή-

271 984 383 1008 σεται
408 971 486 1008 τῶν
510 969 681 1009 δεόντων
705 969 798 1020 ἡμῖν
823 969 936 1010 οὐδὲν
962 970 1004 1010 ἐν
1032 973 1163 1025 καιρῷ·
1201 969 1245 1010 τὸ
1269 971 1344 1022 γὰρ
1367 969 1601 1021 ἠδικημένον

271 1034 330 1075 ἀεὶ
366 1034 482 1087 μέρος
519 1037 717 1088 ἐλλείψει,
757 1035 828 1076 εἶθ’
861 1037 952 1086 ὑμῖν
990 1036 1148 1079 τούτους
1186 1036 1365 1087 κολάζειν
1401 1037 1489 1077 ἀντὶ
1524 1040 1602 1078 τῶν

195 1120 235 1154 31
270 1102 423 1155 ἐχθρῶν
460 1101 631 1152 ἐξέσται.
700 1102 807 1155 λέγω
846 1102 893 1153 δὴ
935 1102 1168 1155 κεφάλαιον,
1210 1103 1361 1145 πάντας
1397 1102 1602 1156 εἰσφέρειν

271 1168 341 1221 ἀφ’
368 1168 475 1208 ὅσων
501 1169 668 1211 ἕκαστος
695 1169 778 1222 ἔχει
799 1169 844 1210 τὸ
869 1171 973 1210 ἴσον·
1013 1169 1163 1213 πάντας
1183 1168 1328 1220 ἐξιέναι
1349 1171 1446 1210 κατὰ
1470 1170 1598 1224 μέρος,

271 1235 342 1277 ἕως
375 1234 423 1276 ἂν
456 1235 627 1277 ἅπαντες
662 1236 974 1289 στρατεύσησθε·
1012 1239 1113 1277 πᾶσι
1144 1241 1225 1279 τοῖς
1261 1240 1446 1289 παριοῦσι
1478 1238 1602 1290 λόγον

270 1302 432 1348 διδόναι,
461 1303 524 1343 καὶ
558 1305 606 1343 τὰ
640 1302 825 1354 βέλτισθ’
852 1304 906 1344 ὧν
941 1303 990 1344 ἂν
1023 1303 1212 1355 ἀκούσηθ’
1240 1305 1449 1356 αἱρεῖσθαι,
1476 1304 1528 1355 μὴ
1555 1305 1602 1345 ἂν

270 1370 290 1408 ὁ
316 1368 408 1409 δεῖν’
433 1365 456 1419 ἢ
483 1370 503 1408 ὁ
529 1369 623 1410 δεῖν’
651 1371 754 1427 εἴπῃ.
827 1369 898 1411 κᾶν
931 1374 1053 1410 ταῦτα
1082 1373 1232 1422 ποιῆτε,
1260 1371 1305 1412 οὐ
1337 1370 1406 1411 τὸν
1439 1371 1601 1412 εἰπόντα

269 1436 391 1487 μόνον
416 1436 642 1490 παραχρῆμ’
670 1436 944 1483 ἐπαινέσεσθε,
972 1438 1078 1477 ἀλλὰ
1106 1438 1167 1477 καὶ
1193 1439 1291 1489 ὑμᾶς
1321 1437 1459 1480 αὐτοὺς
1484 1439 1599 1479 ὕστε-

269 1519 352 1555 ρον,
379 1502 546 1554 βέλτιον
572 1507 650 1544 τῶν
675 1505 781 1545 ὅλων
807 1503 1047 1557 πραγμάτων
1072 1505 1162 1555 ὑμῖν
1188 1505 1377 1558 ἐχόντων.

316 1625 335 1645 2
360 1615 444 1647 κατὰ
463 1615 636 1657 συμμορίας
652 1620 731 1646 ante
749 1615 935 1657 εἰσεφέρετε
954 1615 1061 1646 Cobet
1079 1614 1152 1646 coll.
1168 1615 1228 1646 xiii
1242 1626 1285 1646 20
1300 1628 1307 1647 :
1325 1620 1401 1655 post
1416 1616 1601 1658 εἰσεφέρετε

272 1659 370 1690 codd.
550 1670 566 1698 4
594 1660 624 1691 οἱ
639 1659 816 1701 τριακόσιοι
835 1659 972 1689 Bekker
989 1669 1062 1690 cum
1083 1660 1178 1690 codd.
1201 1660 1379 1699 perpaucis
1396 1671 1402 1690 z
1425 1660 1600 1702 τριακόσιοι

273 1707 351 1733 cett.
507 1711 522 1740 7
549 1704 587 1734 τὸ
605 1702 816 1739 βουλεύεσθαι
835 1704 885 1739 καὶ
902 1704 940 1735 τὸ
957 1702 1070 1744 λέγειν
1088 1703 1111 1734 S
1128 1714 1134 1733 ε
1158 1704 1198 1735 τὸ
1215 1703 1326 1744 λέγειν
1343 1705 1392 1735 καὶ
1410 1705 1449 1735 τὸ
1467 1704 1601 1736 Βουλεύ-

272 1749 362 1778 εσθαι
379 1749 457 1775 cett.
596 1755 633 1784 14
660 1745 787 1786 ἐξέσται
807 1746 830 1777 S
843 1746 868 1776 F
881 1745 918 1776 ΒἸ
933 1746 982 1778 O:
1007 1745 1173 1786 περιέσται
1191 1746 1277 1786 vulg.

321 1791 358 1822 In
378 1791 401 1822 S
420 1791 645 1832 subscriptum

782 1842 1046 1872 ΟΛΎΝΘΙΑΚΟΣ
1072 1844 1095 1870 Β

774 1886 797 1912 H
819 1887 842 1913 H
863 1879 899 1913 [H
917 1889 942 1913 Δ
962 1889 987 1913 Δ
1007 1889 1032 1913 Δ
1052 1889 1077 1913 Δ
1096 1887 1122 1913 Π

1625 853 1663 876 10

1626 1190 1662 1221 ¹5

1625 1523 1664 1545 20
