1763 2828
108 130 225 184 [394]

163 715 224 750 ππ

109 1035 225 1089 [395]

163 1183 226 1217 172

164 1645 227 1681 173

681 127 1168 168 ΔΗΜΟΣΘΕΝΟΎΣ
1495 122 1580 177 [xxx

257 233 478 286 τάργύριον,
516 232 577 273 καὶ
613 233 661 272 τέι
698 230 939 284 πεπραγμέν’
969 230 1215 282 ὑπομνήσας,
1251 232 1314 271 ἵνα
1349 230 1401 282 μὴ
1435 233 1585 271 δοκοῖεν

258 301 426 341 ἔλαττον
454 299 561 352 ἔχειν
595 298 843 352 ἐπειχθέντες
876 297 964 348 μηδ’
994 298 1036 338 ἐκ
1066 301 1143 338 τῶν
1175 298 1282 338 ἰδίων
1311 300 1585 350 λελυτρῶσθαι

257 366 422 417 πένητες
446 366 658 418 ἄνθρωποι,
680 369 757 405 τῶν
783 365 919 405 ἄλλων
943 364 1018 405 ὑπὸ
1043 367 1112 404 τοῦ
1132 365 1335 405 Φιλίππου
1354 366 1582 415 προσδοκω-

256 433 385 484 μένων
405 431 696 484 ἀφεθήσεσθαι,
719 431 844 472 ἕδωκα
863 433 1028 484 δωρειὰν
1047 433 1096 471 τὰ
1115 431 1252 483 λύτρα.
1308 431 1383 471 Καὶ
1402 431 1461 471 ὅτι
1479 431 1582 471 ταῦτ’

258 500 386 550 ἀληθῆ
411 499 531 551 λέγω,
556 498 651 551 λέγε
675 498 817 540 ταύτας
842 500 912 540 τὰς
936 499 1161 550 μαρτυρίας.

810 617 1034 645 ΜΑΡΊὝΡΙΑῙ.

317 696 431 737 ‘'Oa-a
455 700 528 748 μὲν
548 698 681 738 τοίνυν
707 697 843 750 ἀφῆκα
867 697 1050 750 χρήματα
1077 698 1138 738 καὶ
1164 699 1329 749 δωρειὰν
1355 697 1480 738 ἔδωκα
1504 699 1587 740 τοῖς

257 764 484 818 ἀτυχήσασι
508 767 586 804 τῶν
611 767 797 810 πολιτῶν,
824 763 931 804 ταῦτ’
957 765 1078 805 ἔστιν.
1139 765 1233 804 ὅταν
1258 764 1291 803 δ’
1313 763 1425 806 οὗτος
1449 763 1587 804 αὐτίκα

256 830 302 881 δὴ
340 830 440 887 λέγῃ
477 829 573 882 πρὸς
609 831 707 881 ὑμᾶς
745 831 810 871 ‘n'
842 829 994 880 δήποθ’,
1034 831 1085 872 ὡς
1122 828 1212 887 φῄς,
1250 827 1279 870 ὦ
1314 831 1584 881 Δημόσθενες,

257 896 334 937 ἀπὸ
362 900 430 936 τοῦ
460 900 661 938 συνειπεῖν
691 898 759 948 ἐμὲ
788 896 1026 948 Φιλοκράτει
1058 897 1175 949 γνοὺς
1200 896 1312 937 οὐδὲν
1345 897 1446 947 ἡμᾶς
1479 897 1588 949 ὑγιὲς
1610 911 1649 934 10

257 963 511 1015 πράττοντας,
539 963 612 1014 τὴν
635 965 732 1014 μετὰ
757 966 877 1004 ταῦτα
902 964 1125 1016 πρεσβείαν
1150 963 1221 1014 τὴν
1246 963 1310 1004 ἐπὶ
1335 963 1425 1005 τοὺς
1450 964 1587 1016 ὅρκους

258 1029 614 1083 συνεπρέσβευσας
634 1029 756 1071 πάλιν
777 1030 838 1071 καὶ
859 1030 928 1071 οὐκ
953 1029 1164 1082 ἐξωμόσω,·
1179 1029 1188 1044 ’
1224 1033 1344 1071 ταῦτα
1368 1029 1584 1081 μέμνησθε,

257 1098 318 1138 ὅτι
341 1097 494 1139 τούτοις
520 1096 789 1150 ὡμολογήκειν
809 1097 874 1139 οὓς
894 1096 1100 1148 ἐλυσάμην
1119 1098 1182 1138 καὶ
1208 1100 1356 1148 κομιεῖν
1375 1097 1499 1149 λύτρα
1526 1096 1586 1136 καὶ

259 1163 408 1205 σώσειν
441 1166 495 1206 εἷς
528 1164 702 1215 δύναμιν.
777 1163 906 1205 δεινὸν
937 1163 1004 1204 οὖν
1033 1164 1266 1216 ψεύσασθαι
1301 1163 1362 1204 καὶ
1394 1162 1588 1215 προέσθαι

258 1233 548 1284 δυστυχοῦντας
570 1231 797 1283 ἀνθρώπους
822 1232 1001 1272 πολίτας·
1041 1231 1118 1284 ἰδίᾳ
1142 1230 1187 1276 δ’,
1212 1228 1520 1281 ἐξομοσάμενον,
1542 1230 1588 1271 οὐ
1611 1244 1648 1276 15

258 1296 359 1338 πάνυ
386 1296 509 1338 καλὸν
533 1296 611 1337 οὐδ’
637 1298 821 1349 ἀσφαλὲς
849 1296 896 1347 ἧν
924 1298 1052 1338 ἐκεῖσε
1080 1299 1323 1337 πλανᾶσθαι·
1361 1297 1447 1338 ἐπεὶ
1473 1297 1506 1337 εἰ
1533 1295 1586 1347 μὴ

258 1365 321 1404 διὰ
355 1363 400 1403 τὸ
436 1363 598 1406 τούτους
634 1363 858 1415 βούλεσθαι
895 1366 1039 1410 σῶσαι,
1079 1362 1228 1414 ἐξώλης
1265 1364 1488 1414 ἀπολοίμην
1526 1363 1587 1403 καὶ

257 1431 453 1482 προώλης,
492 1432 525 1471 εἰ
562 1431 810 1483 προσλαβών
845 1430 881 1482 γ’
914 1430 962 1471 ἂν
997 1430 1181 1482 ἀργύριον
1217 1429 1319 1470 πάνυ
1355 1429 1457 1470 πολὺ
1491 1431 1587 1480 μετὰ

257 1497 407 1537 τούτων
432 1496 702 1549 ἐπρέσβευσα.
766 1499 930 1547 σημεῖον
956 1496 1010 1537 δέ·
1048 1497 1112 1537 ἐπὶ
1136 1499 1211 1549 γὰρ
1237 1496 1309 1546 τὴν
1333 1497 1467 1548 τρίτην
1493 1512 1584 1546 πρε-

258 1565 404 1614 σβείαν
430 1564 487 1605 δίς
511 1580 559 1614 με
583 1562 951 1616 χειροτονησάντων
973 1563 1079 1613 ὑμῶν
1106 1564 1163 1605 δὶς
1190 1562 1462 1614 ἐξωμοσάμην.
1525 1562 1587 1602 καὶ
1611 1576 1649 1598 20

258 1632 362 1682 παρὰ
387 1630 530 1681 ταύτην
554 1629 626 1680 τὴν
652 1630 873 1681 ἀποδημίαν
898 1628 1026 1670 πάντα
1054 1629 1233 1670 τάναντί’
1259 1629 1463 1681 ἔπραττον.
1533 1629 1588 1668 ὧν

258 1699 330 1747 μὲν
355 1698 486 1738 τοίνυν
515 1696 763 1749 αὐτοκράτωρ
789 1694 836 1747 ἦν
863 1696 940 1748 ἐγὼ
973 1697 1068 1736 κατὰ
1093 1696 1164 1746 τὴν
1189 1696 1424 1748 πρεσβείαν,
1450 1698 1588 1735 τοῦτον

259 1764 358 1817 ἔσχε
393 1762 460 1804 τὸν
496 1764 643 1815 τρόπον
678 1763 780 1814 ὑμῖν·
819 1763 843 1803 ἃ
879 1762 911 1802 δ’
948 1762 1053 1803 οὗτοι
1089 1763 1250 1804 πλείους
1286 1763 1397 1805 ὄντες
1433 1762 1586 1806 ἐνίκων,

259 1828 399 1871 ἅπαντ’
430 1830 653 1871 ἀπόλωλεν.
728 1830 852 1870 καίτοι
881 1830 942 1870 καὶ
970 1828 1085 1870 τᾶλλ’
1115 1828 1164 1870 ἂν
1193 1827 1333 1870 ἅπαντ’
1364 1828 1589 1870 ἀκολούθως

259 1896 410 1938 τούτοις
431 1895 666 1949 ἐπέπρακτο,
690 1897 726 1937 εἴ
743 1913 800 1938 τις
829 1897 1007 1938 ἐπείθετό
1030 1913 1107 1948 μοι.
1171 1895 1216 1936 οὐ
1233 1897 1308 1949 γὰρ
1328 1894 1445 1949 ἔγωγ’
1465 1895 1588 1937 οὕτως
1611 1912 1649 1946 ²5

260 1962 395 2004 ἄθλιος
421 1962 500 2003 οὐδ’
520 1962 659 2016 ἄφρων
684 1963 789 2004 ὥστε
816 1962 999 2017 χρήματα
1023 1965 1095 2014 μὲν
1121 1963 1282 2009 διδόναι,
1304 1961 1589 2014 λαμβάνοντας

260 2030 360 2081 ὁρῶν
385 2029 553 2082 ἑτέρους,
577 2030 673 2082 ὑπὲρ
699 2032 768 2081 τῆς
793 2030 889 2083 πρὸς
914 2030 1013 2081 ὑμᾶς
1037 2031 1278 2082 φιλοτιμίας,
1301 2030 1323 2070 ἃ
1348 2028 1381 2069 δ’
1400 2028 1492 2070 ἄνευ
1515 2030 1589 2080 μὲν

260 2095 435 2147 δαπάνης
473 2095 536 2137 οἶά
574 2096 608 2136 τ’
647 2095 695 2147 ἦν
732 2098 966 2150 πραχθῆναι,
1006 2100 1143 2151 πολλῷ
1182 2098 1224 2136 δὲ
1261 2096 1441 2147 μείζονας
1480 2094 1588 2148 εἶχεν

303 2206 324 2236 6
347 2205 480 2237 titulum
497 2216 562 2238 orn.
585 2205 609 2237 S
626 2206 658 2236 in
676 2204 796 2236 lacuna
970 2215 1007 2243 13
1031 2206 1117 2246 ἥξειν
1134 2210 1210 2245 post
1227 2204 1449 2246 ὡμολογήκειν
1465 2203 1539 2235 add.
1562 2203 1587 2234 L

260 2249 350 2289 vulg.
367 2261 373 2280 :
399 2260 463 2280 om.
487 2249 510 2280 S
528 2249 619 2280 solus
788 2257 825 2287 15
851 2249 885 2280 οὐ
903 2248 984 2280 πάνυ
1001 2250 1100 2280 καλὸν
1117 2248 1198 2289 οὐδ’]
1217 2247 1283 2280 οὔτ’
1301 2247 1339 2280 αὖ
1356 2249 1454 2279 καλὸν
1471 2248 1537 2279 οὔτ’
1555 2246 1586 2277 Α

260 2303 297 2323 21
325 2295 407 2335 παρὰ
424 2292 561 2334 ταύτην]
581 2293 652 2334 παρ’
671 2293 771 2330 αὐτὴν
788 2291 818 2321 Α
922 2292 1048 2324 τούτοις
1065 2297 1143 2331 post
1160 2292 1318 2332 ἔπραττον
1334 2291 1408 2321 add.
1432 2290 1456 2320 L
1473 2290 1564 2329 vulg.
1580 2300 1586 2319 ε

259 2345 323 2367 om.
339 2336 362 2367 S
376 2336 406 2366 A
519 2346 559 2375 24
578 2335 693 2368 ἅπαντ’
706 2336 798 2375 prius
810 2345 873 2365 om.
890 2334 920 2373 Q
996 2334 1166 2367 ἀπόλωλεν
1181 2334 1205 2365 S
1215 2334 1240 2365 L
1250 2333 1338 2372 vulg.
1354 2345 1360 2364 :
1378 2334 1587 2365 ἀπολώλεκεν

262 2379 345 2420 Ργρ.
363 2379 448 2420 Βγρ.
544 2388 585 2417 25
610 2379 649 2417 ἧν
665 2383 743 2418 post
760 2380 858 2411 οὕτως
875 2377 949 2408 add.
970 2377 1019 2409 A:
1044 2383 1121 2417 post
1139 2379 1244 2419 ἄφρων
1264 2377 1288 2408 L
1305 2376 1410 2416 vulg.:
1435 2386 1498 2407 om.
1520 2375 1586 2406 SY
