1747 2844
155 147 240 192 xvxj
430 143 594 180 ’ΥΠΕΡ
641 142 1194 181 ΜΕΓΑΛΟΠΟΛΙΤΩΝ

153 247 186 286 εἷ
225 243 456 298 συμμάχους
493 244 726 296 ποιησόμεθ’
766 243 958 296 Ἀρκάδας
999 243 1061 283 καὶ
1101 246 1223 284 ταῦτα
1263 242 1474 295 πράξομεν,

152 311 483 364 μεταβάλλεσθαι
506 309 610 361 δόξει
635 312 697 352 καὶ
721 310 834 352 οὐδὲν
853 311 960 364 ἔχειν
985 309 1130 350 πιστὸν
1154 310 1177 360 ἡ
1202 310 1332 352 πόλις.
1392 311 1476 361 ἐμοὶ

152 381 224 430 μὲν
247 380 322 432 γὰρ
347 381 454 419 δοκεῖ
475 378 716 424 τούναντίον,
744 375 774 417 ὦ
799 376 936 429 ἄνδρες
961 376 1176 427 Ἀθηναῖοι.
1236 378 1299 417 διὰ
1322 377 1378 424 τί,·
1417 378 1476 417 ὅτι

153 449 230 486 τῶν
254 444 412 486 πάντων
436 444 560 486 οὐδέν’
585 444 632 485 ἂν
657 444 854 485 ἀντειπεῖν
879 444 1012 494 οἴομαι
1040 443 1091 484 ὡς
1120 442 1168 483 οὐ,
1195 443 1257 483 καὶ
1282 445 1473 484 Λακεδαι-

116 533 133 565 5
152 512 309 563 μονίους
335 512 397 552 καὶ
424 512 615 564 πρότερον
640 511 847 561 Θηβαίους
879 510 940 550 καὶ
969 509 1014 550 τὸ
1041 513 1268 550 τελευταῖον
1295 509 1476 561 Εὐβοέας

153 578 308 619 ἔσωσεν
332 579 355 629 ἡ
385 578 514 624 πόλις,
542 578 604 618 καὶ
632 578 731 629 μετὰ
759 580 880 617 ταῦτα
910 575 1142 630 συμμάχους
1171 575 1401 627 ἐποιήσατο,
1434 578 1475 618 ἕν

152 662 190 685 τι
226 646 287 685 καὶ
319 644 426 685 ταῦτ’
458 645 519 685 ἀεὶ
550 642 778 695 βουλομένη
811 642 1009 695 πράττειν.
1080 642 1167 684 ἔστι
1199 645 1241 684 δὲ
1271 646 1387 684 τοῦτο
1418 645 1474 690 τί,·

152 711 242 753 τοὺς
259 710 532 762 ἀδικουμένους
552 709 703 766 σῴζειν.
763 712 796 751 εἰ
815 711 946 751 τοίνυν
963 709 1072 750 ταῦθ’
1091 710 1212 752 οὕτως
1232 710 1328 764 ἔχει,
1351 709 1476 750 οὐκέτ’

152 777 200 819 ἂν
231 778 342 829 ἡμεῖς
375 779 508 829 ε’ίημεν
539 779 576 818 οἱ
606 777 966 829 μεταβαλλόμενοι,
999 776 1092 817 ἀλλ’
1125 778 1162 817 οἳ
1196 776 1248 828 μὴ
1279 776 1477 819 ’θέλοντες

95 864 133 887 10
151 848 235 886 τοῖς
264 845 425 886 δικαίοις
454 843 647 896 ἐμμένειν,
676 845 738 885 καὶ
768 843 991 896 φανήσεται
1019 844 1068 884 τὰ
1096 842 1292 895 πράγματ’
1323 844 1384 884 ἀεὶ
1415 845 1476 883 διὰ

151 911 241 953 τοὺς
270 914 522 952 πλεονεκτεῖν
546 910 815 963 βουλομένους
839 911 1186 962 μεταβαλλόμενα,
1213 910 1287 963 οὐχ
1310 910 1333 960 ἡ
1360 911 1477 952 πόλις

150 978 273 1029 ἡμῶν.

221 1047 396 1085 Δοκοῦσι
421 1043 463 1085 δέ
486 1060 551 1095 μοι
570 1044 871 1095 Λακεδαιμόνιοι
895 1042 1004 1095 μάλα
1027 1046 1166 1084 δεινῶν
1185 1043 1302 1096 ἔργον
1326 1043 1474 1095 ἀνθρώ-

153 1127 239 1152 πων
262 1114 402 1152 ποιεῖν.
472 1114 541 1152 νΰν
562 1109 637 1163 γάρ
667 1112 964 1163 φασιν·ἐκεῖνοι
993 1112 1074 1151 δεῖν
1099 1109 1285 1152 Ἠλείους
1313 1112 1385 1161 μὲν
1409 1112 1478 1160 τῆς

95 1197 134 1229 15
152 1178 374 1231 Τριφυλίας
402 1178 489 1218 τινὰ
519 1178 772 1229 κομίσασθαι,
804 1178 1046 1218 Φλειασίους
1075 1178 1117 1217 δὲ
1145 1176 1190 1217 τὸ
1217 1175 1476 1229 Τρικάρανον,

152 1243 300 1286 ἄλλους
324 1243 367 1285 δέ
389 1260 497 1286 τινας
520 1247 598 1285 τῶν
623 1242 825 1296 Ἀρκάδων
848 1242 920 1293 τὴν
943 1244 1082 1289 αὑτῶν,
1112 1244 1173 1284 καὶ
1197 1242 1265 1283 τὸν
1290 1242 1479 1295 Ὠρωπὸν

152 1310 265 1361 ἡμᾶς,
291 1309 364 1363 οὐχ
389 1310 438 1351 ἵν’
464 1309 653 1352 ἑκάστους
676 1310 786 1361 ἡμῶν
810 1311 949 1350 ἴδωσιν
973 1310 1140 1363 ἔχοντας
1164 1311 1212 1349 τὰ
1237 1311 1376 1355 αὑτῶν,
1398 1309 1478 1350 οὐδ’

151 1377 290 1429 ὀλίγου
321 1379 391 1417 δεῖ·
427 1377 507 1429 ὀψὲ
535 1378 610 1429 γὰρ
638 1376 687 1417 ἂν
710 1375 986 1429 φιλάνθρωποι
1013 1377 1222 1429 γεγονότες
1252 1375 1343 1417 εἶεν·
1386 1375 1478 1416 ἀλλ’

151 1443 216 1484 ἵνα
234 1445 333 1484 πᾶσι
352 1446 499 1484 δοκῶσι
520 1442 785 1495 συμπράττειν
803 1443 910 1485 ὅπως
929 1443 1091 1483 ἕκαστοι
1109 1444 1350 1494 κομίσωνται
1369 1443 1478 1483 ταῦθ’

93 1528 133 1550 20
152 1509 176 1550 ἅ
206 1515 333 1562 φασιν
361 1510 486 1550 αὐτῶν
511 1509 622 1556 εῖναι,
649 1511 808 1551 ἐπειδὰν
833 1509 866 1549 δ’
891 1509 979 1550 ’ίωσ’
1005 1509 1068 1550 ἐπὶ
1098 1508 1322 1560 Μεσσήνην
1352 1510 1476 1556 αὐτοί,

152 1576 494 1629 συστρατεύωνται
512 1575 658 1618 πάντες
682 1575 815 1618 αὐτοῖς
839 1575 945 1616 οὗτοι
971 1577 1033 1617 καὶ
1052 1578 1234 1627 βοηθῶσι
1255 1576 1475 1628 προθύμως,

150 1639 174 1693 ἢ
210 1642 353 1684 δοκῶσ’
389 1643 548 1689 ἀδικεῖν,
587 1643 675 1696 περὶ
709 1644 765 1684 ὧν
800 1643 961 1696 ἔφασαν
997 1643 1158 1684 ἕκαστοι
1199 1646 1317 1696 σφῶν
1352 1642 1478 1683 αὐτῶν

152 1709 252 1751 εἶναι
281 1708 524 1763 συμψήφους
552 1711 752 1761 λαβόντες
782 1711 965 1756 ἐκείνους,
992 1710 1044 1761 μὴ
1074 1709 1146 1760 τὴν
1176 1710 1315 1761 ὁμοίαν
1344 1710 1477 1751 αὐτοῖς

152 1773 294 1830 [χάριν]
319 1777 583 1818 ἀποδιδόντες.
642 1777 721 1829 ἐγὼ
746 1779 788 1818 δὲ
812 1777 954 1828 νομίζω
979 1776 1051 1827 τὴν
1070 1777 1201 1823 πόλιν,
1223 1780 1379 1828 πρῶτον
1403 1778 1477 1827 μὲν

93 1860 131 1892 ²5
154 1844 214 1884 καὶ
247 1843 368 1896 χωρὶς
399 1846 467 1883 τοῦ
500 1845 732 1896 καθυφεῖναι
764 1844 1086 1895 Λακεδαιμονίοις
1117 1845 1227 1886 τινὰς
1259 1842 1473 1895 Ἀρκάδων,

152 1909 339 1961 Ὠρωπὸν
373 1908 422 1950 ἂν
458 1911 712 1961 κομίσασθαι,
751 1910 813 1951 καὶ
848 1910 931 1962 μετ’
969 1912 1141 1956 ἐκείνων,
1178 1910 1227 1951 ἂν
1263 1911 1311 1950 τὰ
1347 1911 1476 1950 δίκαια

151 1979 278 2017 ποιεῖν
303 1976 486 2023 ἐθέλωσι,
514 1977 576 2017 καὶ
600 1978 698 2027 μετὰ
722 1980 799 2018 τῶν
823 1977 960 2019 ἄλλων
983 1982 1061 2019 τῶν
1087 1977 1154 2018 οὐκ
1179 1976 1369 2028 οἰομένων
1395 1979 1476 2017 δεῖν

197 2095 212 2123 7
238 2086 284 2117 ἀεὶ
302 2089 381 2116 arste
398 2084 581 2125 βουλομένη
598 2085 687 2124 vulg.
707 2097 714 2116 ε
739 2089 816 2125 post
831 2086 1014 2126 βουλομένη
1032 2086 1056 2117 S
1204 2095 1242 2116 10
1266 2086 1313 2117 ἀεὶ
1330 2089 1409 2115 ante
1426 2085 1477 2117 διὰ

152 2129 176 2160 S
190 2129 243 2159 A:
275 2134 350 2168 post
373 2130 447 2161 τοὺς
470 2129 558 2168 vulg.
708 2138 745 2168 13
777 2129 871 2172 ἔργον
894 2135 973 2160 ante
998 2130 1165 2170 ἀνθρώπων
1188 2129 1290 2167 vulg„
1310 2128 1475 2167 Hermog.

153 2172 233 2213 (Rh.
254 2172 311 2202 Gr.
332 2172 365 2202 iii
390 2182 453 2211 333
463 2171 539 2212 W),
557 2170 697 2204 Aristid.
716 2173 800 2212 (Rh,
819 2172 875 2204 Gr.
902 2174 934 2203 ix
960 2175 1021 2212 367
1036 2172 1108 2213 W),
1132 2173 1170 2203 cf.
1195 2172 1275 2202 xviii
1300 2173 1372 2211 269,
1392 2172 1476 2210 xxiii

155 2226 236 2255 123:
267 2221 343 2255 post
367 2217 536 2257 ἀνθρώπων
562 2215 585 2245 S
609 2216 701 2247 solus
880 2217 918 2246 18
948 2216 1124 2258 γεγονότες
1149 2216 1212 2247 εἶεν
1236 2216 1325 2254 vulg.
1351 2215 1375 2245 S
1402 2226 1477 2256 γρ.;

150 2259 298 2299 γένοιντο
315 2259 339 2290 S
356 2260 448 2290 solus
602 2269 642 2298 19
666 2262 846 2298 κομιοῦνται
862 2259 1030 2290 Tournier
1176 2268 1219 2288 20
1244 2260 1371 2290 ἐπειδὰν
1387 2259 1414 2290 δ’
1432 2258 1475 2295 A,

152 2301 249 2333 Blass
265 2314 271 2333 :
294 2303 334 2334 ἵν’
354 2303 482 2335 ἐπειδὰν
498 2303 588 2342 vulg.
680 2304 767 2335 αὐτοὶ
787 2303 810 2334 S
824 2303 855 2333 A
872 2316 878 2334 :
903 2304 953 2336 καὶ
972 2304 1060 2336 αὐτοὶ
1079 2302 1167 2341 vulg.
1317 2312 1359 2340 24
1383 2301 1476 2343 χάριν

151 2346 232 2376 secl.
257 2345 365 2377 Cobet
515 2355 557 2385 25
587 2347 676 2378 τινὰς
700 2351 776 2386 post
799 2347 1056 2387 Λακεδαιμονίοις
1080 2345 1192 2384 vulg:
1224 2349 1302 2375 ante
1325 2348 1478 2377 Λακεδαι-

151 2388 270 2427 μονίοις
288 2388 312 2419 S
324 2389 356 2419 A
490 2399 529 2429 27
555 2389 757 2428 βοηθούντων
773 2395 852 2421 ante
869 2391 919 2422 καὶ
936 2390 1012 2421 add.
1032 2389 1120 2427 vulg.
1140 2399 1147 2419 :
1172 2398 1236 2420 om.
1256 2388 1280 2419 S
1297 2389 1389 2419 solus

1509 140 1622 196 [20⁵]

1510 657 1548 695 15

1507 843 1626 898 [206]

1511 1049 1553 1084 16

1512 1388 1551 1423 17

1511 1783 1552 1817 18
