1747 2844
173 132 292 177 xvm]
476 136 618 173 ΠΕΡΙ
666 135 786 172 TOT
833 134 1170 172 ΣΤΕΦΑΝΟΎ
1526 131 1634 187 [319]

171 241 321 294 ψυχίας
346 241 433 280 ἐστὶ
459 243 636 290 σημεῖον,
664 237 820 279 οὐδενὸς
844 240 1032 290 χρηστοῦ.
1104 236 1148 275 τὸ
1178 238 1218 276 δὲ
1250 236 1294 285 δὴ
1323 237 1382 276 καὶ
1408 236 1497 279 τοὺς

171 307 267 360 πρὸς
302 306 360 357 ἔμ’
393 305 509 346 αὐτὸν
542 306 696 358 ἀγῶνας
733 303 906 344 ἐάσαντα
942 306 1009 343 νῦν
1046 302 1109 343 ἐπὶ
1141 302 1245 343 τόνδ’
1279 302 1400 352 ἥκειν,
1436 304 1497 343 καὶ

169 377 305 414 πᾶσαν
339 372 421 426 ἔχει
457 373 605 413 κακίαν.
678 372 743 411 καί
775 387 840 421 μοι
875 372 1000 411 δοκεῖς
1034 370 1076 409 ἐκ
1109 369 1270 415 τούτων,
1308 370 1494 422 Αἰσχίνη,
1527 381 1597 414 280

170 441 303 493 λόγων
323 438 510 490 ἐπίδειξίν
535 455 622 479 τινα
647 437 708 478 καὶ
729 436 962 490 φωνασκίας
987 436 1232 487 βουλόμενος
1252 434 1498 485 ποιήσασθαι

133 527 150 558 5
169 511 307 548 τοῦτον
322 504 563 558 προελέσθαι
583 504 650 544 τὸν
667 504 814 556 ἀγῶνα,
833 503 901 543 οὐκ
921 501 1157 553 ἀδικήματος
1178 501 1333 543 οὐδενὸς
1352 506 1498 553 λαβεῖν

170 574 369 626 τιμωρίαν.
430 572 516 612 ἔστι
536 571 568 611 δ’
589 571 662 623 οὐχ
682 571 702 610 ὁ
722 570 845 621 λόγος
863 572 932 623 τοῦ
949 568 1125 621 ῥήτορος,
1148 570 1335 621 Αἰσχίνη,
1356 570 1497 619 τίμιον,

171 640 249 681 οὐδ’
281 641 301 679 ὁ
330 639 442 681 τόνος
470 640 538 688 τῆς
569 639 716 690 φωνῆς,
749 637 856 676 ἀλλὰ
886 635 931 675 τὸ
963 635 1085 676 ταύτὰ
1116 638 1389 688 προαιρεῖσθαι
1418 639 1499 678 τοῖς

170 709 338 748 πολλοῖς
368 706 430 745 καὶ
460 703 505 744 τὸ
534 704 624 746 τοὺς
654 703 792 745 αὐτοὺς
821 706 955 753 μισεῖν
982 703 1042 743 καὶ
1068 706 1205 754 φιλεῖν
1230 702 1378 754 οὕσπερ
1403 701 1451 742 ἂν
1476 702 1499 753 ἡ

170 773 320 824 πατρίς,
391 772 411 811 6
440 773 515 824 γὰρ
546 771 668 811 οὕτως
706 770 809 823 ἔχων
840 769 910 819 τὴν
943 768 1094 821 ψυχήν,
1130 768 1242 810 οὗτος
1275 768 1335 810 ἐπ’
1370 769 1500 822 εὐνοίᾳ
1529 776 1594 809 28Ι

112 857 150 883 10
170 838 283 880 πάντ’
313 839 404 890 ε’ρεῖ·
443 838 462 877 6
495 836 527 877 δ’
559 837 628 889 ἀφ’
660 837 715 877 ὧν
745 837 768 886 ἡ
799 836 916 877 πόλις
951 836 1169 887 προορᾶταί
1198 852 1285 875 τινα
1323 836 1500 876 κίνδυνον

171 907 300 961 ἑαυτῇ,
338 905 497 945 τούτους
537 902 763 955 θεραπεύων
801 903 869 945 οὐκ
912 902 975 942 ἐπὶ
1013 904 1082 952 τῆς
1120 901 1238 951 αὐτῆς
1275 902 1387 953 ὁρμεῖ
1419 905 1501 943 τοῖς

171 975 349 1017 πολλοῖς,
376 971 515 1011 οὔκουν
544 970 632 1011 οὐδὲ
663 971 732 1020 τῆς
762 970 989 1021 ἀσφαλείας
1017 967 1088 1018 τὴν
1117 966 1236 1018 αὐτὴν
1266 968 1350 1020 ἔχει
1374 984 1498 1020 προσ-

171 1039 319 1078 δοκίαν.
390 1037 494 1083 ἀλλ’,
533 1037 641 1091 ὁρᾷς;
683 1036 774 1088 ἐγώ·
814 1035 934 1075 ταύτὰ
958 1037 1033 1088 γὰρ
1064 1034 1306 1087 συμφέρονθ’
1338 1035 1502 1086 εἱλόμην

172 1105 358 1150 τουτοισί,
387 1105 450 1144 καὶ
478 1103 589 1144 οὐδὲν
616 1101 816 1154 ἐξαίρετον
843 1101 922 1143 οὐδ’
942 1104 1041 1142 ἴδιον
1066 1103 1294 1152 πεποίημαι.
1353 1100 1414 1153 ἆρ’
1433 1101 1502 1141 οὖν
1532 1105 1598 1138 282

113 1188 150 1221 15
173 1171 260 1212 οὐδὲ
290 1171 359 1218 σύ;
400 1170 461 1210 καὶ
487 1174 588 1216 πῶς;
627 1168 668 1211 ὃς
700 1169 841 1210 εὐθέως
871 1170 969 1219 μετὰ
1000 1167 1070 1218 τὴν
1095 1167 1228 1220 μάχην
1253 1167 1502 1219 πρεσβευτὴς

173 1238 360 1289 ἐπορεύου
384 1236 481 1288 πρὸς
502 1238 718 1282 Φίλιππον,
746 1235 788 1278 ὃς
813 1235 860 1285 ἦν
878 1239 955 1276 τῶν
980 1236 1022 1275 ἐν
1048 1236 1212 1277 ἐκείνοις
1236 1239 1318 1276 τοῖς
1343 1234 1502 1287 χρόνοις

173 1308 389 1357 συμφορῶν
421 1305 545 1345 αἴτιος
579 1303 625 1359 τῇ
662 1303 831 1354 πατρίδι,
869 1302 932 1342 καὶ
964 1301 1070 1341 ταῦτ’
1104 1301 1339 1353 ἀρνούμενος
1373 1300 1501 1341 πάντα

171 1371 239 1411 τὸν
265 1371 465 1423 ἔμπροσθε
490 1370 637 1423 χρόνον
662 1369 807 1419 ταύτην
832 1368 902 1418 τὴν
928 1369 1078 1421 χρείαν,
1106 1367 1156 1409 ὡς
1181 1367 1325 1408 πάντες
1351 1369 1501 1408 ἴσασιν.

173 1438 297 1477 καίτοι
316 1438 374 1478 τίς
402 1437 421 1475 ὁ
441 1436 513 1486 τὴν
531 1437 649 1476 πόλιν
670 1434 875 1485 ἐξαπατῶν
882 1451 894 1481 ,·
933 1434 1006 1487 οὐχ
1032 1435 1052 1473 ὁ
1076 1434 1127 1484 μὴ
1148 1433 1279 1486 λέγων
1299 1434 1322 1474 ἃ
1342 1438 1500 1486 φρονεῖ,-

113 1522 152 1544 20
171 1507 223 1558 τῷ
257 1503 289 1543 δ’
322 1504 342 1542 6
380 1502 502 1554 κῆρυξ
535 1505 748 1554 καταρᾶται
785 1501 960 1546 δικαίως;
999 1500 1044 1540 οὐ
1078 1504 1131 1554 τῷ
1167 1501 1349 1554 τοιούτῳ,·
1388 1502 1428 1541 τί
1462 1502 1502 1541 δὲ

170 1570 304 1621 μεῖζον
329 1570 417 1623 ἔχοι
446 1585 503 1610 τις
532 1568 580 1609 ἂν
605 1570 730 1610 εἰπεῖν
755 1568 924 1618 ἀδίκημα
955 1566 1036 1607 κατ’
1063 1566 1202 1619 ἀνδρὸς
1231 1566 1394 1619 ῥήτορος
1418 1563 1441 1616 ἦ
1468 1568 1501 1607 εἶ

170 1636 222 1687 μὴ
248 1635 370 1676 ταύτὰ
396 1638 538 1688 φρονεῖ
561 1635 623 1675 καὶ
646 1634 776 1687 λέγει;
815 1634 867 1675 σὺ
891 1635 1023 1675 τοίνυν
1048 1633 1160 1676 οὗτος
1186 1633 1358 1685 εὑρέθης.
1419 1633 1501 1673 εἶτα
1531 1604 1598 1658 [32
1632 1605 1645 1658 ]

1533 1663 1598 1695 28⁶

172 1703 223 1743 σὺ
253 1702 422 1755 φθέγγει
457 1702 518 1742 καὶ
551 1701 719 1753 βλέπειν
754 1702 809 1743 εἷς
841 1703 890 1740 τὰ
923 1701 1073 1741 τούτων
1106 1701 1300 1753 πρόσωπα
1332 1705 1500 1754 τολμᾷς;
1581 1683 1600 1704 ³

171 1768 302 1820 πότερ’
335 1769 409 1821 οὐχ
444 1768 535 1821 ἡγεῖ
567 1768 806 1821 γιγνώσκειν
842 1767 981 1809 αὐτοὺς
1017 1768 1129 1808 ὅστις
1166 1767 1218 1813 εῖ,·
1256 1764 1279 1817 ἦ
1312 1770 1504 1806 τοσοῦτον

114 1851 151 1883 ²5
172 1836 294 1876 ὕπνον
333 1836 394 1875 καὶ
429 1834 556 1885 λήθην
591 1833 767 1877 ἅπαντας
804 1835 912 1887 ἔχειν
946 1833 1043 1874 ὥστ’
1077 1833 1121 1874 οὗ
1155 1835 1380 1885 μεμνῆσθαι
1415 1833 1504 1875 τοὺς

172 1902 318 1954 λόγους
356 1901 422 1943 οὓς
460 1902 713 1953 ἐδημηγόρεις
749 1902 791 1941 ἐν
827 1905 880 1956 τῷ
917 1900 1092 1955 πολέμῳ,
1132 1901 1404 1953 καταρώμενος
1442 1900 1502 1940 καὶ

174 1968 430 2020 διομνύμενος
453 1969 574 2019 μηδὲν
594 1967 692 2008 εῖναι
718 1967 784 2008 σοὶ
810 1968 873 2008 καὶ
899 1968 1089 2021 Φιλίππῳ
1115 1969 1289 2019 πρᾶγμα,
1316 1966 1407 2006 ἀλλ’
1435 1967 1503 2016 ἐμὲ

172 2035 243 2085 τὴν
273 2035 403 2075 αἰτίαν
432 2051 497 2074 σοι
525 2034 670 2085 ταύτην
700 2033 863 2087 ἐπάγειν
892 2036 961 2084 τῆς
991 2035 1090 2076 ἰδίας
1120 2033 1220 2074 ἕνεκ’
1247 2034 1402 2086 ἔχθρας,
1435 2032 1503 2072 οὐκ

173 2101 297 2142 οὖσαν
334 2102 476 2152 ἀληθῆ.
549 2100 600 2143 ὡς
635 2100 668 2140 δ’
705 2100 937 2153 ἀπηγγέλθη
974 2099 1134 2153 τάχισθ’
1171 2100 1194 2150 ἡ
1230 2099 1351 2152 μάχη,
1390 2099 1502 2139 οὐδὲν
1532 2107 1599 2148 284

216 2221 235 2241 2
260 2211 311 2243 καὶ
328 2214 408 2241 ante
424 2212 532 2242 πᾶσαν
548 2219 613 2240 orn.
636 2209 662 2238 L
679 2208 768 2248 vulg.
783 2217 789 2238 :
814 2209 892 2240 add.
911 2208 942 2239 A
1032 2218 1095 2247 2-3
1119 2208 1170 2239 καὶ
1190 2232 1197 2239 .
1213 2230 1221 2238 .
1238 2231 1245 2238 .
1262 2207 1376 2239 κακίαν
1393 2217 1457 2238 om.
1478 2207 1502 2238 S

172 2264 191 2292 4
226 2257 292 2285 τῶν
314 2258 393 2284 ante
417 2253 527 2294 λόγων
550 2253 626 2283 add.
654 2253 685 2283 A
710 2251 820 2292 vulg.:
855 2262 920 2283 om.
947 2251 1090 2289 SLFQ
1192 2251 1243 2282 καὶ
1269 2260 1332 2281 om.
1357 2250 1389 2281 A
1412 2250 1500 2289 vulg.

172 2298 194 2326 6
217 2297 321 2336 τίμιον
339 2296 363 2327 S
376 2296 402 2326 L
419 2308 426 2327 ε
449 2297 553 2335 τίμιος
570 2295 659 2334 vulg.
800 2296 838 2325 16
863 2298 897 2327 ἐν
914 2305 978 2326 om.
999 2295 1022 2325 S
1035 2294 1065 2325 Ο
1210 2304 1252 2324 22
1276 2294 1393 2333 ταύτὰ]
1412 2294 1501 2326 ταῦθ’

174 2339 193 2371 ἃ
211 2339 236 2370 L
252 2351 259 2370 ε
283 2342 385 2372 ταῦτα
401 2340 420 2371 ἃ
436 2339 467 2369 Α
558 2338 666 2379 οὗτος]
684 2341 828 2371 τοιοῦτος
846 2339 934 2378 vulg.
1053 2347 1092 2375 23
1117 2337 1240 2369 τούτων
1258 2337 1281 2367 S
1293 2337 1342 2368 Y:
1367 2338 1501 2369 τουτωνὶ

175 2382 201 2413 L
213 2382 244 2413 A
262 2382 353 2422 vulg.
490 2383 532 2412 26
556 2381 688 2422 πολέμῳ
707 2381 742 2413 S¹
757 2381 855 2413 L¹A:
881 2382 969 2423 δήμῳ
986 2380 1073 2419 vulg.
