1747 2844
176 124 263 178 mx]
401 129 542 166 ΠΕΡΙ
591 129 714 166 ΤΗΣ
762 129 1280 166 ΠΑΡΑΠΡΕΣΒΕΙΑΣ

275 231 486 283 πραθέντες
510 233 698 282 δεσμοῖσί
720 231 751 270 τ’
778 232 1013 272 ἀεικελίοισι
1038 231 1227 273 δεθέντες.

274 365 374 405 οὕτω
401 365 590 415 δημόσιον
617 363 734 404 κακὸν
760 364 917 416 ἔρχεται
942 363 1063 403 οἴκαδ’
1090 362 1256 417 ἑκάστῳ,

341 431 491 471 αὕλειοι
515 430 546 469 δ’
572 430 624 469 ἔτ’
651 430 758 483 ἔχειν
782 430 850 470 οὐκ
877 429 1061 470 ἐθέλουσι
1086 429 1209 481 θύραι,

274 496 433 549 ὑψηλὸν
458 496 490 536 δ’
515 497 610 548 ὑπὲρ
637 496 747 547 ἕρκος
770 496 995 548 ὑπέρθορεν,
1024 496 1110 547 εὗρε
1136 497 1176 535 δὲ
1203 494 1368 540 πάντως,

136 577 157 610 5
343 565 375 603 εἰ
402 564 466 603 καί
487 579 545 604 τις
570 562 728 614 φεύγων
753 564 796 603 ἐν
819 566 929 617 μυχῷ
954 562 978 618 ᾗ
1003 561 1192 612 θαλάμου.

275 633 392 669 ταῦτα
416 628 569 679 διδάξαι
593 628 711 679 θυμὸς
735 628 967 679 Ἀθηναίους
991 646 1039 679 με
1066 628 1227 673 κελεύει,

342 695 393 737 ὡς
419 697 516 735 κακὰ
540 699 712 735 πλεῖστα
736 696 852 735 πόλει
877 696 1064 745 δυσνομίη
1092 694 1269 747 παρέχει,

276 762 434 812 εὐνομίη
461 761 492 801 δ’
519 761 694 812 εὔκοσμα
719 762 781 801 καὶ
807 761 919 813 ἄρτια
943 760 1056 802 πάντ’
1082 762 1307 812 ἀποφαίνει,

344 829 405 868 καὶ
431 828 535 878 θαμὰ
558 832 640 870 τοῖς
663 828 810 870 ἀδίκοις
835 829 1073 880 ἀμφιτίθησι
1098 826 1231 873 πέδας,

119 908 158 931 10
276 894 423 947 τραχέα
446 894 623 940 λειαίνει,
651 894 766 935 παύει
792 895 918 946 κόρον,
945 895 1062 946 ὕβριν
1086 894 1262 946 ἀμαυροῖ,

343 960 493 1001 αὐαίνει
517 959 550 1000 δ’
575 960 670 1011 ἄτης
695 960 815 1002 ἄνθεα
840 962 1029 1013 φυόμενα,

278 1026 427 1068 εὐθύνει
453 1029 494 1068 δὲ
519 1027 627 1068 δίκας
653 1027 830 1072 σκολιάς,
857 1026 1091 1079 ὑπερήφανά
1115 1026 1147 1065 τ’
1174 1026 1269 1077 ἔργα

345 1093 517 1144 πραΰνει,
545 1094 658 1133 παύει
682 1093 714 1133 δ’
740 1094 835 1146 ἔργα
860 1094 1131 1146 διχοστασίης,

278 1160 392 1200 παύει
417 1159 449 1199 δ’
475 1159 670 1211 ἀργαλέης
697 1160 821 1211 ἔριδος
846 1161 982 1212 χόλον·
1020 1160 1106 1200 ἔστι
1131 1158 1162 1198 δ’
1188 1157 1251 1199 ὑπ’
1278 1157 1395 1208 αὐτῆς

120 1238 158 1271 15
346 1226 474 1266 πάντα
499 1226 579 1266 κατ’
604 1227 830 1277 ἀνθρώπους
855 1225 968 1277 ἄρτια
995 1227 1055 1266 καὶ
1081 1224 1232 1265 πινυτά.

354 1306 518 1323 κθφν

245 1308 407 1348 Ἀκουετ
424 1340 433 1355 ,
452 1326 481 1347 ω
499 1311 636 1360 ανδρες
651 1309 865 1359 Ἀθηναῖοι,
885 1310 973 1360 περὶ
990 1312 1066 1349 τῶν
1082 1309 1268 1348 τοιούτων
1284 1307 1500 1358 ἀνθρώπων

178 1376 240 1415 οἶα
270 1376 408 1415 Σόλων
438 1374 559 1426 λέγει,
594 1377 656 1416 καὶ
685 1377 773 1427 περὶ
802 1379 878 1415 τῶν
910 1378 1020 1421 θεῶν,
1052 1376 1117 1417 οὕς
1147 1380 1249 1427 φησι
1283 1374 1353 1423 τὴν
1383 1374 1501 1413 πόλιν

179 1439 331 1496 σῴζειν.
403 1442 481 1493 ἐγὼ
511 1441 543 1480 δ’
570 1442 629 1482 ἀεὶ
656 1444 729 1491 μὲν
758 1443 885 1492 ἀληθῆ
916 1441 983 1482 τὸν
1015 1442 1138 1493 λόγον
1167 1444 1305 1480 τοῦτον
1335 1440 1501 1492 ἡγοῦμαι

179 1508 240 1548 καὶ
275 1508 486 1558 βούλομαι,
524 1507 574 1549 ὡς
609 1507 669 1559 ἄρ’
702 1509 738 1547 οἱ
775 1508 856 1548 θεοὶ
889 1506 1083 1562 σῴζουσιν
1115 1508 1225 1558 ἡμῶν
1261 1506 1331 1556 τὴν
1369 1507 1499 1546 πόλιν·

121 1593 159 1615 20
177 1575 322 1625 τρόπον
351 1574 394 1614 δέ
422 1573 495 1614 τιν’
520 1574 687 1626 ἡγοῦμαι
719 1575 780 1614 καὶ
809 1576 856 1613 τὰ
885 1577 952 1614 νῦν
983 1575 1270 1625 συμβεβηκότα
1300 1572 1412 1613 πάντ’
1439 1573 1501 1613 ἐπὶ

177 1644 262 1683 ταῖς
287 1640 463 1682 εὐθύναις
488 1641 668 1681 ταυταισὶ
698 1641 900 1691 δαιμονίας
930 1641 1035 1682 τινὸς
1064 1641 1216 1682 εὐνοίας
1246 1640 1430 1691 ἔνδειγμα
1455 1645 1502 1696 τῇ

179 1709 295 1748 πόλει
329 1709 582 1760 γεγενῆσθαι.
654 1711 839 1748 σκοπεῖτε
871 1707 959 1760 γάρ.
1029 1706 1235 1759 ἄνθρωπος
1270 1708 1403 1746 πολλὰ
1441 1706 1502 1745 καὶ

178 1776 286 1815 δεινὰ
315 1774 583 1826 πρεσβεύσας,
612 1775 674 1814 καὶ
702 1775 843 1827 χώρας,
862 1774 1084 1816 ἐκδεδωκὼς
1112 1775 1155 1814 ἐν
1184 1774 1244 1814 αἶς
1273 1772 1362 1813 τοὺς
1392 1772 1502 1813 θεοὺς

178 1841 246 1893 ὑφ’
276 1841 383 1891 ὑμῶν
412 1841 475 1881 καὶ
507 1844 584 1881 τῶν
618 1840 839 1894 συμμάχων
871 1844 1060 1891 τιμᾶσθαι
1092 1842 1304 1893 προσῆκεν,
1336 1838 1502 1889 ἠτίμωσ’

121 1927 159 1958 25
178 1907 457 1947 ὑπακούσαντά
479 1907 552 1947 τιν’
577 1908 694 1948 αὐτοῦ
719 1906 947 1960 κατήγορον.
1007 1908 1070 1948 ἵνα
1094 1908 1134 1947 τί
1137 1923 1149 1953 ;
1188 1907 1252 1947 ἵνα
1275 1904 1363 1956 μήτ’
1390 1904 1502 1945 ἐλέου

177 1972 275 2025 μήτε
308 1974 542 2026 συγγνώμης
576 1974 641 2025 ἐφ’
669 1974 727 2016 οἷς
759 1974 874 2016 αὐτὸς
905 1974 1087 2025 ἠδίκηκεν
1120 1973 1232 2029 τύχῃ.
1303 1972 1408 2012 ἀλλὰ
1441 1972 1503 2011 καὶ

182 2044 407 2093 κατηγορῶν
432 2041 580 2081 ἐκείνου
607 2044 731 2082 κακῶς
755 2039 889 2093 λέγειν
908 2040 1102 2093 προείλετ’
1124 2038 1205 2091 ἐμέ,
1229 2039 1289 2079 καὶ
1314 2037 1436 2079 πάλιν
1460 2039 1503 2078 ἐν

223 2160 242 2188 4
266 2149 393 2182 πάντως
416 2154 603 2179 correctum
627 2160 668 2179 ex
691 2149 763 2181 cod.
783 2149 970 2181 Bodleiano
992 2149 1128 2189 (πάντας
1148 2150 1167 2187 ἢ
1184 2147 1323 2188 πάντως)
1342 2159 1349 2178 2
1383 2146 1505 2179 πάντας

179 2193 268 2232 vulg.
446 2201 465 2232 5
490 2193 542 2224 καί
558 2203 747 2231 anonymus
764 2194 797 2223 in
816 2195 965 2233 margine
984 2193 1057 2223 libri
1077 2192 1293 2231 Lessingiani
1310 2202 1316 2221 :
1350 2204 1390 2232 γε
1408 2190 1503 2221 codd.

180 2235 202 2279 ᾗ
219 2236 360 2276 θαλάμου
377 2236 618 2267 Schneidewin
635 2247 642 2266 :
665 2238 684 2275 ἢ
702 2236 831 2277 θαλάμῳ
847 2238 934 2276 vulg.
1094 2237 1130 2266 18
1155 2237 1201 2267 ἀεὶ
1219 2235 1278 2275 μὲν
1296 2235 1321 2264 L
1338 2235 1429 2273 vulg.
1446 2244 1452 2264 :
1478 2235 1505 2265 εὶ

180 2279 240 2319 μὲν
264 2279 301 2310 5¹
327 2280 417 2320 (add.
436 2293 454 2311 α
477 2284 543 2310 ant.
566 2280 647 2320 m.):
682 2280 760 2312 εἶναι
783 2280 843 2320 μὲν
866 2281 919 2311 A:
954 2281 1001 2312 ἀεὶ
1025 2280 1084 2320 μὲν
1109 2281 1187 2311 εἶναι
1212 2280 1252 2309 al.
1368 2279 1504 2319 ἡγοῦμαι

182 2324 232 2355 καὶ
249 2323 328 2354 secl.
346 2323 563 2354 Herwerden
655 2334 696 2353 20
719 2324 871 2364 ἡγοῦμαι]
892 2325 1029 2365 ἡγοῦμαι
1047 2325 1097 2355 καὶ
1116 2323 1272 2362 βούλομαι
1292 2321 1344 2353 0¹:
1372 2322 1456 2361 οἶμαι
1472 2320 1503 2350 Α

182 2375 222 2404 25
245 2367 297 2398 ἵνα
313 2367 356 2404 τί,-
373 2366 411 2397 G.
432 2366 475 2397 H.
499 2367 662 2397 &chaeser
679 2367 736 2404 (cf.
756 2368 811 2398 ins.
834 2376 863 2405 Ι)
883 2379 889 2397 :
914 2368 965 2399 διὰ
980 2368 1013 2398 τί
1029 2367 1124 2397 codd.
1209 2367 1250 2395 26
1273 2366 1424 2403 ἠδίκηκεν
1441 2365 1464 2395 S
1478 2364 1504 2393 L

184 2408 250 2439 FY
267 2421 273 2439 ;
298 2410 431 2448 ἠδίκησε
449 2410 539 2447 vulg.
668 2419 708 2448 27
734 2417 903 2451 προειλετο
923 2411 1006 2449 (nou
1025 2410 1207 2450 πρυείλετε)
1227 2410 1250 2439 S
1272 2414 1339 2449 (me
1356 2407 1458 2445 teste)

1524 124 1635 179 [422]

1531 888 1642 944 [423]
