1747 2844
144 506 161 537 5

125 837 162 860 10

124 1169 161 1202 15

124 1502 162 1525 20

185 114 272 167 X1x]
409 120 552 156 ΠΕΡΙ
599 120 722 157 ΤΗΣ
769 120 1292 173 ΠΑΡΑΠΡΕΣΒΕΙΑΣ

183 221 215 262 δ’
235 222 470 273 ἐνθυμεῖσθ’,
491 221 520 262 ὦ
546 222 682 274 ἄνδρες
707 224 901 268 δικασταί,
922 222 1019 274 πρὸς
1042 225 1114 273 μὲν
1134 224 1181 262 τὰ
1200 223 1337 263 τούτου
1358 224 1503 269 παιδία,

182 289 242 328 ὅτι
266 293 429 329 πολλῶν
451 288 672 341 συμμάχων
700 288 896 340 ὑμετέρων
924 288 987 328 καὶ
1011 289 1144 339 φίλων
1168 292 1303 330 παῖδες
1332 290 1507 329 ἀλῶνται

184 355 246 395 καὶ
277 355 428 407 πτωχοὶ
457 354 732 408 περιέρχονται
761 355 868 394 δεινὰ
896 354 1138 396 πεπονθότες
1166 356 1229 394 διὰ
1257 359 1407 401 τοῦτον,
1439 356 1506 397 οὓς

182 422 310 462 ἐλεεῖν
334 425 470 475 πολλῷ
499 424 655 472 μᾶλλον
681 421 772 471 ὑμῖν
795 419 906 470 ἄξιον
929 416 953 470 ἢ
977 420 1067 462 τοὺς
1094 424 1162 460 τοῦ
1186 420 1414 471 ἠδικηκότος
1445 422 1505 461 καὶ

182 488 373 539 προδότου
396 488 555 539 πατρός,
583 487 645 527 καὶ
669 488 729 527 ὅτι
753 486 842 528 τοὺς
866 486 1075 538 ὑμετέρους
1098 489 1242 529 παῖδας
1267 487 1387 533 οὗτοι,
1416 490 1425 505 ‘
1444 488 1506 527 καὶ

181 558 263 595 τοῖς
299 553 501 606 ἐκγόνοις’
534 553 868 606 προσγράψαντες
898 550 992 605 (εἷς)
1025 553 1097 603 τὴν
1130 552 1300 605 εἰρήνην,
1337 554 1398 594 καὶ
1429 558 1506 594 τῶν

182 621 354 660 ἐλπίδων
387 619 694 672 ἀπεστερήκασι·
746 620 842 672 πρὸς
873 621 913 660 δὲ
944 622 993 660 τὰ
1022 619 1140 660 αὐτοῦ
1172 621 1311 660 τούτου
1348 620 1505 673 δάκρυα,

180 687 240 726 ὅτι
265 690 333 727 νῦν
359 686 461 739 ἔχετ’
486 686 703 739 ἄνθρωπον,
733 686 775 728 ὃς
801 689 855 729 εἰς
878 686 1090 738 Ἀρκαδίαν
1115 687 1295 728 ἐκέλευεν
1327 687 1390 728 ἐπὶ
1418 688 1509 729 τοὺς

179 753 275 806 ὑπὲρ
307 755 512 793 Φιλίππου
544 753 788 805 πράττοντας
821 753 990 804 πέμπειν
1023 753 1113 795 τοὺς
1150 753 1506 806 κατηγορήσοντας.

180 824 249 860 νῦν
290 821 422 860 τοίνυν
463 821 561 871 ὑμᾶς
608 820 677 861 οὐκ
726 822 781 862 εἰς
823 821 1141 871 Πελοπόννησον
1188 824 1249 861 δεῖ
1286 822 1508 873 πρεσβείαν

181 886 362 937 πέμπειν,
392 886 469 926 οὐδ’
495 887 586 928 ὁδὸν
613 889 765 939 μακρὰν
794 888 974 936 βαδίσαι,
1003 886 1082 927 οὐδ’
1108 887 1234 939 ἐφόδι’
1261 888 1505 933 ἀναλίσκειν,

181 953 272 993 ἀλλ’
302 952 394 1006 ἄχρι
422 957 491 994 τοῦ
519 953 699 1005 βήματος
728 955 884 995 ἐνταυθὶ
913 953 1178 1006 προσελθόνθ’
1203 954 1372 995 ἕκαστον
1400 955 1507 1006 ὑμῶν

180 1020 251 1070 τὴν
275 1021 394 1061 ὁσίαν
419 1021 482 1061 καὶ
506 1022 658 1061 δικαίαν
676 1023 819 1073 ψῆφον
835 1022 933 1072 ὑπὲρ
957 1023 1026 1071 τῆς
1051 1021 1235 1072 πατρίδος
1259 1020 1400 1061 θέσθαι
1424 1020 1507 1061 κατ’

182 1087 333 1139 ἀνδρός,
362 1088 416 1133 ὅς,
443 1085 473 1127 ὦ
498 1090 547 1140 γῆ
575 1088 636 1128 καὶ
663 1089 755 1133 θεοί,
785 1087 898 1127 ἐκεῖν’
919 1088 942 1127 ἃ
968 1086 1175 1137 διεξῆλθον
1199 1089 1242 1128 ἐν
1268 1088 1370 1145 ἀρχῇ
1396 1090 1505 1138 δεδη-

179 1154 424 1206 μηγορηκώς,
456 1153 526 1194 τὸν
559 1157 799 1206 Μαραθῶνα,
833 1154 904 1204 τὴν
935 1157 1153 1205 Σαλαμῖνα,
1185 1156 1255 1196 τὰς
1284 1154 1429 1208 μάχας,
1461 1156 1508 1194 τὰ

181 1220 362 1273 τρόπαια,
393 1220 585 1273 ἐξαίφνης
619 1220 671 1263 ὡς
702 1221 829 1271 ἐπέβη
863 1222 1125 1266 Μακεδονίας,
1157 1220 1286 1261 πάντα
1318 1222 1509 1262 τάναντία

181 1287 346 1333 τούτοις,
380 1286 432 1338 μὴ
468 1288 675 1340 προγόνων
709 1289 947 1338 μεμνῆσθαι,
981 1287 1033 1338 μὴ
1071 1287 1238 1339 τρόπαια
1272 1287 1420 1340 λέγειν,
1454 1288 1507 1339 μ’ῗ]

180 1356 347 1404 βοηθεῖν
370 1356 520 1405 μηδενί,
546 1354 599 1405 μὴ
632 1355 739 1410 κοινῇ
762 1356 860 1405 μετὰ
889 1357 966 1394 τῶν
989 1352 1200 1404 Ἑλλήνων
1224 1355 1505 1405 βουλεύεσθαι,

180 1421 302 1471 μόνον
326 1419 372 1460 οὐ
396 1423 578 1461 καθελεῖν
600 1422 650 1461 τὰ
673 1422 798 1473 τείχη.
867 1421 990 1461 καίτοι
1013 1421 1162 1461 τούτων
1186 1422 1368 1475 αἰσχίους
1391 1422 1507 1474 λόγοι

182 1486 336 1528 οὐδένες
360 1487 510 1527 πώποτ’
538 1489 580 1528 ἐν
603 1491 656 1542 τῷ
675 1487 791 1528 παντὶ
816 1487 946 1542 χρόνῳ
966 1488 1159 1540 γεγόνασι
1182 1487 1273 1540 παρ’
1291 1489 1394 1539 ὑμῖν.
1450 1490 1508 1530 τίς

179 1553 256 1606 γάρ
281 1555 392 1594 ἐστιν
414 1552 623 1604 Ἑλλήνων
647 1550 671 1604 ἢ
696 1553 917 1606 βαρβάρων
948 1555 1047 1594 οὕτω
1078 1554 1216 1596 σκαιὸς
1243 1551 1267 1604 ἢ
1293 1554 1459 1605 ἀνήκοος
1485 1551 1508 1604 ἦ

181 1621 342 1673 σφόδρα
365 1624 494 1672 μισῶν
518 1621 591 1671 τὴν
613 1622 732 1661 πόλιν
757 1620 829 1670 τὴν
852 1620 1057 1672 ἡμετέραν,
1078 1621 1203 1667 ὅστις,
1226 1622 1263 1661 εἴ
1283 1637 1341 1662 τις
1365 1621 1506 1673 ἔροιτο,

183 1689 193 1704 ‘
210 1686 295 1727 εἰπέ
323 1704 401 1738 μοι,
428 1690 498 1737 τῆς
527 1691 596 1728 νῦν
623 1688 744 1738 οὔσης
768 1686 966 1729 Ἑλλάδος
992 1689 1158 1738 ταυτησὶ
1189 1688 1251 1727 καὶ
1281 1687 1508 1739 οἰκουμένης

182 1753 266 1793 ἔσθ’
286 1755 307 1792 ὅ
332 1769 369 1793 τι
391 1754 536 1804 ταύτην
559 1753 608 1794 ἂν
631 1754 703 1804 τὴν
722 1756 992 1806 προσηγορίαν
1019 1754 1127 1808 εῖχεν
1144 1751 1167 1804 ἢ
1189 1754 1316 1809 ᾠκεῖθ’
1334 1755 1411 1795 ὑπὸ
1430 1758 1508 1795 τῶν

181 1824 249 1861 νῦν
274 1821 450 1872 ἐχόντων
467 1819 689 1870 Ἑλλήνων,
711 1822 745 1861 εἰ
767 1820 819 1872 μὴ
838 1822 906 1862 τὰς
932 1822 1072 1872 ἀρετὰς
1094 1822 1192 1872 ὑπὲρ
1209 1821 1337 1861 αὐτῶν
1358 1822 1508 1863 ἐκείνας

181 1889 217 1928 οἱ
251 1889 468 1939 Μαραθῶνι
502 1888 573 1928 κάν
607 1890 802 1938 Σαλαμῖνι
834 1886 1098 1940 παρέσχοντο,
1126 1889 1162 1928 οἱ
1196 1887 1377 1940 ἡμέτεροι
1410 1888 1505 1939 πρό-

180 1970 310 2006 γονοι;
328 1953 338 1967 ’
374 1953 454 1993 οὐδ’
478 1954 526 1994 ἂν
556 1955 610 1995 εἶς
640 1954 681 1994 εὖ
714 1953 786 1994 οἷδ’
812 1955 871 1994 ὅτι
900 1953 1081 2006 φήσειεν,
1108 1954 1215 1994 ἀλλὰ
1243 1953 1371 1994 πάντα
1400 1954 1507 1994 ταῦθ’

180 2020 255 2061 ὑπὸ
275 2024 352 2061 τῶν
371 2019 594 2073 βαρβάρων
611 2019 660 2062 ἂν
679 2020 909 2062 ἑαλωκέναι.
954 2020 1025 2061 εἶθ’
1044 2021 1110 2062 οὓς
1129 2023 1227 2071 μηδὲ
1250 2025 1328 2061 τῶν
1354 2022 1507 2073 ἐχθρῶν

224 2140 243 2167 4
269 2134 345 2168 post
364 2130 437 2161 τοὺς
459 2129 535 2160 add.
551 2132 609 2161 τοῦ
632 2129 675 2161 S:
708 2131 767 2161 τοῦ
787 2131 844 2161 τοῦ
862 2128 921 2159 L¹z
952 2131 1010 2160 τοῦ
1026 2131 1158 2160 τοιοῦτα
1172 2128 1224 2159 Α;
1257 2131 1401 2161 τοσαῦτα
1416 2128 1504 2168 vulg.

180 2173 202 2202 6
227 2173 270 2204 εἰς
286 2173 363 2203 add.
382 2172 521 2209 Reiske,
542 2172 582 2204 cf.
604 2176 618 2210 ξ,
637 2173 677 2211 87
845 2182 863 2212 7
889 2174 986 2204 αὐτοῦ
1001 2176 1080 2202 ante
1097 2172 1214 2204 τούτου
1230 2182 1293 2202 om.
1312 2172 1343 2201 A
1357 2172 1405 2203 P:
1429 2172 1504 2203 add.

183 2216 206 2246 S
220 2215 246 2245 L
262 2215 351 2255 vulg.
473 2217 493 2246 8
519 2216 667 2248 ἐκέλευεν
684 2215 708 2246 S
720 2215 746 2246 L
759 2216 784 2246 F
797 2215 847 2254 Q:
875 2216 1046 2247 ἐκέλευσεν
1062 2214 1094 2244 A
1216 2226 1253 2245 12
1279 2216 1403 2247 ἐνταυθὶ
1423 2215 1446 2246 S
1459 2216 1506 2246 L:

183 2261 333 2290 ἐνταυθοῖ
345 2264 422 2290 cett.
574 2269 613 2298 13
636 2261 696 2297 τὴν
712 2264 791 2290 ante
808 2259 931 2291 δικαίαν
947 2259 1024 2289 add.
1044 2258 1067 2288 S
1080 2258 1105 2288 L
1118 2257 1212 2288 YO:
1238 2268 1301 2288 om.
1323 2258 1412 2297 vulg.
1432 2259 1509 2299 (τὴν

182 2302 305 2334 δικαίαν
322 2304 373 2334 καὶ
391 2304 484 2335 ὁσίαν
499 2302 558 2343 Α),
577 2303 617 2333 cs.
638 2303 697 2332 xxi
713 2303 775 2332 226
977 2312 1013 2340 17
1040 2302 1135 2342 ἔλεγε
1153 2307 1228 2341 post
1245 2301 1371 2333 τούτοις
1387 2302 1463 2332 add.
1482 2302 1508 2332 L

182 2345 269 2384 vulg.
289 2356 295 2374 :
321 2356 385 2376 om.
405 2346 428 2376 S
540 2348 583 2377 26
606 2347 666 2378 κᾶν
684 2345 920 2377 Herwerden:
946 2346 996 2377 καὶ
1015 2345 1111 2376 codd.
1203 2345 1350 2387 ἡμέτεροι
1369 2345 1447 2375 L¹A
1460 2345 1507 2376 P:

184 2389 325 2429 ὑμέτεροι
344 2389 367 2419 S
385 2390 476 2428 vulg.

1539 117 1656 173 [440]

1540 785 1646 840 [441]

1539 851 1578 886 31
1589 851 1603 876 1

1540 1437 1606 1473 312

1539 2033 1605 2069 313
