1731 2844
807 544 847 584 X

513 669 677 710 ΚΑΤΑ
736 669 1047 710 ΦΙΛΙΠΠΟΤ
1103 670 1142 711 Δ

716 798 932 828 ὙΠΟΘΕΣΙΣ.

219 872 294 909 Καὶ
322 870 426 912 οὗτος
454 871 520 919 τὴν
550 871 662 919 αὐτὴν
690 870 867 909 ὑπόθεσιν
895 872 971 921 ἔχει
998 874 1047 921 τῷ
1077 871 1255 919 φθάνοντι
1284 872 1343 910 καὶ
1373 876 1489 912 πλεον

164 926 267 964 οὐδὲν
286 924 358 964 οὐδ’
378 925 477 969 ἴδιον,
498 926 598 974 πλὴν
617 926 659 963 τὸ
683 926 766 974 περὶ
791 927 855 973 τῆς
879 925 1047 974 ὁμονοίας
1069 925 1285 975 πολίτευμα·
1317 926 1487 976 διαφερο-

164 982 280 1030 μένων
314 982 384 1047 γὰρ
416 982 487 1017 τῶν
521 979 711 1017 πλαισίων
744 980 834 1028 πρὸς
867 979 950 1019 τοὺς
986 980 1154 1028 πένητας,
1190 980 1209 1017 ὃ
1243 981 1488 1030 Δημοσθένης

165 1035 384 1072 καταπαύειν
416 1036 582 1083 πειρᾶται
614 1033 680 1081 τὴν
715 1034 862 1077 στάσιν,
896 1036 946 1084 τῷ
978 1035 1046 1082 μὲν
1079 1033 1180 1084 δήμω
1217 1037 1401 1083 παραινῶν
1434 1035 1486 1084 μὴ

125 1102 142 1133 5
164 1087 329 1137 δημεύειν
347 1104 411 1128 τας
430 1091 501 1125 τῶι
519 1088 710 1125 πλουσίων
729 1088 867 1131 οὐσίας,
887 1090 963 1127 τοῖς
987 1087 1025 1125 δὲ
1043 1088 1237 1127 πλουσίοις
1260 1088 1311 1137 μὴ
1336 1088 1488 1136 φθονεῖν

161 1145 237 1182 τοῖς
270 1143 420 1191 ἀπόροις
453 1144 516 1179 τοῦ
552 1141 732 1191 δημοσίου
765 1142 969 1191 λήμματος.
1040 1141 1156 1179 πείθει
1190 1141 1227 1178 δὲ
1259 1142 1343 1182 τοὺς
1374 1141 1485 1192 Ἀθη-

162 1196 282 1236 ναιόυς
307 1197 366 1235 καὶ
391 1196 482 1245 πρὸς
508 1196 571 1234 τὸν
591 1197 749 1245 Περσῶν
767 1195 934 1244 βασιλέα
957 1196 1039 1245 περὶ
1062 1196 1277 1246 συμμαχίας
1302 1197 1486 1246 πρεσβεύ-

162 1249 280 1288 εσθαι.

805 1374 825 1383 n

228 1377 303 1417 Καὶ
347 1379 540 1417 σπουδαῖα
585 1376 763 1427 νομίζων,
802 1380 831 1415 ὡ
873 1375 1009 1428 ἄνδρες
1047 1374 1262 1427 Ἀθηναῖοι,
1301 1377 1389 1430 περὶ
1429 1380 1484 1420 ὧν

104 1463 142 1487 10
159 1443 416 1494 βουλεύεσθε,
446 1442 507 1482 καὶ
537 1443 731 1495 ἀναγκαῖα
755 1447 802 1499 τῇ
827 1443 955 1488 πόλει,
982 1442 1220 1494 πειράσομαι
1244 1444 1332 1496 περὶ
1358 1444 1483 1486 αὐτῶν

160 1510 284 1549 εἰπεῖν
308 1510 332 1549 ἃ
359 1509 501 1561 νομίζω
527 1508 756 1561 συμφέρειν.
827 1508 911 1548 Οὐκ
936 1509 1084 1561 ὀλίγων
1110 1509 1142 1549 δ’
1162 1511 1286 1551 ὄντων
1310 1512 1480 1564 ἁμαρτη-

158 1575 291 1626 μάτων
316 1575 394 1615 οὐὸ’
419 1577 460 1616 ἐκ
485 1579 624 1628 μικροῦ
648 1576 792 1628 χρόνου
816 1575 1146 1628 συνειλεγμένων,
1174 1574 1220 1625 ἐξ
1240 1577 1294 1617 ὧν
1319 1578 1483 1630 φαύλως

159 1641 264 1682 ταῦτ’
297 1643 392 1695 ἔχει,
426 1641 536 1683 οὐδέν
574 1644 697 1688 ἐστιν,
733 1640 763 1682 ὦ
799 1641 936 1695 ἄνδρες
968 1641 1182 1693 Ἀθηναῖοι,
1215 1647 1293 1684 τῶν
1323 1643 1482 1686 πάντων

160 1708 454 1761 δυσκολώτερον
484 1710 539 1751 εἷς
566 1708 610 1749 τὸ
638 1708 763 1761 παρὸν
793 1705 816 1758 ἢ
846 1709 906 1749 ὅτι
933 1712 1017 1750 ταῖς
1046 1710 1218 1761 γνώμαις
1245 1711 1353 1761 ὑμεῖς
1383 1712 1480 1764 ἀφε-

102 1793 138 1826 ¹5
159 1773 327 1825 στήκατε
359 1779 436 1816 τῶν
468 1775 719 1828 πραγμάτων,
751 1776 812 1815 καὶ
845 1778 1037 1816 τοσοῦτον
1067 1777 1212 1829 χρόνον
1245 1777 1479 1828 σπουδάζεθ’

159 1842 257 1881 ὅσον
281 1841 329 1882 ἂν
355 1841 517 1892 κάθησθ’
538 1842 745 1884 ἀκούοντες
769 1838 792 1891 ἢ
818 1843 1101 1898 προσαγγελθῇ
1126 1859 1163 1882 τι
1188 1844 1390 1895 νεώτερον,
1411 1844 1479 1885 εἶτ’

159 1907 343 1948 ἀπελθὼν
362 1908 527 1950 ἕκαστος
551 1909 656 1959 ὑμῶν
675 1908 719 1948 οὐ
737 1908 860 1959 μόνον
879 1908 991 1949 οὐδὲν
1011 1910 1211 1961 φροντίζει
1230 1911 1317 1962 περὶ
1337 1911 1476 1957 αὐτῶν,

159 1973 250 2013 ἀλλ’
279 1974 365 2014 οὐδὲ
395 1973 598 2025 μέμνηται.
668 1974 718 2013 ‘H
747 1977 820 2025 μὲν
847 1975 915 2015 οὖν
943 1975 1133 2028 ἀσέλγεια
1163 1976 1224 2016 καὶ
1253 1975 1475 2027 πλεονεξία,

159 2038 182 2096 ᾗ
214 2039 308 2092 πρὸς
340 2040 515 2083 ἅπαντας
546 2041 772 2092 ἀνθρώπους
805 2042 1005 2083 Φίλιππος
1039 2045 1194 2095 χρῆται,
1229 2043 1400 2093 τοσαύτη
1433 2044 1478 2084 τὸ

99 2124 139 2146 20
157 2108 306 2156 πλῆθος
325 2107 424 2158 ὅσην
445 2108 618 2148 ἀκούετε·
657 2108 716 2147 ὅτι
735 2107 767 2148 δ’
787 2107 854 2148 οὐκ
880 2107 938 2148 ἔνι
961 2109 1102 2159 ταύτης
1123 2110 1273 2149 ἐκεῖνον
1295 2110 1477 2162 ἐπισχεῖν

158 2173 198 2211 ἐκ
223 2174 345 2225 λόγου
374 2174 436 2214 καὶ
464 2174 701 2226 δημηγορίας
731 2175 856 2216 οὐδεὶς
885 2175 1024 2227 ἀγνοεῖ
1049 2173 1184 2224 δήπου.
1256 2176 1317 2216 καὶ
1342 2177 1418 2228 γὰρ
1443 2178 1477 2216 εἷ

155 2238 242 2289 μηδ’
277 2240 346 2292 ἀφ’
384 2240 470 2281 ἑνὸς
505 2244 581 2280 τῶν
618 2240 754 2281 ἄλλων
784 2244 896 2281 τοῦτο
932 2244 1071 2291 μαθεῖν
1108 2242 1269 2282 δύναταί
1303 2259 1372 2288 τις,
1408 2243 1475 2282 ὡδὶ

202 2356 239 2385 14
264 2348 510 2380 δυσκολώτατον
529 2346 563 2377 F'
576 2347 606 2377 Y
619 2347 662 2377 Οι
755 2349 793 2378 16
809 2349 828 2386 ἢ
848 2348 871 2378 S
883 2348 913 2378 A
929 2348 952 2378 F
964 2348 993 2378 Y
1008 2360 1013 2379 :
1040 2349 1079 2386 ἢν
1096 2348 1182 2387 vulg.
1278 2359 1319 2379 22
1345 2349 1475 2381 δύναταί

158 2389 182 2419 S
202 2390 234 2430 (a
251 2391 395 2421 medium
412 2392 443 2420 in
463 2401 559 2421 eraso
576 2394 605 2430 η]
628 2392 658 2421 Α
672 2391 700 2420 Y
718 2403 723 2421 :
749 2392 876 2423 δύναιτο
893 2392 982 2431 vulg.

1519 1040 1614 1094 [131]

1508 1993 1528 2018 [ο
