1763 2828
692 135 1102 178 PRAEFATIO

238 249 269 290 S
303 248 428 289 fuisse
460 249 676 290 coniuncti
709 249 937 299 videntur;
974 249 1094 290 cuius
1127 249 1398 303 cognationis
1431 251 1562 291 etiam

234 332 345 359 nunc
379 319 536 360 indicia
577 325 807 372 supersunt
841 332 926 360 non
961 318 1094 360 modo
1133 326 1315 360 externa
1347 320 1562 372 quaedam

234 403 260 429 a
293 388 494 442 Drerupo
525 394 878 438 commemorata,
908 401 1020 441 quae
1055 388 1096 428 in
1129 388 1278 430 ordine
1305 389 1562 439 orationum,

234 457 275 497 in
297 457 606 508 stichomeffla,
630 458 670 498 in
693 457 827 511 signis
849 458 1006 498 criticis
1028 457 1169 510 posita
1191 464 1303 505 sunt,
1324 458 1399 498 sed
1428 458 1562 499 etiam

232 526 316 567 alia
339 540 449 580 quae
480 527 535 568 ad
568 533 739 568 textum
773 527 914 581 ipsum
944 527 1188 580 pertinent;
1221 540 1318 568 cum
1345 527 1565 568 codicibus

232 602 379 637 tamen
418 610 475 636 ex
513 596 665 637 eodem
710 597 822 636 unde
866 595 907 636 A
943 596 1061 637 fonte
1105 596 1313 637 derivatis
1352 596 1564 638 contami-

233 665 321 706 nati
355 665 530 706 easdem
565 665 651 706 fere
687 660 1041 718 interpolationes
1078 665 1302 707 exhibent.
1378 665 1563 708 Codices

231 727 322 775 tam
362 734 471 775 inter
513 748 556 774 se
595 734 839 787 permixtos
874 748 976 775 suae
1013 748 1227 788 quemque
1268 734 1456 776 familiae
1488 735 1562 776 vix

232 804 369 857 possis
392 804 634 857 adsignare.
698 804 809 844 Rem
837 817 914 857 per
945 817 990 844 se
1022 803 1243 844 difficilem
1276 803 1561 845 difficiliorem

232 873 374 914 reddit
413 872 519 913 illud
555 873 671 926 quod
704 872 789 913 alia
820 878 883 913 est
923 873 963 913 in
995 873 1091 913 aliis
1123 873 1388 914 orationibus
1419 874 1562 927 singu-

231 942 371 983 lorum
396 943 503 983 inter
531 956 575 982 se
606 943 805 983 codicum
833 943 955 984 ratio.
1020 942 1224 984 Proxime
1250 943 1304 984 ad
1334 942 1364 985 S
1395 943 1562 984 accedit

231 1012 447 1053 interdum
479 1011 538 1060 A,
565 1017 611 1052 ut
649 1012 691 1052 in
725 1011 775 1052 de
815 1010 1005 1061 Coronen
1036 1012 1310 1053 consentiunt
1343 1013 1560 1054 interdum

231 1080 260 1120 S
285 1081 321 1120 F
344 1081 385 1121 in
417 1080 683 1122 orationibus
705 1080 901 1134 pluribus
924 1081 1129 1134 privatis3
1176 1081 1406 1132 interdum,
1439 1088 1488 1122 ut
1520 1081 1562 1122 in

230 1149 515 1198 contionibus,
549 1149 591 1190 hi
631 1150 768 1203 magis
804 1150 913 1191 inter
940 1164 984 1190 se
1027 1150 1251 1201 dissident,
1285 1150 1560 1192 consentiunt

230 1219 368 1272 magis
402 1217 508 1259 FA.
573 1219 622 1260 In
655 1219 922 1273 Philippicae
949 1220 1102 1261 tertiae
1132 1227 1254 1273 parte
1277 1222 1419 1274 priore
1444 1221 1479 1261 F
1501 1221 1561 1261 ita

230 1287 523 1342 amplificatus
546 1296 609 1330 est
633 1295 679 1329 ut
702 1302 799 1329 cum
820 1288 863 1329 A
883 1289 967 1330 fere
989 1289 1205 1342 conspiret
1225 1303 1233 1339 ;
1265 1290 1306 1330 in
1324 1290 1561 1343 posteriore

229 1359 475 1399 breviorem
500 1358 680 1398 Parisini
705 1357 734 1398 S
758 1359 1050 1399 recensionem
1074 1358 1278 1411 sequitur.
1343 1359 1435 1400 Iam
1457 1373 1560 1400 vero

228 1426 271 1466 Y
293 1440 425 1480 quam
459 1434 553 1468 arte
586 1427 628 1467 in
659 1427 876 1468 nonnullis
909 1427 1176 1468 orationibus
1208 1441 1307 1468 cum
1341 1427 1371 1469 S
1404 1428 1560 1469 cohae-

228 1503 318 1537 reat
360 1496 595 1538 ostendunt
635 1497 767 1537 verba
812 1496 880 1537 vel
923 1497 1055 1538 etiam
1097 1510 1243 1537 versus
1279 1497 1336 1538 ab
1378 1505 1560 1551 utroque

229 1565 377 1606 omissi
412 1564 478 1620 (ut
500 1566 541 1605 in
566 1566 644 1605 xix
671 1565 738 1616 86,
760 1565 821 1605 lix
847 1566 970 1617 87—8‚
995 1566 1040 1605 lx
1074 1565 1143 1621 17)
1165 1579 1173 1615 ;
1205 1573 1355 1607 contra
1387 1567 1428 1607 Y
1453 1567 1484 1606 P
1518 1567 1559 1607 in

232 1649 293 1675 or.
336 1635 446 1684 xxii,
483 1635 607 1685 xxiii,
640 1636 748 1675 xxiv
786 1641 828 1675 et
870 1634 912 1674 Y
936 1635 975 1676 O
1000 1635 1031 1674 P
1067 1636 1107 1676 in
1150 1635 1304 1689 insigni
1340 1635 1434 1677 loco
1480 1636 1560 1676 xxi

233 1716 310 1759 133
357 1704 414 1745 ab
458 1703 488 1745 S
529 1704 787 1745 dissentiunt
804 1702 830 1743 ¹.
895 1704 1115 1744 Nimirum
1151 1704 1364 1745 interioris
1394 1704 1560 1757 aliquid

229 1780 272 1813 et
312 1772 610 1813 reconditioris
652 1772 815 1813 habent
857 1773 1053 1813 codicum
1092 1772 1200 1812 inter
1235 1785 1281 1812 se
1315 1771 1560 1814 adfinitates

229 1855 361 1894 quam
387 1847 432 1882 ut
457 1842 498 1881 in
521 1841 714 1882 ordinem
749 1842 827 1882 rite
853 1842 1035 1895 digeras,
1058 1841 1218 1882 nedum
1250 1849 1434 1883 stemma
1456 1856 1558 1883 con-

230 1910 359 1951 ficias,
441 1911 610 1963 Quodsi
649 1911 690 1951 in
732 1911 879 1951 classis
920 1911 1133 1964 quasdam
1171 1910 1238 1952 vel
1281 1910 1558 1953 familias—si

231 1978 358 2019 latius
392 1992 443 2019 ea
476 1993 565 2020 vox
601 1979 1022 2032 usurpanda—infra
1050 1979 1285 2032 dispositos
1312 1978 1442 2028 vides,
1473 1992 1558 2020 non

227 2054 413 2089 exactae
435 2062 523 2088 rem
547 2049 793 2100 partitionis
815 2061 907 2088 esse
931 2048 1191 2088 memineris.

286 2117 452 2169 Magna
482 2118 725 2170 nuperrime
759 2118 818 2158 rei
852 2117 1025 2158 criticae
1053 2117 1245 2158 subsidia
1272 2123 1558 2167 accesserunt,

224 2186 471 2239 fragmenta
508 2187 608 2227 dico
634 2200 881 2240 papyracea
917 2200 1025 2240 quae
1061 2187 1102 2226 in
1139 2185 1352 2239 Aegypto
1388 2194 1558 2239 reperta

226 2261 339 2303 sunt,
372 2269 558 2309 quorum
595 2270 729 2297 unum
761 2256 889 2311 primi
925 2266 968 2296 A.
987 2265 1025 2296 C.
1059 2255 1220 2297 saeculi
1252 2269 1344 2296 esse
1374 2255 1558 2305 videtur,

229 2324 314 2366 alia
347 2325 554 2366 nonnulla
582 2326 758 2366 secundi
788 2336 824 2366 P.
843 2336 881 2366 C.
944 2325 1111 2378 Quodsi
1146 2323 1262 2365 nulla
1296 2324 1382 2365 fere
1413 2323 1552 2365 lectio-

561 2411 569 2429 ¹
594 2411 626 2449 J.
647 2410 691 2442 H.
714 2410 859 2451 Lipsius,
879 2415 928 2450 op.
951 2411 1012 2449 cit„
1034 2420 1088 2451 pp.
1109 2419 1222 2449 19—20.

880 2477 900 2499 x
