1731 2844
749 389 848 427 XIV

416 514 558 555 HEPI
617 514 741 555 ΤΩΝ
801 509 1175 557 ΣΤΜΜΟΡΙΩΝ

685 642 904 672 ὙΠΟΘΕΣῙΣ.

188 715 318 765 Φήμης
361 716 557 767 γενομένης
597 716 661 754 τὸν
703 718 862 765 Περσῶν
902 717 1070 766 βασιλέα
1112 719 1460 768 παρασκευάζεσθαι

133 770 345 819 στρατεύειν
384 770 443 807 ἐπὶ
479 770 562 809 τοὺς
593 769 794 819 ’Έλληνας,
835 771 854 808 ὅ
891 773 959 821 μὲν
995 775 1067 811 τῶν
1103 770 1308 821 Ἀθηναίων
1346 773 1460 823 δῆμος

135 823 316 872 κεκίνηται
340 823 399 861 καὶ
418 825 619 875 συγκαλεῖν
640 824 803 874 ὥρμηται
824 824 909 865 τοὺς
922 825 1113 875 ’Έλληνας
1133 827 1192 864 καὶ
1211 827 1275 865 τὸν
1293 828 1461 877 πόλεμον

135 878 300 926 ἐκφέρειν
319 876 399 926 ἤδη,
415 879 434 914 ὅ
450 877 488 915 δὲ
504 877 749 927 Δημοσθένης
768 879 1020 929 συμβουλεύει
1038 880 1090 930 μὴ
1109 881 1459 930 προεξανίστασθαι,

96 948 113 978 5
135 929 220 967 ἀλλ’
250 932 438 981 ἀναμένειν
466 932 530 970 τὸν
557 932 726 980 βασιλέα
755 934 976 983 νεωτερίσαι.
1033 936 1097 973 νῦν
1123 936 1191 983 μὲν
1219 936 1300 986 γάρ,
1327 936 1459 985 φησίν,

134 986 176 1022 οὗ
208 985 387 1034 πείσομεν
418 986 501 1025 τοὺς
528 984 719 1035 εΈλληνας
752 989 962 1038 συμμαχεῖν
994 988 1092 1037 ἡμῖν,
1128 987 1183 1026 ἐπ’
1217 988 1336 1029 ἀδείας
1370 989 1460 1029 εἶναι

135 1038 338 1079 δοκοῦντας·
369 1039 452 1077 τότε
473 1038 502 1077 δ’
517 1039 646 1080 αὐτοὺς
661 1041 681 1078 ὁ
695 1040 856 1081 κίνδυνος
876 1042 983 1082 αὐτὸς
1001 1043 1244 1092 συστήσεται.
1292 1047 1463 1093 παραινεῖ

133 1093 255 1130 τοίνυν
282 1093 536 1144 ἡσυχάζοντας
565 1094 821 1140 συντάξασθαι
854 1095 912 1133 καὶ
940 1097 1031 1145 πρὸς
1058 1097 1122 1135 τὸν
1149 1097 1316 1147 πόλεμον
1343 1115 1459 1148 παρα-

134 1147 403 1192 σκευάσασθαι,
435 1148 494 1185 καὶ
528 1147 571 1196 δὴ
606 1148 665 1186 καὶ
696 1148 866 1195 διέξεισιν
894 1148 935 1187 ὃν
962 1151 1099 1199 τρόπον
1133 1149 1177 1188 ἂν
1207 1152 1456 1203 συνταχθεῖεν.

77 1216 116 1237 10
135 1200 218 1239 ὅθεν
247 1201 306 1239 καὶ
334 1202 416 1251 περὶ
445 1205 659 1251 συμμοριῶν
688 1203 707 1240 ὅ
735 1203 848 1254 λόγος
877 1205 1129 1255 ἐπιγράφεται·
1172 1206 1360 1256 συμμορία
1387 1208 1459 1259 γὰρ

134 1256 233 1305 παρὰ
251 1257 327 1295 τοῖς
346 1254 526 1295 Ἀττικοῖς
544 1257 586 1294 τὸ
606 1259 677 1294 τῶν
696 1258 1004 1309 λειτουργούντων
1022 1259 1228 1311 σύνταγμα.

200 1386 253 1425 Οἱ
277 1386 348 1435 μὲν
375 1384 637 1428 ἐπαινοῦντες,
665 1380 694 1422 ὦ
720 1382 856 1435 ἄνδρες
881 1382 1097 1435 Ἀθηναῖοι,
1123 1386 1213 1428 τοὺς
1238 1386 1456 1439 προγόνους
1488 1389 1590 1444 [178]

132 1451 239 1502 ὑμῶν
263 1451 386 1502 λόγον
412 1451 534 1490 εἰπεῖν
566 1465 633 1500 μοι
663 1452 823 1490 δοκοῦσι
847 1453 1121 1502 προαιρεῖσθαι
1154 1452 1454 1506 κεχαρισμένον,

133 1517 178 1557 οὐ
211 1516 288 1568 μὴν
325 1514 580 1568 συμφέροντά
615 1514 652 1568 γ’
691 1516 854 1557 ἐκείνοις
890 1516 955 1559 οὓς
992 1517 1279 1569 ἐγκωμιάζουσι
1316 1523 1455 1560 ποιεῖν·

75 1603 113 1636 15
133 1584 220 1634 περὶ
253 1585 326 1636 γὰρ
351 1581 593 1635 πραγμάτων
618 1583 888 1635 ἐγχειροῦντες
911 1582 1046 1636 λέγειν
1070 1585 1124 1625 ὧν
1148 1584 1229 1625 οὐδ’
1256 1586 1310 1627 εἷς
1340 1584 1457 1636 ἀξίως

135 1649 345 1702 ἐφικέσθαι
369 1654 420 1704 τῷ
445 1650 553 1704 λόγῳ
579 1648 748 1695 δύναιτο,
776 1648 885 1690 αὐτοὶ
917 1651 989 1701 μὲν
1013 1653 1081 1691 τοῦ
1113 1653 1241 1692 δοκεῖν
1266 1652 1456 1693 δύνασθαι

134 1715 269 1768 λέγειν
293 1713 411 1765 δόξαν
437 1714 684 1768 ἐκφέρονται,
705 1715 776 1766 τὴν
801 1714 835 1755 δ’
861 1716 1019 1757 ἐκείνων
1045 1716 1188 1769 ἀρετὴν
1213 1717 1363 1759 ἐλάττω
1388 1721 1456 1770 τῆς

133 1782 422 1833 ὑπειλημμένης
468 1784 574 1834 παρὰ
621 1785 703 1824 τοῖς
751 1782 960 1824 ἀκούουσιν
1002 1785 1219 1835 φαίνεσθαι
1258 1789 1454 1826 ποιοῦσιν.

134 1850 211 1900 ἐγὼ
236 1848 268 1888 δ’
294 1849 453 1889 ἐκείνων
484 1850 555 1899 μὲν
588 1848 748 1890 ἔπαινον
777 1849 845 1890 τὸν
879 1850 1024 1903 χρόνον
1048 1850 1217 1902 ἡγοῦμαι
1250 1851 1452 1904 μέγιστον,

77 1934 115 1955 20
135 1914 179 1954 οἷ’]
203 1918 355 1954 πολλοῦ
387 1914 649 1967 γεγενημένου
672 1916 789 1967 μείζω
823 1919 901 1957 τῶν
924 1915 989 1957 ὑπ’
1013 1917 1173 1958 ἐκείνων
1198 1917 1455 1970 πραχθέντων

136 1980 288 2022 οὐδένες
305 1980 422 2021 ἄλλοί
438 1980 750 2033 παραδείξασθαι
763 1984 1002 2034 δεδύνηνται·
1034 1982 1149 2025 αὐτὸς
1162 1985 1203 2024 δὲ
1215 1983 1456 2036 πειράσομαι
1485 2001 1504 2025 2

135 2047 203 2087 τὸν
239 2047 384 2099 τρόπον
423 2048 546 2088 εἰπεῖν
584 2047 628 2089 ὃν
666 2047 714 2089 ἄν
754 2066 821 2100 μοι
859 2053 1010 2091 δοκεῖτε
1049 2050 1226 2101 μάλιστα
1264 2050 1454 2090 δύνασθαι

135 2113 527 2165 παρασκευάσασθαι.
599 2115 660 2155 καὶ
706 2117 781 2168 γὰρ
829 2117 949 2159 οὕτως
996 2117 1092 2170 ἔχει·
1148 2118 1181 2157 εἰ
1227 2118 1300 2167 μὲν
1344 2116 1455 2168 ἡμεῖς

181 2230 218 2260 15
242 2223 465 2262 ἐγχειροῦντες
488 2221 523 2261 S,
544 2221 695 2254 Prooem.
713 2223 780 2254 vii:
808 2227 1043 2268 ἐπιχειροῦντες
1064 2225 1156 2265 vulg.
1337 2226 1375 2255 16
1398 2227 1455 2256 ‘rofi

135 2267 239 2296 δοκεῖν
255 2264 403 2297 δύνασθαι
419 2264 530 2306 λέγειν
549 2265 572 2296 S
588 2276 595 2295 ε
623 2268 727 2298 δοκεῖν
744 2267 807 2298 del.
830 2268 943 2307 Dind.‚
962 2269 1001 2300 cs.
1023 2269 1177 2301 Prooem.
1194 2268 1237 2299 vii
1256 2280 1262 2299 ε
1294 2271 1399 2300 δοκεῖν
1420 2273 1454 2299 et

135 2306 246 2348 λέγειν
262 2308 329 2339 del.
349 2308 455 2345 Blass,
475 2308 515 2338 cf.
535 2319 555 2338 v
572 2319 612 2338 22
628 2320 635 2338 τ
659 2312 716 2341 τοῦ
733 2313 838 2343 δοκεῖν
855 2311 889 2343 εὖ
905 2311 1017 2353 λέγειν
1033 2312 1121 2351 vulg.
1291 2322 1329 2342 21
1357 2325 1452 2353 παρα-

136 2351 292 2390 δείξασθαι
319 2351 473 2382 Prooem.
501 2352 566 2381 vii:
601 2352 831 2393 παραδέξασθαι
859 2355 979 2387 codd.:
1014 2355 1259 2397 παρενδέξασθαι
1287 2355 1454 2386 Tournier

136 2402 178 2423 22
202 2393 350 2425 δύνασθαι
367 2404 432 2424 om.
453 2394 516 2424 FB
530 2395 560 2425 O
572 2394 602 2425 Y
617 2406 623 2425 z
648 2396 725 2427 secl.
745 2396 874 2429 Reiske

180 2455 362 2484 DEMOSTH„
380 2458 455 2478 νοτ..
477 2458 497 2479 1.
1282 2455 1321 2484 11
