1731 2844
197 131 283 186 xw]
485 138 629 175 ΠΕΡΙ
677 138 804 175 ΤΩΝ
854 138 1228 176 ΣΎΜΜΟΡΙΩΝ

194 244 263 281 τοῦ
298 241 398 292 μετὰ
431 243 498 281 τοῦ
533 239 854 293 παρεσκευάσθαι
890 241 938 279 τὰ
975 238 1128 291 ὑμέτερ’
1167 241 1294 281 αὐτῶν
1333 242 1516 295 ἐπισχεῖν

195 306 402 358 δεομένους
426 304 568 362 σῴζειν
593 307 655 347 καὶ
680 307 721 347 εῧ
746 305 890 347 εἰδέναι
914 305 1063 347 πάντας
1087 305 1254 356 ἥξοντάς
1279 308 1404 348 ἐστιν.

261 373 368 426 Ἐγὼ
400 374 544 420 τοίνυν,
580 371 609 413 ὦ
641 372 779 425 ἄνδρες
812 372 1026 423 Ἀθηναῖοι,
1061 372 1184 413 ταῦτά
1219 390 1262 414 τε
1299 374 1361 414 καὶ
1393 391 1516 426 παρα-

194 439 349 492 πλήσια
385 441 535 483 τούτοις
570 440 824 493 λογιζόμενος
861 440 984 492 λόγον
1019 441 1092 490 μὲν
1129 438 1254 481 οὐδέν’
1292 441 1520 492 ἐβουλόμην

155 526 173 556 5
195 507 345 560 θρασὺν
364 506 441 547 οὐδ’
462 507 605 560 ἔχοντα
628 505 796 557 μάταιον
820 508 943 557 μῆκος
970 508 1108 559 εὑρεῖν·
1145 506 1217 557 τὴν
1241 506 1376 558 μέντοι
1395 524 1517 560 παρα-

195 573 351 624 σκευήν,
373 575 479 615 ὅπως
498 573 549 615 ὡς
573 572 717 625 ἄριστα
738 573 800 613 καὶ
826 572 998 626 τάχιστα
1018 573 1243 625 γενήσεται,
1266 573 1366 615 πάνυ
1385 576 1520 615 πολλὰ

193 639 387 692 πράγματ’
413 639 536 692 ἔσχον
562 643 735 680 σκοπῶν.
807 641 938 690 οἴομαι
963 639 1009 690 δὴ
1040 642 1122 681 δεῖν
1151 640 1397 683 ἀκούσαντας
1420 642 1519 692 ὑμᾶς

192 705 325 756 αὐτήν,
352 705 400 746 ἂν
429 707 518 757 ὑμῖν
551 705 711 763 ἀρέσκῃ,
739 707 1017 759 ψηφίσασθαι.
1088 707 1176 748 ἔστι
1204 708 1335 748 τοίνυν
1363 712 1520 760 πρῶτον

191 775 263 823 μὲν
286 775 355 823 τῆς
380 775 642 825 παρασκευῆς,
663 771 693 813 ὦ
714 772 850 825 ἄνδρες
870 772 1085 824 Ἀθηναῖοι,
1109 774 1170 814 καὶ
1195 773 1398 826 μέγιστον,
1420 775 1518 816 οὕτω

134 856 173 879 10
192 842 414 880 διακεῖσθαι
441 841 512 881 τὰς
545 840 703 891 γνώμας
733 841 832 891 ὑμᾶς
857 840 908 882 ὡς
939 841 1109 881 ἕκαστον
1143 842 1282 882 ἑκόντα
1312 841 1518 894 προθύμως

192 907 214 945 ὅ
245 923 282 946 τι
310 905 359 947 ἀν
391 904 459 962 δέῃ
493 905 726 956 ποιήσοντα.
797 907 913 958 ὁρᾶτε
947 906 1034 959 γάρ,
1066 905 1096 947 ὦ
1129 907 1266 959 ἄνδρες
1299 907 1516 958 Ἀθηναῖοι,

192 973 264 1018 ὅτι,
299 973 377 1012 ὅσα
407 974 480 1023 μὲν
512 973 664 1014 πώποθ’
689 973 861 1015 ἅπαντες
896 973 1142 1024 ἐβουλήθητε
1177 974 1238 1014 καὶ
1269 976 1368 1025 μετὰ
1400 978 1520 1015 ταῦτα

192 1038 236 1079 τὸ
261 1038 446 1091 πράττειν
471 1039 587 1082 αὐτὸς
613 1040 780 1082 ἕκαστος
806 1042 928 1094 ἑαυτῷ
954 1039 1167 1092 προσήκειν
1192 1039 1384 1092 ἡγήσατο,
1407 1041 1518 1082 οὐδὲν

193 1105 343 1146 πώποθ’
367 1106 466 1156 ὑμᾶς
500 1104 707 1158 ἐξέφυγεν,
734 1107 812 1146 ὅσα
837 1106 869 1146 δ’
895 1106 1142 1157 ἐβουλήθητε
1164 1106 1250 1158 μέν,
1277 1109 1375 1158 μετὰ
1399 1111 1518 1148 ταῦτα

136 1188 172 1220 15
193 1171 225 1211 δ’
251 1171 508 1225 ἀπεβλέψατ’
530 1174 584 1214 εἰς
610 1171 811 1223 ἀλλήλους
838 1173 888 1215 ὡς
912 1173 1028 1215 αὐτὸς
1050 1175 1122 1224 μὲν
1147 1174 1315 1216 ἕκαστος
1340 1174 1384 1214 οὐ
1408 1173 1517 1225 ποιή-

194 1255 291 1285 σων,
318 1238 386 1279 τὸν
413 1240 455 1279 δὲ
481 1240 657 1289 πλησίον
683 1239 896 1291 πράξοντα,
917 1239 1030 1281 οὐδὲν
1055 1240 1205 1281 πώποθ’
1230 1242 1319 1291 ὑμῖν
1344 1240 1516 1293 ἐγένετο.

193 1306 369 1358 ἐχόντων
393 1304 427 1345 δ’
451 1306 560 1356 ὑμῶν
592 1306 692 1346 οὕτω
724 1306 787 1346 καὶ
817 1305 1146 1358 παρωξυμμένων,
1173 1307 1262 1349 τοὺς
1295 1309 1517 1350 διακοσίους

192 1372 255 1412 καὶ
288 1373 443 1425 χιλίους
468 1373 760 1424 ἀναπληρῶσαί
791 1378 894 1425 φημι
924 1375 1068 1426 χρῆναι
1098 1373 1160 1413 καὶ
1193 1376 1357 1425 ποιῆσαι
1385 1376 1515 1428 δισχι-

189 1439 310 1485 λίους,
352 1439 608 1481 ὀκτακοσίους
647 1439 777 1480 αὐτοῖς
818 1440 1147 1491 προσνείμαντας·
1194 1441 1264 1481 ἐὰν
1301 1442 1376 1493 γὰρ
1415 1441 1518 1481 τοῦτ’

132 1520 172 1542 20
191 1504 426 1556 ἀποδείξητε
463 1504 507 1545 τὸ
543 1507 708 1556 πλῆθος,
746 1505 929 1558 ἡγοῦμαι,
967 1510 1045 1547 τῶν
1081 1506 1304 1559 ἐπικλήρων
1341 1507 1403 1548 καὶ
1439 1511 1518 1549 τῶν

190 1571 376 1623 ὀρφανῶν
410 1571 472 1612 καὶ
499 1576 578 1612 τῶν
613 1576 883 1626 κληρουχικῶν
917 1573 980 1614 καὶ
1008 1576 1086 1614 τῶν
1120 1577 1354 1615 κοινωνικῶν
1389 1574 1450 1614 καὶ
1485 1576 1521 1615 εἵ

191 1653 248 1679 τις
290 1637 478 1680 ἀδύνατος
522 1638 831 1693 ἀφαιρεθέντων,
873 1640 1040 1680 ἔσεσθαι
1081 1641 1194 1693 χίλια
1232 1641 1294 1681 καὶ
1332 1642 1517 1682 διακόσια

191 1703 298 1744 ταῦθ’
323 1705 413 1756 ὑμῖν
442 1705 618 1757 σώματα.
691 1707 733 1746 ἐκ
762 1707 893 1747 τοίνυν
922 1707 1070 1748 τούτων
1099 1707 1207 1758 οἶμαι
1236 1710 1317 1748 δεῖν
1352 1710 1516 1759 ποιῆσαι

192 1772 410 1823 συμμορίας
435 1773 596 1819 εἴκοσιν,
624 1773 758 1826 ὥσπερ
784 1777 853 1814 νῦν
879 1774 994 1820 εἰσιν,
1016 1772 1205 1824 ἑξήκοντα
1230 1774 1380 1826 σώματ’
1401 1775 1514 1828 ἔχου-

132 1852 169 1884 25
192 1854 270 1878 σαν
295 1837 479 1889 ἑκάστην.
549 1840 698 1881 τούτων
727 1842 769 1881 δὲ
798 1844 876 1882 τῶν
907 1845 1133 1893 συμμοριῶν
1163 1840 1336 1893 ἑκάστην
1370 1845 1516 1883 διελεῖν

193 1904 338 1945 κελεύω
368 1904 485 1947 πέντε
517 1905 612 1959 μέρη
648 1908 745 1947 κατὰ
777 1906 911 1948 δώδεκ’
936 1907 1092 1960 ἄνδρας,
1120 1909 1516 1961 ἀνταναπληροῦντας

191 1971 287 2023 πρὸς
312 1971 381 2012 τὸν
406 1972 676 2025 εὐπορώτατον
702 1973 761 2014 ἀεὶ
790 1974 880 2016 τοὺς
909 1974 1198 2027 ἀπορωτάτους.
1271 1976 1332 2016 καὶ
1365 1977 1412 2015 τὰ
1443 1978 1516 2026 μὲν

193 2037 346 2089 σώμαθ’
384 2039 482 2080 οὕτω
520 2039 784 2094 συντετάχθαι
820 2041 921 2093 φημὶ
961 2045 1055 2083 δεῖν·
1106 2041 1154 2082 δι’
1193 2041 1213 2082 ὃ
1252 2041 1297 2088 δ’,
1339 2043 1513 2089 εἴσεσθε,

192 2106 351 2146 ἐπειδὰν
375 2106 471 2147 ὅλον
495 2106 564 2148 τὸν
589 2107 735 2158 τρόπον
761 2110 829 2158 τῆς
855 2107 1080 2159 συντάξεως
1105 2109 1314 2159 ἀκούσητε.
1377 2110 1446 2151 τὰς
1472 2111 1513 2150 δὲ

131 2185 173 2217 3ο
190 2171 357 2224 τριήρεις
382 2177 481 2220 πῶς,·
520 2172 589 2214 τὸν
614 2172 753 2214 ἅπαντ’
779 2174 945 2226 ἀριθμὸν
979 2173 1123 2216 κελεύω
1158 2176 1385 2227 τριακοσίας
1416 2177 1511 2217 ἀπο-

191 2237 404 2289 δείξαντας,
450 2241 547 2281 κατὰ
588 2241 981 2283 πεντεκαιδεκαναΐαν
1024 2243 1150 2283 εἴκοσι
1191 2245 1356 2293 ποιῆσαι
1401 2242 1512 2296 μέρη,

238 2357 250 2377 1
277 2348 529 2389 παρεσκευάσθαι
548 2349 612 2380 SA
629 2360 635 2379 :
660 2350 959 2390 παρασκευάσασθαι
978 2351 1068 2389 vulg.
1193 2361 1210 2390 7
1236 2353 1339 2391 οἴομαι
1358 2352 1381 2383 S
1398 2364 1404 2382 ε
1429 2353 1513 2392 οἶμαι

191 2395 267 2421 cett.
383 2402 421 2430 17
445 2391 697 2433 παρωξυμμένων
714 2394 737 2423 S
749 2393 780 2424 A
796 2404 802 2423 :
826 2394 1083 2435 παροξυνομένων
1099 2394 1188 2433 νως.
1302 2405 1339 2425 21
1368 2396 1513 2437 ὀρφανῶν

194 2432 219 2464 S
234 2433 323 2472 vulg.
340 2444 346 2464 :
371 2434 547 2476 ὀρφανικῶν
564 2436 594 2466 Α

1546 137 1643 192 [181]

1554 391 1595 425 14

1551 710 1656 765 [182]

1553 924 1591 962 15

1552 1316 1594 1351 16

1551 1722 1591 1757 17

1549 2115 1590 2151 18
