1763 2828
127 362 239 420 [333]

124 1727 237 1782 [334]

886 375 985 412 XIX

500 501 642 541 ΠΕΡΙ
691 496 810 542 ΤΗΣ
861 496 1374 545 ΠΑΡΑΠΡΕΣΒΕΙΑΣ

712 632 908 660 ΛῙΒΑΝῙΟΥ
937 632 1153 661 ΎΠΟΘΕΣῙΣ.

327 706 507 757 Αἰσχίνης
527 705 572 754 ἦν
592 705 683 754 ἀνὴρ
702 704 908 754 Ἀθηναῖος,
925 706 1000 746 υἱὸς
1019 704 1250 755 Ἀτρομήτου
1271 706 1331 744 καὶ
1352 707 1597 753 Γλαυκοθέας,

270 761 490 810 ἀμφοτέρων
505 760 654 805 ἀδόξων,
669 760 715 800 ὥς
735 763 833 808 φησι
855 760 1110 808 Δημοσθένης·
1141 761 1205 798 τὸν
1219 762 1286 809 μὲν
1306 762 1378 812 γὰρ
1397 762 1598 812 γράμματα

270 815 501 858 διδάσκοντα,
522 814 589 863 τὴν
609 814 647 852 δὲ
673 813 922 863 καθαίρουσαν
943 814 1001 851 καὶ
1029 815 1179 854 τελετάς
1204 832 1303 856 τινας
1329 816 1371 853 οὗ
1395 815 1597 857 σπουδαίας

270 870 454 908 τελοῦσάν
483 873 581 918 φησι
610 868 745 917 διαζῆν.
804 867 1047 917 παραδέδοται
1077 868 1114 906 δὲ
1144 869 1203 906 καὶ
1231 870 1338 909 αὐτὸς
1367 870 1386 907 ὁ
1417 871 1597 921 Αἰσχίνης

270 924 479 976 τραγῳδιῶν
504 922 534 962 θ’
561 922 755 972 ὑποκριτὴς
781 923 974 974 γενόμενος
1004 923 1063 960 καὶ
1091 923 1325 974 γραμματεὺς
1350 925 1414 971 τῆς
1442 925 1596 969 πόλεως,
1617 943 1634 973 5

271 979 347 1047 ήτις
381 978 426 1027 ἦν
460 978 608 1026 εὐτελὴς
641 977 835 1027 ὑπηρεσία
905 977 1059 1026 ὕστερον
1092 978 1216 1026 μέντοι
1249 980 1321 1015 τῶν
1353 977 1516 1027 ῥητόρων
1549 978 1597 1019 εἷς

271 1034 425 1085 ἐγένετο,
449 1033 507 1071 καὶ
528 1033 609 1082 περὶ
628 1034 693 1080 τῆς
713 1032 854 1081 εἰρήνης
873 1032 964 1081 πρὸς
984 1031 1174 1069 Φιλιππον
1194 1032 1438 1080 ἐπρέσβευσε.
1488 1035 1597 1071 πολε·

269 1104 421 1137 μουντες
448 1088 520 1139 γὰρ
547 1086 737 1135 Αθηναῖοι
765 1086 939 1136 Φιλίππῳ
968 1085 1050 1134 περὶ
1078 1084 1352 1134 Ἀμφιπόλεως,
1383 1085 1442 1124 καὶ
1469 1089 1598 1125 πολλὰ

269 1144 337 1192 μὲν
360 1142 463 1180 αὐτοὶ
492 1141 589 1179 δεινὰ
616 1142 836 1191 πάσχοντες,
865 1140 1016 1189 δρῶντες
1046 1137 1075 1177 δ’
1104 1139 1208 1177 οἰδὲν
1231 1140 1332 1186 ἄξιον
1354 1140 1520 1191 λόγου,’
1504 1141 1598 1179 επεί-

269 1197 451 1245 σθησαν“
436 1198 527 1245 υπὲρ
547 1196 688 1245 εἰρήνης
707 1194 1021 1244 πρεσβεύσασθαι
1040 1194 1130 1243 πρὸς
1150 1193 1349 1232 Φίλιππον.
1406 1195 1598 1243 πέμπουσι

269 1250 314 1299 δὴ
334 1251 513 1300 πρέσβεις
533 1250 619 1288 δέκα
637 1251 701 1288 τὸν
721 1249 886 1298 ἀριθμόν,
902 1251 939 1286 ἐν
954 1247 1006 1288 οἷς
1020 1248 1200 1299 Αἰσχίνης
1219 1265 1258 1287 τε
1279 1248 1337 1286 καὶ
1351 1248 1598 1298 Δημοσθένης

269 1304 377 1354 ἦσαν.
437 1305 634 1353 δεξαμένου
667 1304 705 1341 δὲ
738 1304 927 1341 Φιλίππου
959 1304 1024 1343 τὰς
1057 1303 1255 1347 διαλύσεις,
1284 1304 1399 1341 πάλιν
1427 1303 1462 1340 οἱ
1494 1303 1598 1341 αὐτοὶ

269 1360 524 1408 πρεσβεύουσι
548 1358 724 1408 δεύτερον,
745 1357 842 1398 ὅπως
868 1359 902 1395 οἱ
927 1358 1010 1406 περὶ
1035 1359 1099 1405 τῆς
1126 1357 1268 1406 εἰρήνης
1294 1357 1395 1406 ὅρκοι
1419 1357 1595 1408 γένοιντο.

270 1414 351 1462 περὶ
379 1413 423 1462 δὴ
452 1416 566 1452 ταῦτα
594 1414 640 1451 τὰ
665 1429 864 1464 πραγματα
891 1414 1087 1462 κατηγορεῖ
1109 1413 1128 1449 ὁ
1149 1411 1395 1461 Δημοσθένης
1416 1411 1597 1462 Αἰσχίνοι

268 1468 360 1517 τρία·
392 1468 447 1505 ὅτι
467 1468 717 1536 Φιλοκράτους
737 1468 897 1517 αἰσχρὰν
913 1466 971 1504 καὶ
991 1467 1214 1515 ἀσύμφορον
1229 1467 1373 1515 εἰρήνην
1387 1466 1597 1517 γράφοντος

267 1524 438 1560 συνεῖπεν
458 1523 565 1572 αὐτῷ·
596 1521 651 1559 ὅτι
674 1521 757 1561 τοὺς
781 1521 935 1572 χρόνους
960 1521 1210 1570 κατανήλωσε,
1232 1519 1317 1570 παρ’
1340 1519 1359 1557 ὃ
1383 1521 1528 1569 συνέβη
1551 1521 1597 1558 τὰ

268 1579 307 1614 ἐν
330 1575 456 1628 Θράκῃ
486 1576 742 1625 διαφθαρῆναι·
783 1575 837 1613 ὅτι
867 1575 981 1624 ψευδῆ
1011 1575 1102 1624 πρὸς
1130 1573 1346 1624 Ἀθηναίους
1376 1575 1594 1626 ἀπήγγειλε,

268 1631 352 1680 παρ’
375 1630 394 1668 ὃ
418 1631 562 1679 συνέβη
585 1631 731 1669 Φωκέας
758 1629 978 1667 ἀπολέσθαι·
1009 1628 1086 1667 εἶπε
1112 1631 1195 1681 γάρ,
1217 1630 1347 1678 φησίν,
1369 1628 1423 1667 ὅτι
1449 1629 1596 1668 Φωκέας

269 1687 334 1723 οὐκ
373 1686 562 1734 ἀναιρήσει
601 1685 797 1728 Φίλιππος,
837 1683 895 1721 καὶ
932 1686 1033 1734 ὑμεῖς
1075 1685 1190 1735 τούτῳ
1228 1684 1494 1723 πιστεύσαντες
1532 1684 1596 1721 οὐκ

270 1739 506 1789 ἐβοηθήσατε
525 1756 601 1779 τοις
622 1738 787 1788 ἀνδράσι.
846 1738 944 1787 φησι
970 1738 1008 1777 δὲ
1034 1741 1148 1776 ταῦτα
1174 1738 1279 1776 πάντ’
1306 1737 1365 1775 ἐπὶ
1389 1737 1513 1788 μισθῷ
1539 1736 1598 1774 καὶ

269 1794 395 1843 δώροις
428 1795 492 1833 τὸν
521 1794 704 1845 Αἰσχίνην
734 1793 1071 1845 κεκακουργηκέναι.
1129 1794 1152 1842 ἡ
1186 1792 1321 1832 στάσις
1354 1791 1436 1841 περὶ
1470 1791 1598 1831 οὗσιας

269 1848 329 1886 καὶ
349 1849 591 1899 στοχαστική.
649 1849 672 1896 ἡ
693 1847 729 1885 δὲ
751 1849 891 1897 κίνησις
910 1850 974 1896 τῆς
999 1848 1132 1898 ἔχθρας
1158 1848 1307 1898 λέγεται
1330 1846 1389 1885 διὰ
1407 1846 1599 1896 Τίμαρχον

267 1904 332 1941 τὸν
355 1903 470 1951 φίλον
490 1902 803 1952 Δημοσθενους,
787 1920 828 1940 ον
851 1903 1037 1951 ἠτίμωσεν
1059 1901 1239 1952 Αἰσχίνης
1268 1900 1526 1952 κατηγορήσας
1551 1900 1597 1939 ὡς

270 1960 381 1995 κακοῦ
409 1957 508 2006 βιου,
533 1957 624 1995 διότι
652 1957 741 2006 πρὸς
772 1958 1010 1995 Πιττάλακον
1039 1957 1103 1994 τὸν
1132 1955 1303 2004 ὀρνιθίαν,
1328 1955 1459 2004 φησίν,
1481 1952 1598 2004 εἰσῄει

269 2013 454 2061 εὔμορφος
474 2012 532 2056 ὤν,
555 2011 613 2049 ἐπὶ
638 2014 688 2062 τῷ
713 2011 869 2050 θεᾶσθαι
888 2012 952 2051 τὰς
972 2011 1094 2062 μάχας
1114 2013 1185 2048 τῶν
1205 2009 1367 2059 ὀρνίθων,
1388 2007 1598 2057 διαφθειρό-

267 2082 378 2116 μενον
398 2066 457 2104 καὶ
477 2065 746 2115 διαφθείροντα.

748 2172 873 2200 ΕΤΕΡΑ
904 2170 1121 2200 ὙΠΟΘΕΣῙΣ-

324 2240 499 2290 Πόλεμος
513 2237 745 2288 συνειστήκει
760 2237 933 2275 Φιλίππω
955 2236 1014 2273 καὶ
1032 2233 1242 2283 Ἀθηναίοις
1261 2232 1410 2283 μακρός,
1427 2232 1467 2277 ἐξ
1485 2248 1597 2280 ουπερ

270 2295 443 2344 παραβὰς
487 2295 551 2334 τὰς
595 2293 685 2344 πρὸς
723 2291 854 2332 αὗτοὶς
892 2291 1076 2340 συνθηκας
1115 2289 1231 2337 ἔλαβε
1272 2285 1356 2336 παρ’
1394 2285 1598 2324 Ὀλυνθίων

732 2405 751 2427 Δ,
775 2393 883 2434 διαζῆν
899 2392 984 2432 vulg.
1004 2403 1011 2423 z
1037 2391 1092 2432 ζῆν
1111 2390 1136 2422 F

1620 1213 1659 1236 10

1620 1752 1661 1774 20
