1763 2828
78 126 194 179 [439]

127 443 194 478 307

127 1035 195 1078 308

73 1296 192 1352 [440]

127 1448 195 1482 309

127 2183 195 2218 310

653 120 1141 159 ΔΗΜΟΣΘΕΝΟΎΣ
1468 115 1554 162 [xxx

227 243 356 277 μενα.Υ
412 225 474 266 καὶ
500 225 792 276 συνεβούλευεν
817 225 906 275 ὑμῖν
932 223 1100 274 πέμπειν
1123 225 1232 264 τινὰς
1259 224 1313 264 εἷς
1331 221 1556 275 Ἀρκαδίαν,

228 294 370 334 οἵτινες
387 291 708 345 κατηγορήσουσι
722 295 800 331 τῶν
815 292 863 331 τὰ
880 291 1083 330 Φιλίππου
1101 290 1366 341 πραττόντων·
1401 290 1559 331 ἀκούειν

227 362 302 412 γὰρ
329 360 406 412 ἔφη
433 363 509 399 τῶν
530 360 675 412 φίλων,
704 359 754 400 ὡς
780 359 849 398 ἐὰν
877 356 1129 409 ἐπιστροφὴν
1151 357 1176 407 ἡ
1201 357 1319 398 πόλις
1343 355 1558 408 ποιήσηται

227 427 289 466 καὶ
320 426 513 478 πρέσβεις
542 425 696 481 πέμψῃ,
729 427 841 475 δίκην
870 426 1015 464 ἐκεῖνοι
1048 423 1260 464 δώσουσιν.
1333 427 1455 464 ταῦτα
1484 427 1558 475 μὲν

225 494 357 534 τοίνυν
392 494 481 534 τότε
518 494 580 533 καὶ
615 491 722 543 μάλ’,
761 490 789 531 ὦ
827 491 964 543 ἄνδρες
1000 490 1216 540 Ἀθηναῖοι,
1255 492 1355 530 καλὰ
1393 491 1455 531 καὶ
1489 493 1595 541 τῆς5

225 561 380 602 πόλεως
405 559 480 610 ἄξι’
506 560 753 611 ἐδημηγόρει.
825 557 956 607 ἐπειδὴ
984 557 1016 598 δ’
1045 556 1198 609 ἀφίκετ’
1224 559 1278 598 εἰς
1306 558 1558 598 Μακεδονίαν

226 627 289 667 καὶ
328 627 396 666 τὸν
436 626 580 679 ἐχθρὸν
616 626 695 666 εῗδε
733 625 801 665 τὸν
841 626 958 664 αὑτοῦ
999 625 1060 664 καὶ
1100 628 1178 665 τῶν
1214 623 1435 674 Ἑλλήνων,
1474 621 1558 676 [τὸν

226 689 459 744 Φίλιππον,]
486 692 560 745 ἆρά
589 692 626 745 γ’
652 692 753 743 ὅμοι’
778 689 801 742 ἢ
828 691 1089 743 παραπλήσια
1118 691 1289 738 τούτοις,·
1328 694 1484 731 πολλοῦ
1511 708 1558 744 γε

227 761 290 801 καὶ
320 763 389 806 δεῖ,
417 761 524 800 ἀλλὰ
552 758 651 811 μήτε
675 763 753 800 τῶν
778 759 982 810 προγόνων
1014 760 1239 809 μεμνῆσθαι
1268 757 1365 809 μήτε
1390 758 1558 809 τρόπαια

224 827 360 880 λέγειν
388 826 486 878 μήτε
516 829 683 878 βοηθεῖν
710 827 860 877 μηδενί,
893 829 968 865 τῶν
998 841 1041 865 τε
1078 825 1319 865 κελευόντων
1351 827 1449 875 μετὰ
1481 828 1558 864 τῶν

224 892 435 944 Ἑλλήνων
474 894 562 946 περὶ
603 896 672 944 τῆς
712 893 806 945 πρὸς
845 893 1049 932 Φίλιππον
1095 890 1249 942 εἰρήνης
1290 891 1559 942 βουλεύεσθαι

225 960 447 1012 θαυμάζειν,
489 962 523 1001 εἰ
565 961 652 1012 περὶ
694 963 772 1000 τῶν
812 958 1008 1010 ὑμετέρων
1054 959 1160 999 ἰδίων
1202 957 1330 998 ἄλλον
1372 959 1458 998 τινὰ
1500 960 1561 998 δεῖ

226 1030 450 1078 πεισθῆναι·
489 1027 592 1068 εῖναί
621 1044 664 1068 τε
696 1026 765 1067 τὸν
799 1027 1004 1066 Φίλιππον
1040 1025 1170 1071 αὐτόν,
1201 1023 1429 1076 Ἡράκλεις,
1459 1023 1554 1064 Ἑλ-

223 1095 491 1145 ληνικώτατον
511 1094 741 1147 ἀνθρώπων,
764 1093 990 1134 δεινότατον
1010 1092 1158 1144 λέγειν,
1183 1092 1556 1144 φιλαθηναιότατον·

224 1163 323 1203 οὕτω
356 1161 387 1202 δ’
418 1162 588 1204 ἀτόπους
619 1163 729 1202 τινὰς
763 1162 805 1201 ἐν
838 1161 884 1217 τῇ
919 1160 1034 1200 πόλει
1068 1159 1130 1199 καὶ
1164 1161 1370 1211 δυσχερεῖς
1406 1158 1554 1210 ἀνθρώ-

224 1246 320 1271 πους
350 1229 448 1270 εῖναι
481 1228 576 1268 ὥστ’
606 1228 673 1268 οὐκ
704 1228 971 1281 αἰσχύνεσθαι
1001 1225 1328 1278 λοιδορουμένους
1361 1224 1464 1280 αὐτῷ
1495 1225 1557 1265 καὶ

223 1296 435 1348 βάρβαρον
464 1295 582 1336 αὐτὸν
612 1297 922 1336 ἀποκαλοῦντας.
996 1294 1106 1334 ἔστιν
1132 1293 1199 1333 οὖν
1225 1293 1331 1334 ὅπως
1359 1291 1468 1331 ταῦτ’
1493 1291 1554 1337 ἄν,

226 1365 354 1404 ἐκεῖνα
383 1363 635 1416 προειρηκώς,
668 1363 688 1401 ὁ
717 1361 832 1403 αὐτὸς
863 1361 960 1412 ἀνὴρ
990 1360 1041 1411 μὴ
1073 1361 1304 1413 διαφθαρεὶς
1333 1359 1556 1410 ἐτόλμησεν

225 1432 369 1477 εἰπεῖν;
407 1432 449 1471 τί
469 1430 520 1477 δ’;
559 1429 643 1470 ἔσθ’
671 1431 780 1472 ὅστις
811 1428 859 1469 ἂν
885 1427 953 1469 τὸν
979 1428 1237 1480 Ἀτρεστίδαν
1262 1426 1353 1467 τότε
1379 1424 1557 1477 μισήσας

224 1499 285 1537 διὰ
321 1496 412 1539 τοὺς
446 1500 524 1537 τῶν
559 1497 782 1537 Ὀλυνθίων
816 1499 957 1538 παῖδας
994 1495 1056 1535 καὶ
1088 1495 1240 1547 γύναια,
1275 1492 1397 1533 ταύτὰ
1431 1495 1554 1532 Φιλο-

224 1563 356 1616 κράτει
388 1567 456 1604 νῦν
486 1562 671 1615 πράττειν
700 1562 920 1613 ὑπέμεινεν,
953 1561 995 1603 ὃς
1024 1565 1212 1614 γυναῖκας
1242 1558 1451 1610 ἐλευθέρας
1479 1562 1555 1599 τῶν

223 1630 447 1671 Ὀλυνθίων
496 1630 622 1683 ἤγαγε
669 1629 769 1682 δεῦρ’
820 1629 885 1681 ἐφ’
932 1630 1059 1681 ὕβρει,
1111 1628 1173 1667 καὶ
1220 1628 1343 1668 οὕτως
1391 1626 1454 1666 ἐπὶ
1502 1629 1554 1680 τῷ

223 1700 427 1750 βδελυρῶς
456 1696 700 1749 βεβιωκέναι
725 1696 990 1749 γιγνώσκεται
1020 1695 1125 1735 ὥστε
1152 1696 1275 1746 μηδὲν
1303 1692 1362 1744 ἔμ’
1387 1691 1556 1746 αἰσχρὸν

224 1765 347 1804 εἰπεῖν
377 1764 461 1805 νυνὶ
490 1765 577 1816 περὶ
608 1764 725 1804 αὐτοῦ
759 1766 840 1804 δεῖν
870 1765 964 1813 μηδὲ
993 1761 1195 1814 δυσχερές,
1228 1761 1334 1800 ἀλλὰ
1362 1762 1556 1799 τοσοῦτον

225 1831 405 1873 εἰπόντος
441 1832 577 1882 μόνον,
619 1832 679 1872 ὅτι
717 1829 968 1882 Φιλοκράτης
1006 1833 1191 1882 γυναῖκας
1230 1827 1367 1880 ἤγαγε,
1405 1825 1556 1868 πάντας

222 1898 320 1948 ὑμᾶς
357 1897 500 1939 εἰδέναι
538 1899 599 1938 καὶ
636 1899 727 1940 τοὺς
763 1898 1072 1950 περιεστηκότας
1107 1899 1155 1936 τὰ
1190 1897 1289 1947 μετὰ
1323 1896 1457 1939 ταῦτα,
1493 1893 1556 1933 καὶ

224 1966 351 2005 ἐλεεῖν
379 1965 420 2006 εὖ
449 1965 521 2006 οἶδ’
546 1966 606 2006 ὅτι
636 1967 703 2007 τὰς
733 1967 890 2018 ἀτυχεῖς
921 1966 984 2005 καὶ
1014 1964 1287 2015 ταλαιπώρους
1311 1961 1553 2013 ἀνθρώπους,

224 2032 269 2073 ἃς
299 2032 366 2072 οὐκ
399 2032 574 2084 ἠλέησεν
606 2034 814 2087 Αἰσχίνης,
848 2032 926 2072 οὐδ’
959 2031 1173 2083 ἐδάκρυσεν
1204 2029 1267 2070 ε’πὶ
1296 2029 1455 2070 ταύταις
1483 2026 1556 2077 τὴν

223 2097 414 2146 Ἑλλάδα,
444 2102 477 2141 εἰ
503 2102 607 2152 παρὰ
633 2105 715 2142 τοῖς
746 2099 969 2153 συμμάχοις
997 2098 1073 2139 ὑπὸ
1098 2101 1176 2138 τῶν
1201 2095 1416 2149 πρέσβεων
1440 2094 1553 2146 ὑβρί-

228 2165 368 2214 ζονται.
442 2167 533 2207 ἀλλ’
562 2168 660 2219 ὑπὲρ
693 2168 811 2207 αὑτοῦ
845 2165 1012 2217 κλαήσει
1043 2168 1112 2206 τοῦ
1140 2166 1188 2204 τὰ
1221 2166 1381 2203 τοιαῦτα
1409 2177 1553 2212 πεπρε-

227 2235 460 2284 σβευκότος,
489 2235 550 2274 καὶ
575 2236 623 2275 τὰ
648 2233 773 2275 παιδί’
793 2235 892 2275 ἴσως
916 2232 1081 2285 παράξει
1107 2233 1389 2282 κάναβιβᾶται.
1447 2228 1555 2278 ὑμεῖς

272 2355 287 2383 7
313 2346 372 2377 τὸν
387 2345 547 2377 Φίλιππον
563 2343 644 2375 secl.
665 2343 774 2375 Cobet
885 2353 926 2373 ‘22
951 2343 1000 2384 ἐφ’
1019 2344 1108 2384 ὕβρει
1125 2340 1205 2372 secl.
1224 2338 1315 2371 Weil
1432 2339 1473 2368 26
1496 2335 1554 2379 τὰ]

228 2399 292 2420 om.
314 2390 336 2420 s
351 2389 375 2419 L
390 2389 414 2420 F
425 2388 454 2419 Y
467 2388 497 2428 Q
510 2388 540 2419 ο

1581 839 1622 862 10

1579 1171 1615 1203 15

1578 1505 1618 1527 20

1578 1839 1616 1870 ²5

1576 2172 1617 2203 30
