1731 2844
95 545 112 577 5

76 876 114 898 10

80 1543 119 1564 20

82 1869 118 1900 ²5

82 2199 123 2229 30

131 152 178 205 11]
546 154 957 192 OATNQIAKOE
1008 155 1036 191 B
1484 154 1567 208 [25]

130 259 259 312 μένων
278 257 490 308 ἀλλήλους,
514 258 738 310 κρινόντων,
761 256 881 297 πάλιν
900 256 1154 305 ἐλπιζόντων,
1177 256 1324 308 σχεδὸν
1344 257 1451 296 ταῦθ’

132 326 232 378 ἅπερ
256 325 340 366 νυνὶ
366 325 593 370 ποιούντων,
616 324 717 365 ἄπας
737 324 756 362 ὁ
775 324 918 377 χρόνος
937 321 1181 372 διελήλυθεν.
1242 321 1311 362 εἶθ’
1332 324 1452 364 οὕτως
1484 331 1528 366 26

132 392 370 446 ἀγνωμόνως
396 390 512 444 ἔχετ’,
540 389 569 431 ὦ
594 390 730 442 ἄνδρες
756 389 971 440 Ἀθηναῖοι,
999 389 1101 429 ὥστε
1128 387 1176 428 δι’
1203 389 1257 429 ὧν
1282 389 1323 427 ἐκ
1357 405 1452 442 χρη-

134 462 240 500 στῶν
264 461 401 510 φαῦλα
424 459 472 497 τὰ
498 457 707 509 πράγματα
731 458 800 507 τῆς
831 457 985 498 πόλεως
1014 454 1191 508 γέγονεν,
1219 456 1280 495 διὰ
1306 455 1454 495 τούτων

134 526 314 575 ἐλπίζετε
353 528 431 564 τῶν
472 523 599 564 αὐτῶν
640 521 818 575 πράξεων
861 524 904 562 ἐκ
947 522 1112 575 φαύλων
1154 520 1250 561 αὐτὰ
1297 524 1454 574 χρηστὰ

133 590 397 646 γενήσεσθαι;
435 590 527 630 ἀλλ’
553 589 631 631 οὔτ’
657 590 824 642 εὔλογον
858 588 936 629 οὔτ’
962 588 1056 642 ἔχον
1082 588 1170 628 ἐστὶ
1197 587 1322 640 φύσιν
1341 588 1455 628 τοῦτό

132 676 191 712 γε·
229 658 332 699 πολὺ
361 659 434 710 γὰρ
466 657 561 711 ῥᾷον
594 656 760 710 ἔχοντας
786 654 1001 709 φυλάττειν
1027 652 1050 705 ἢ
1077 654 1299 705 κτήσασθαι
1327 653 1455 695 πάντα

133 725 322 778 πέφυκεν.
394 727 461 764 νῦν
487 723 518 763 δ’
543 724 565 762 ὅ
593 739 629 763 τι
660 725 732 774 μὲν
759 722 1001 775 φυλάξομεν,
1030 720 1143 762 οὐδέν
1174 720 1258 761 ἐσθ’
1284 721 1358 762 ὑπὸ
1386 725 1455 761 τοῦ

134 791 310 843 πολέμου
345 789 487 831 λοιπὸν
520 794 597 830 τῶν
630 790 835 842 πρότερον,
865 788 1089 839 κτήσασθαι
1123 790 1163 828 δὲ
1199 792 1268 828 δεῖ.
1329 788 1455 828 αὐτῶν

135 859 202 899 οὖν
225 859 335 909 ἡμῶν
369 858 483 910 ἔργον
516 856 618 897 τοῦτ’
643 856 729 907 ἤδη.
802 857 902 909 φημὶ
936 855 982 906 δὴ
1009 858 1089 896 δεῖν
1122 855 1326 907 εἰσφέρειν
1358 854 1454 907 χρή·
1488 866 1530 901 27

134 941 249 977 ματα,
277 924 415 966 αὐτοὺς
449 922 594 973 ἐξιέναι
629 923 847 976 προθύμως,
884 922 1017 973 μηδέν’
1051 923 1252 962 αἰτιᾶσθαι
1286 922 1376 973 πρὶν
1409 920 1456 961 ἂν

135 995 212 1033 τῶν
254 990 494 1043 πραγμάτων
538 990 769 1042 κρατήσητε,
808 992 1019 1040 τηνικαῦτα
1057 988 1089 1027 δ’
1126 987 1191 1028 ἀπ’
1217 989 1343 1028 αὐτῶν
1381 992 1456 1028 τῶν

136 1059 261 1111 ἔργων
299 1059 504 1110 κρίναντας
538 1057 626 1098 τοὺς
662 1059 733 1107 μὲν
770 1055 902 1106 ἀξίους
939 1056 1097 1096 ἐπαίνου
1133 1057 1262 1105 τιμᾶν,
1299 1053 1388 1096 τοὺς
1424 1053 1456 1093 δ’

137 1126 365 1166 ἀδικοῦντας
392 1123 582 1173 κολάζειν,
609 1125 677 1165 τὰς
704 1122 929 1175 προφάσεις
954 1121 986 1162 δ’
1012 1123 1178 1174 ἀφελεῖν
1210 1121 1272 1161 καὶ
1296 1122 1344 1160 τὰ
1371 1119 1455 1160 καθ’
1487 1120 1575 1175 [26]

136 1193 234 1242 ὑμᾶς
254 1191 510 1241 ἐλλείμματα·
550 1189 593 1229 οὐ
613 1192 686 1242 γὰρ
707 1190 794 1230 ἔστι
816 1193 960 1241 πικρῶς
981 1187 1164 1239 ἐξετάσαι
1183 1189 1223 1227 τί
1239 1187 1457 1240 πέπρακται

136 1262 217 1299 τοῖς
252 1257 403 1303 ἄλλοις,
439 1257 486 1296 ἂν
522 1256 574 1307 μὴ
611 1256 700 1308 παρ’
732 1257 839 1306 ὑμῶν
873 1256 1000 1296 αὐτῶν
1033 1259 1186 1307 πρῶτον
1222 1253 1374 1310 ὑπάρξῃ
1411 1255 1459 1293 τὰ

137 1324 286 1365 δέοντα.
357 1324 462 1364 τίνος
501 1325 575 1375 γὰρ
615 1322 740 1368 εἵνεκ’,
782 1320 811 1361 ὦ
852 1322 990 1373 ἄνδρες
1028 1321 1242 1372 Ἀθηναῖοι,
1284 1320 1462 1371 νομίζετε
1492 1328 1534 1361 28

137 1394 274 1431 τοῦτον
298 1392 370 1441 μὲν
391 1390 554 1443 φεύγειν
573 1389 642 1429 τὸν
661 1390 835 1439 πόλεμον
857 1388 1007 1430 πάντας
1027 1389 1144 1429 ὅσους
1164 1387 1212 1428 ἂν
1233 1386 1462 1439 ἐκπέμψητε

139 1457 396 1509 στρατηγούς,
436 1458 553 1497 ἰδίους
589 1455 621 1495 δ’
661 1457 855 1507 εὑρίσκειν
896 1455 1104 1506 πολέμους,
1145 1455 1178 1494 εἰ
1216 1457 1277 1494 δεῖ
1311 1470 1347 1493 τι
1386 1457 1463 1493 τῶν

138 1526 262 1565 ὄντων
301 1525 361 1564 καὶ
397 1523 486 1576 περὶ
521 1525 597 1563 τῶν
635 1525 867 1574 στρατηγῶν
906 1523 1048 1568 εἷπεῖν,·
1093 1522 1152 1561 ὅτι
1188 1522 1355 1561 ἐνταῦθα
1390 1519 1463 1570 μέν

142 1589 227 1628 ἐστι
256 1588 368 1630 τᾶθλ’
396 1590 493 1641 ὑπὲρ
522 1590 577 1630 ὧν
608 1590 719 1629 ἐστιν
754 1589 773 1627 ὁ
807 1588 978 1639 πόλεμος
1014 1586 1179 1639 ὑμέτερα
1207 1585 1466 1639 (Ἀμφίπολίς

141 1655 176 1706 γ’
195 1655 243 1695 ἂν
268 1658 418 1713 ληφθῇ,
441 1655 663 1709 παραχρῆμ’
682 1656 790 1706 ὑμεῖς
816 1651 1044 1705 κομιεῖσθε),
1066 1656 1102 1695 οἱ
1128 1656 1170 1694 δὲ
1197 1655 1365 1695 κίνδυνοι
1389 1657 1467 1694 τῶν

140 1719 420 1771 ἐφεστηκότων
454 1719 558 1764 ἴδιοι,
592 1718 735 1768 μισθὸς
768 1717 800 1757 δ’
836 1718 904 1758 οὐκ
938 1717 1062 1758 ἔστιν·
1109 1718 1190 1758 ἐκεῖ
1221 1720 1263 1758 δὲ
1297 1719 1464 1758 κίνδυνοι

138 1787 210 1836 μὲν
246 1783 444 1830 ἐλάττους,
480 1786 527 1824 τὰ
564 1786 605 1824 δὲ
641 1783 829 1835 λήμματα
865 1787 942 1825 τῶν
975 1785 1258 1836 ἐφεστηκότων
1292 1785 1353 1825 καὶ
1386 1787 1464 1824 τῶν

141 1854 402 1904 στρατιωτῶν,
430 1850 665 1903 Λάμψακος,
689 1852 857 1903 Σίγειον,
886 1853 933 1891 τὰ
958 1851 1071 1892 πλοῖ’
1100 1851 1124 1891 ἃ
1150 1855 1340 1891 συλῶσιν.
1403 1849 1463 1891 ἐπ’

141 1918 209 1959 οὑν
233 1917 277 1957 τὸ
301 1921 537 1958 λυσιτελοῦν
562 1919 692 1960 αὑτοῖς
718 1918 880 1958 ἔκαστοι
904 1921 1115 1971 χωροῦσιν.
1177 1918 1285 1968 ὑμεῖς
1304 1917 1348 1963 δ’,
1371 1918 1464 1957 ὅταν
1496 1931 1540 1966 29

140 1986 212 2035 μὲν
253 1986 307 2026 εἷς
344 1986 391 2024 τὰ
433 1983 627 2037 πράγματ’
667 1984 933 2036 ἀποβλέψητε
973 1985 1138 2037 φαύλως
1179 1984 1335 2037 ἔχοντα,
1376 1983 1465 2025 τοὺς

141 2051 413 2104 ἐφεστηκότας
452 2052 614 2103 κρίνετε,
652 2052 746 2091 ὅταν
783 2053 824 2091 δὲ
861 2052 995 2092 δόντες
1031 2051 1154 2102 λόγον
1190 2053 1258 2092 τὰς
1293 2049 1466 2102 ἀνάγκας

141 2118 335 2168 ἀκούσητε
371 2117 525 2163 ταύτας,
561 2118 713 2170 ἀφίετε.
774 2119 953 2170 περίεστι
986 2118 1117 2157 τοίνυν
1151 2118 1239 2167 ὑμῖν
1274 2116 1466 2167 ἀλλήλοις

142 2184 280 2236 ἐρίζειν
306 2184 368 2224 καὶ
394 2183 611 2229 διεστάναι,
638 2188 720 2226 τοῖς
744 2186 816 2235 μὲν
840 2187 962 2225 ταῦτα
993 2182 1286 2234 πεπεισμένοις,
1315 2186 1395 2224 τοῖς
1425 2185 1466 2223 δὲ

188 2301 200 2321 1
233 2292 336 2324 ταύτὰ
360 2290 595 2332 Mounteney:
625 2294 728 2324 ταῦτα
752 2292 848 2323 codd.
984 2303 1003 2322 2
1035 2292 1115 2324 ἅπας
1138 2296 1217 2322 ante
1242 2293 1256 2322 ὁ
1282 2291 1395 2333 χρόνος
1420 2291 1462 2323 S:

144 2339 220 2374 post
238 2338 253 2367 ὁ
270 2335 386 2377 χρόνος
403 2336 490 2374 vulg.
647 2345 665 2375 5
690 2339 755 2367 τῶν
777 2337 882 2367 αὐτῶν
897 2336 1038 2377 πράξεων
1056 2335 1134 2367 secl.
1154 2334 1272 2371 Cobet,
1294 2335 1334 2365 cs.
1353 2335 1384 2364 xi
1403 2344 1439 2364 21
1458 2346 1465 2364 ς

145 2382 284 2424 πράξεων
301 2381 380 2413 secl.
399 2380 557 2412 Gebauer
676 2390 782 2410 21—22
807 2380 999 2421 Ἀμφίπολίς
1016 2379 1049 2422 γ’
1069 2382 1105 2413 ἂν
1126 2379 1334 2418 Deuerling:
1359 2380 1466 2422 Ἀμφί-

145 2431 236 2457 πολις
253 2426 311 2456 κᾶν
328 2425 422 2455 codd.
445 2436 450 2454 :
475 2424 680 2465 Ἀμφίπολιν.
699 2425 758 2455 κᾶν
777 2423 943 2452 Dindors:
970 2424 1160 2464 Ἀμφίπολις
1178 2423 1256 2453 secl.
1276 2422 1411 2461 Madvig
