1763 2828
117 134 223 188 [176]

183 319 226 356 35

128 1231 229 1287 [177]

279 128 794 184 [ΔΗΜΟΣΘΕΝΟὙΣ]
853 135 997 172 ΠΕΡΙ
1048 133 1429 174 ΣΎΝΤΑΞΕΩΣ
1487 129 1579 182 [xm

258 236 345 289 γάρ,
381 235 410 281 ὦ
443 236 581 289 ἄνδρες
614 235 830 286 Ἀθηναῖοι,
862 236 1031 289 αἰσχρὸν
1063 240 1196 277 λιπεῖν
1227 236 1299 288 τὴν
1331 241 1400 278 τοῦ
1431 236 1580 290 φρονή-

257 320 378 355 ματος
418 302 542 354 τάξιν,
580 302 628 353 ἣν
665 304 754 354 ὑμῖν
793 305 829 343 οἱ
869 304 1058 355 πρόγονοι
1096 302 1337 355 παρέδωκαν.
1408 303 1505 356 πρὸς
1543 305 1585 344 δὲ

257 370 409 412 τούτοις
434 369 513 410 οὐδ’
539 369 650 410 ἔστιν
675 369 739 421 ἐφ’
765 370 868 420 ὑμῖν,
896 369 974 409 οὐδ’
1000 369 1048 410 ἂν
1078 370 1300 420 ἀποστῆναι
1333 374 1410 411 τῶν
1433 369 1582 420 Ἑλλη-

258 440 375 478 νικῶν
411 436 632 487 βούλησθε·
676 438 811 476 πολλὰ
847 438 923 488 γὰρ
957 437 1048 487 ὑμῖν
1085 438 1126 477 ἐκ
1160 436 1306 478 παντὸς
1337 440 1406 476 τοῦ
1439 437 1586 489 χρόνου

257 502 489 555 πέπρακται,
522 503 583 543 καὶ
616 502 705 544 τοὺς
737 504 810 553 μὲν
836 503 978 555 φίλους
1010 502 1100 544 τοὺς
1132 501 1383 556 ὑπάρχοντας
1414 502 1586 556 αἰσχρὸν
1604 519 1623 552 5

258 568 463 621 προέσθαι,
485 573 567 611 τοῖς
593 568 625 608 δ’
645 569 759 610 οὖσιν
786 571 944 622 ἐχθροῖς
969 569 1037 610 οὐκ
1062 569 1121 610 ἔνι
1145 572 1357 610 πιστεῦσαι
1376 569 1439 609 καὶ
1461 568 1583 621 μεγά-

258 641 352 677 λους
377 637 493 676 ἐᾶσαι
523 634 726 687 γενέσθαι,
799 637 902 678 ὅλως
934 635 967 675 δ’
993 636 1089 687 ὅπερ
1118 637 1154 676 οἱ
1185 636 1483 686 πολιτευόμενοι
1514 652 1583 676 πε-

258 702 431 743 πόνθασι
462 701 559 753 πρὸς
591 701 817 752 ὑμᾶς-οὐκ
849 703 1006 743 ἔνεστιν
1037 702 1180 748 αὐτοῖς,
1214 703 1308 742 ὅταν
1343 703 1584 752 βούλωνται,

258 768 665 809 παύσασθαι--τοῦτο
697 769 759 808 καὶ
788 769 879 819 ὑμῖν
909 768 1156 821 περιέστηκε·
1194 769 1481 810 πεπολίτευσθε
1511 770 1587 821 γὰρ

258 836 301 875 ἐν
325 838 406 875 τοῖς
423 832 641 884 “Ἐλλησιν.
1609 852 1649 874 10

320 900 444 941 ’Έστι
476 899 521 947 δ’,
555 899 584 940 ὦ
621 899 759 952 ἄνδρες
789 900 1004 952 Ἀθηναῖοι,
1042 902 1261 954 κεφάλαιον
1293 901 1478 943 ἁπάντων
1510 905 1588 942 τῶν

260 966 489 1019 εἰρημένων·
529 966 710 1008 οὐδέποθ’
737 968 836 1018 ὑμᾶς
871 969 906 1008 οἰ
938 967 1125 1020 λέγοντες
1157 969 1245 1009 οὔτε
1278 968 1469 1020 πονηροὺς
1499 969 1588 1008 οὔτε

259 1034 458 1086 χρηστοὺς
497 1037 694 1080 ποιοῦσιν,
733 1033 826 1074 ἀλλ’
863 1035 971 1086 ὑμεῖς
1007 1035 1179 1081 τούτους,
1217 1034 1372 1086 ὁπότερ’
1408 1034 1457 1074 ἂν
1492 1034 1589 1086 βού-

260 1103 402 1150 λησθε·
440 1100 484 1140 οὐ
509 1101 583 1152 γὰρ
608 1101 718 1151 ὑμεῖς
743 1102 796 1141 ὧν
822 1101 930 1141 οὗτοι
963 1102 1182 1152 βούλονται
1211 1100 1471 1154 στοχάζεσθε,
1499 1100 1589 1141 ἀλλ’

261 1167 369 1207 οὗτοι
404 1168 458 1207 ὧν
491 1166 538 1207 ἂν
571 1168 670 1218 ὑμᾶς
707 1168 910 1218 ἐπιθυμεῖν
946 1169 1116 1209 οἴωνται.
1187 1168 1286 1218 ὑμᾶς
1319 1167 1387 1208 οὖν
1421 1166 1592 1219 ὑπάρξαι
1613 1184 1650 1215 15

261 1236 322 1273 δεῖ
357 1235 513 1286 χρηστὰ
555 1232 839 1285 βουλομένους,
881 1235 944 1275 καὶ
985 1234 1101 1275 πάνθ’
1140 1233 1219 1285 ἕξει
1259 1237 1399 1276 καλῶς·
1451 1230 1475 1284 ἢ
1515 1235 1590 1286 γὰρ

261 1299 387 1341 οὐδεὶς
424 1301 506 1352 ἐρεῖ
537 1304 718 1353 φλαῦρον
750 1299 876 1348 οὐδέν,
903 1297 926 1352 ἢ
953 1301 1064 1343 οὐδὲν
1097 1300 1199 1356 αὐτῷ
1232 1300 1356 1343 πλέον
1389 1301 1504 1342 ἔσται
1535 1299 1590 1351 μὴ

262 1365 396 1418 ἔχοντι
420 1366 509 1408 τοὺς
536 1365 806 1418 πεισομένους.

307 1484 326 1513 3
359 1474 422 1506 οὐδ’
449 1475 556 1516 ἔστιν]
582 1477 638 1507 οὐκ
663 1475 754 1507 ἔστιν
778 1475 809 1505 Α
977 1485 1014 1514 13
1046 1478 1190 1507 ποιοῦσιν
1216 1477 1258 1506 S:
1294 1475 1484 1513 ποιήσουσιν
1509 1479 1587 1506 cett.

265 1518 391 1558 ὁπότερ’
411 1518 495 1548 SA:
522 1518 648 1550 ὁποίους
665 1523 743 1549 cett.
914 1528 949 1557 14
974 1519 1157 1556 βούλωνται
1176 1519 1200 1550 S
1365 1528 1402 1557 15
1427 1520 1548 1550 οἴονται
1566 1518 1590 1548 S

266 1562 306 1592 16
326 1561 559 1601 βουλομένους]
577 1560 830 1602 βουλευομένους
845 1560 878 1592 Α
1013 1572 1050 1601 17
1076 1564 1220 1604 φλαῦρον
1235 1561 1267 1593 Α
1281 1573 1287 1592 :
1312 1564 1438 1604 φαῦλον
1455 1563 1480 1592 S
1496 1561 1586 1600 vulg.

334 1609 372 1640 In
390 1610 414 1640 S
433 1610 659 1650 subscriptum

777 1659 868 1685 ΠΕΡΙ
894 1657 1132 1686 ΣΎΝΤΑΞΕΩΣ

828 1703 852 1728 H
874 1702 898 1728 H
921 1702 945 1728 H
965 1703 990 1728 Δ
1012 1703 1038 1728 Δ
1060 1703 1086 1728 Δ

778 1733 830 1788 1}ss
851 1740 886 1779 (i.
901 1750 931 1772 e.
949 1739 1135 1781 διώρθωται)
