1747 2844
159 153 278 207 xvm]
471 159 615 197 ΠΕΡΙ
662 158 785 196 ΤΟΥ
832 158 1167 196 ΣΤΕΦΑΝΟΎ

158 265 232 316 γὰρ
257 262 305 314 ἦν
336 259 488 316 ἀφανῆ)
508 266 590 305 τοῖς
620 261 709 314 παρ’
735 261 917 304 ἑκάστοις
946 261 1154 314 προδόταις
1187 259 1354 314 χρήματ’
1381 262 1474 301 ἀνα-

159 331 310 371 λίσκων
339 329 489 373 πάντας
519 329 729 381 συνέκρουε
759 330 821 370 καὶ
850 327 947 380 πρὸς
979 327 1118 369 αὐτοὺς
1148 326 1370 379 ἐτάραττεν·
1408 326 1477 368 εἶτ’

159 398 202 438 ἐν
232 398 289 439 οἷς
317 396 539 449 ἡμάρτανον
566 397 687 437 ἄλλοι
719 397 781 437 καὶ
811 398 935 436 κακῶς
969 395 1177 447 ἐφρόνουν,
1206 394 1323 436 αὐτὸς
1357 410 1474 446 παρε-

161 463 369 514 σκευάζετο
403 465 466 504 καὶ
500 465 595 504 κατὰ
627 462 785 503 πάντων
817 461 974 514 ἐφύετο.
1047 462 1097 503 ὡς
1130 463 1171 503 δὲ
1204 461 1474 513 ταλαιπωρού-

120 546 138 578 5
158 547 268 582 μενοι
300 534 353 585 τῷ
388 529 501 581 μήκει
535 533 604 570 τοῦ
639 527 814 580 πολέμου
850 530 885 569 οἱ
921 529 1011 569 τότε
1045 530 1117 580 μὲν
1153 531 1303 579 βαρεῖς,
1338 531 1408 568 νῦν
1443 526 1478 568 δ’

159 597 316 649 ἀτυχεῖς
355 599 533 647 Θηβαῖοι
571 596 736 649 φανεροὶ
779 598 902 636 πᾶσιν
939 594 1043 645 ἦσαν
1082 594 1479 646 ἀναγκασθησόμενοι

160 663 422 715 καταφεύγειν
455 662 520 715 ἐφ’
552 663 663 713 ὑμᾶς,
696 663 717 702 6
747 663 961 708 Φίλιππος,
997 662 1061 702 ἵνα
1092 661 1143 711 μὴ
1177 665 1290 701 τοῦτο
1323 660 1477 713 γένοιτο

158 731 255 781 μηδὲ
290 728 522 770 συνέλθοιεν
553 731 593 770 αἱ
626 730 776 776 πόλεις,
810 730 901 779 ὑμῖν
934 730 1007 778 μὲν
1041 726 1211 779 εἰρήνην,
1239 729 1404 770 ἐκείνοις
1434 730 1477 768 δὲ

159 795 348 847 βοήθειαν
384 797 663 848 ἐπηγγείλατο.
733 797 775 837 τί
809 795 877 836 οὖν
915 794 1205 846 συνηγωνίσατ’
1240 794 1343 849 αὐτῷ
1381 793 1477 846 πρὸς

101 877 139 900 10
157 861 202 902 τὸ
226 865 371 913 λαβεῖν
395 863 531 914 ὀλίγου
557 865 639 903 δεῖν
662 863 760 913 ὑμᾶς
787 862 948 903 ἑκόντας
975 860 1318 911 ἐξαπατωμένους;
1357 861 1477 911 ἡτῶν

157 928 295 969 ἄλλων
319 928 540 979 Ἑλλήνων,
567 929 645 970 εἴτε
668 928 744 982 χρὴ
772 930 909 969 κακίαν
933 927 1000 969 εἴτ’
1025 927 1188 980 ἄγνοιαν
1213 929 1291 968 εἴτε
1317 927 1378 967 καὶ
1404 927 1475 977 ἀμ-

159 996 309 1047 φότερα
332 995 438 1035 ταῦτ’
465 996 600 1041 εἰπεῖν,
629 996 664 1035 οἳ
697 995 875 1045 πόλεμον
907 996 1056 1047 συνεχῆ
1089 994 1150 1034 καὶ
1182 993 1332 1045 μακρὸν
1356 998 1475 1034 πολε-

159 1061 337 1111 μούντων
370 1062 490 1112 ὑμῶν,
530 1062 592 1102 καὶ
623 1064 763 1102 τοῦτον
795 1062 893 1113 ὑπὲρ
927 1065 1005 1101 τῶν
1040 1063 1141 1100 πᾶσι
1178 1061 1477 1113 συμφερόντων,

160 1127 210 1168 ὡς
247 1128 348 1182 ἔργῳ
387 1128 560 1180 φανερὸν
594 1127 772 1180 γέγονεν,
807 1128 896 1168 οὔτε
931 1126 1133 1180 χρήμασιν
1167 1127 1257 1168 οὔτε
1293 1127 1479 1178 σώμασιν

101 1208 137 1241 15
159 1193 238 1234 οὔτ’
256 1193 368 1248 ἄλλῳ
393 1194 521 1235 οὐδενὶ
545 1198 624 1234 τῶν
647 1193 832 1234 ἁπάντων
859 1193 1168 1244 συνελάμβανον
1193 1194 1296 1244 ὑμῖν·
1334 1194 1391 1235 οἷς
1417 1193 1479 1233 καὶ

158 1262 315 1302 δικαίως
348 1261 410 1301 καὶ
444 1260 724 1312 προσηκόντως
757 1261 1001 1312 ὀργιζόμενοι
1033 1260 1197 1310 ἑτοίμως
1229 1260 1479 1310 ὑπηκούσατε

158 1330 210 1380 τῷ
247 1327 446 1381 Φιλίππῳ.
517 1327 540 1377 ἡ
579 1328 651 1377 μὲν
686 1326 754 1367 οῧν
791 1327 879 1367 τότε
919 1325 1211 1379 συγχωρηθεῖσ’
1248 1325 1379 1379 εἰρήνη
1417 1327 1479 1366 διὰ

157 1392 274 1439 ταῦτ’,
313 1392 356 1433 οὐ
395 1392 442 1433 δι’
480 1392 559 1443 ἐμέ,
599 1393 649 1434 ὡς
688 1392 801 1434 οὗτος
840 1392 1071 1443 διέβαλλεν,
1109 1392 1301 1445 ἐπράχθη·
1352 1394 1399 1432 τὰ
1437 1394 1479 1433 δὲ

158 1459 305 1500 τούτων
347 1458 565 1510 ἀδικήματα
612 1459 676 1499 καὶ
722 1457 1010 1511 δωροδοκήματ’
1053 1460 1095 1499 ἐν
1137 1459 1234 1515 αὐτῇ
1275 1462 1354 1499 τῶν
1395 1459 1479 1499 νυνὶ

99 1541 139 1564 20
157 1527 361 1578 παρόντων
387 1525 638 1578 πραγμάτων,
660 1525 708 1566 ἄν
732 1542 790 1567 τις
818 1524 978 1582 ἐξετάζῃ
1005 1526 1175 1572 δικαίως,
1197 1524 1286 1566 αἴτι’
1307 1523 1476 1577 εὑρήσει.

159 1592 220 1632 καὶ
245 1593 354 1633 ταυτὶ
383 1592 498 1634 πάνθ’
523 1593 621 1645 ὑπὲρ
649 1594 719 1643 τῆς
750 1593 938 1643 ἀληθείας
969 1593 1308 1644 ἀκριβολογοῦμαι
1335 1592 1396 1632 καὶ
1421 1595 1475 1632 δι-

158 1658 382 1712 εξέρχομαι.
442 1661 475 1700 εἰ
507 1661 582 1712 γὰρ
613 1658 717 1701 εἶναί
745 1675 783 1700 τι
812 1659 944 1709 δοκοίη
977 1661 1025 1699 τὰ
1057 1658 1221 1710 μάλιστ’
1251 1660 1294 1700 ἐν
1326 1658 1478 1701 τούτοις

157 1725 336 1776 ἀδίκημα,
371 1725 484 1767 οὐδέν
517 1727 606 1767 ἐστι
637 1725 762 1776 δήπου
795 1725 892 1778 πρὸς
926 1725 1008 1776 ἐμέ·
1053 1724 1144 1766 ἀλλ’
1170 1726 1191 1765 ὁ
1221 1727 1294 1777 μὲν
1326 1729 1478 1778 πρῶτος

158 1792 277 1832 εἰπὼν
314 1792 375 1832 καὶ
409 1792 599 1843 μνησθεὶς
634 1794 729 1844 ὑπὲρ
766 1794 834 1843 τῆς
868 1791 1023 1844 εἰρήνης
1056 1791 1342 1844 Ἀριστόδημος
1377 1791 1425 1842 ἧν
1458 1793 1478 1831 ὁ

98 1871 135 1904 25
155 1858 375 1910 ὑποκριτής,
411 1859 431 1897 ὁ
467 1858 499 1899 δ’
533 1858 788 1910 ἐκδεξάμενος
822 1859 884 1899 καὶ
917 1858 1077 1911 γράψας
1111 1859 1173 1899 καὶ
1206 1858 1344 1900 ἑαυτὸν
1378 1860 1478 1909 μετὰ

155 1924 293 1965 τούτου
328 1925 536 1975 μισθώσας
571 1926 636 1966 ἐπὶ
672 1929 793 1966 ταῦτα
830 1925 1078 1978 Φιλοκράτης
1114 1926 1135 1965 6
1170 1925 1417 1978 Ἁγνούσιος,
1456 1925 1477 1963 ὁ

156 1991 239 2037 σός,
266 1992 455 2046 Αἰσχίνη,
483 1992 677 2039 κοινωνός,
706 1991 779 2045 οὐχ
812 1993 833 2031 6
866 1993 971 2044 ἐμός,
999 1991 1078 2033 οὐδ’
1103 1991 1151 2032 ἂν
1182 1992 1232 2032 σὺ
1266 1995 1476 2048 διαρραγῇς

155 2058 411 2109 ψευδόμενος,
439 2060 476 2099 οἱ
509 2060 550 2099 δὲ
581 2059 834 2101 συνειπόντες
865 2059 957 2100 ὅτου
986 2058 1125 2109 δήποθ’
1151 2059 1279 2099 εἵνεκα
1301 2057 1366 2109 (ἐῶ
1399 2059 1474 2110 γὰρ

155 2124 272 2164 τοῦτό
303 2124 339 2177 γ’
375 2127 416 2166 ἐν
449 2129 501 2179 τῷ
535 2122 712 2177 παρόντι)
746 2125 955 2177 Εὔβουλος
991 2126 1053 2165 καὶ
1085 2128 1354 2177 Κηφισοφῶν·
1395 2123 1473 2175 ἐγὼ

95 2200 136 2231 30
153 2188 186 2229 δ’
211 2191 323 2232 οὐδὲν
347 2191 529 2243 οὐδαμοῦ.
600 2190 691 2232 ἀλλ’
717 2192 832 2243 ὅμως,
859 2192 1007 2233 τούτων
1038 2191 1226 2232 τοιούτων
1255 2192 1381 2232 ὄντων
1411 2190 1474 2230 καὶ

196 2308 215 2327 2
240 2299 352 2332 αὑτοὺς
375 2299 398 2330 S
414 2299 452 2330 L¹
468 2311 475 2330 z
507 2300 636 2332 ἑαυτοὺς
653 2299 741 2338 vulg.
762 2311 768 2329 :
799 2300 964 2338 ἀλλήλους
981 2299 1012 2331 Α
1027 2300 1053 2330 L
1070 2309 1154 2331 corr.
1332 2309 1351 2338 3
1377 2300 1473 2331 ἄλλοι

154 2340 191 2371 Sl
205 2341 230 2371 L
245 2353 251 2371 :
275 2344 304 2374 οἱ
319 2344 416 2374 ἄλλοι
433 2342 522 2382 vulg.
539 2354 545 2372 :
571 2342 666 2374 ἄλλοι
683 2342 779 2374 Blass
906 2354 922 2382 7
949 2345 965 2375 ὁ
982 2353 1046 2374 om.
1065 2343 1102 2373 S¹
1225 2352 1262 2381 13
1287 2345 1377 2385 κοινῇ
1393 2347 1471 2373 ante

153 2386 230 2416 πᾶσι
246 2385 319 2416 add.
341 2386 427 2425 vulg.
444 2397 451 2416 :
475 2397 539 2417 om.
559 2386 582 2416 S
597 2386 633 2415 L¹
782 2396 888 2425 22-23
912 2400 943 2418 τι
962 2411 968 2418 .
989 2411 995 2418 .
1017 2411 1023 2417 .
1042 2387 1179 2425 ἀδίκημα
1195 2385 1219 2416 S
1234 2385 1272 2416 Ll
1288 2396 1294 2414 :
1319 2399 1391 2417 τινα
1408 2410 1415 2416 .
1435 2409 1443 2416 .
1463 2408 1472 2416 .

152 2427 331 2467 ἀδικήματα
347 2429 436 2467 vulg.
573 2439 612 2468 27
638 2431 699 2469 οὐχ
716 2431 732 2460 ὁ
747 2429 773 2460 S
790 2429 833 2461 L:
859 2432 914 2461 οὐκ
932 2434 1009 2460 cett.

196 2491 355 2513 DEMOSTH
372 2507 380 2521 ,
398 2493 474 2515 VOL.
496 2493 516 2513 1.
1311 2487 1348 2517 15

1507 158 1611 214 [231]

1507 812 1554 837 20

1510 1394 1619 1449 [232]

1509 1603 1549 1630 21

1504 2200 1547 2226 22
