1763 2828
230 711 342 747 Vind.

497 121 827 166 CODICVM
873 121 1302 163 CATALOGVS

422 235 543 270 Huius
561 235 699 270 codicis
724 241 848 280 partes
867 234 1105 279 antiquiores,
1124 234 1315 269 contiones
1335 233 1567 278 praesertim,

372 293 542 328 Parisino
560 293 584 329 S
606 293 827 328 simillimae.
878 292 1037 335 Schultz,
1057 292 1117 338 qui
1143 292 1283 337 primus
1307 302 1392 327 eum
1417 291 1568 327 investi-

369 351 469 395 gavit
490 351 547 395 (τῖε
560 351 754 387 Codz‘cz'bus
769 351 1000 396 Quibusdam
1016 351 1070 385 ad
1082 351 1299 385 Orationem
1310 348 1566 396 Philippicam

378 410 542 444 Tertiam
569 410 735 444 nondum
760 409 953 453 adhibitis,
974 408 1163 453 Berolini),
1183 419 1258 443 non
1283 419 1327 443 ex
1352 409 1377 444 S
1405 408 1568 453 pendere

372 468 525 511 censuit,
543 468 610 503 sed
629 479 673 503 ex
690 468 824 503 eodem
842 473 955 513 atque
973 467 998 503 S
1014 467 1215 512 archetypo
1234 466 1443 501 derivatum
1461 477 1543 502 esse
1558 478 1566 510 ;

371 527 482 561 ceteri
500 526 636 562 deinde
655 526 846 571 suffragati
866 532 970 569 sunt3
1000 526 1066 561 sed
1082 524 1165 560 vide
1184 525 1230 560 de
1250 524 1294 560 iis
1313 535 1406 570 quae
1424 525 1567 570 gravis-

373 584 465 620 sime
499 586 646 630 Drerup
677 583 882 630 disputavit
913 583 1072 628 (Antike
1101 582 1568 629 Denzostlzenesausgaben‚

374 641 534 688 Leipzig,
565 642 681 688 1899).

371 722 399 746 1.
461 711 748 747 Vindobonensis
782 721 838 755 70,
870 711 1058 747 chartacei
1094 722 1180 756 pars
1215 711 1347 756 prima,
1384 721 1480 745 saec.
1511 722 1568 745 xv.

375 769 535 805 Parisini
563 770 601 813 S,
628 776 666 805 ut
693 769 851 814 videtur,
879 770 1128 815 apographus.
1183 769 1357 805 Continet
1384 769 1570 804 orationes

373 827 394 871 i,
414 827 464 872 iii,
485 827 519 872 ii,
540 827 586 871 iv,
606 827 654 872 vi,
676 827 720 871 ix,
739 840 772 871 x,
791 839 825 871 ν,
845 827 919 870 viii,
939 827 999 871 vii,
1018 827 1064 871 xi,
1083 827 1144 871 xii,
1162 827 1235 871 xiii,
1254 828 1325 870 xiv,
1344 840 1400 863 xv.

660 955 878 995 FAMILIA
912 953 1148 995 SECVNDA

233 1046 266 1079 A
297 1046 354 1080 vel
384 1046 478 1089 Aug.
512 1046 540 1080 Ι.
602 1045 858 1091 Augustanus
894 1045 1045 1091 primus,
1082 1056 1180 1081 nunc
1218 1045 1457 1081 Monacensis
1490 1046 1572 1090 485,

376 1103 696 1146 membranaceus,
712 1114 808 1138 saec.
823 1116 854 1138 x.
904 1103 1081 1139 Continet
1098 1103 1285 1139 orationes
1303 1103 1574 1149 quinquaginta

376 1167 551 1206 quattuor
575 1162 646 1196 hoc
668 1161 798 1196 ordine
822 1162 1049 1204 conlocatas,
1068 1161 1114 1204 iv,
1136 1161 1145 1196 i
1166 1160 1229 1205 (ab
1248 1160 1352 1197 initio
1370 1160 1572 1205 mancam),

376 1219 411 1263 ii,
439 1218 475 1254 iii
508 1218 558 1262 (iii
591 1230 675 1254 cum
710 1219 855 1255 Libanii
887 1226 1116 1264 argumento,
1149 1227 1342 1265 utramque
1371 1219 1574 1263 mancam),

376 1289 398 1311 ν
419 1276 517 1321 (cum
538 1277 724 1322 Anonymi
752 1278 1083 1322 argumento)—ix,
1101 1278 1147 1321 xi,
1167 1290 1188 1312 x
1208 1277 1256 1322 (xi
1282 1284 1317 1313 et
1339 1290 1360 1312 x
1382 1289 1465 1313 cum
1485 1276 1572 1312 trai-

377 1336 498 1371 ciendi
518 1335 662 1381 signis),
680 1336 764 1380 xxii,
784 1336 853 1380 xxi,
871 1335 969 1380 xxiii,
986 1337 1084 1379 xviii,
1103 1337 1174 1380 xix,
1193 1335 1287 1378 xxiV,
1305 1348 1361 1380 xx,
1380 1347 1459 1379 xxV,
1478 1334 1572 1377 xxvi,

377 1394 436 1436 liv,
455 1394 502 1437 lv,
521 1394 634 1438 xlviii,
653 1395 713 1437 lvi,
735 1394 844 1438 xxvii,
863 1394 983 1435 xxviii,
1002 1395 1083 1429 xxix
1103 1394 1155 1439 (in
1174 1394 1247 1430 fine
1271 1393 1471 1439 mancam),
1492 1405 1572 1435 xxx,

377 1452 473 1498 xxxi,
485 1452 614 1494 xxxvii,
628 1465 733 1495 xxxv,
745 1453 888 1495 xxxviii,
902 1453 1021 1494 xxxiv,
1032 1453 1138 1495 xxxii,
1152 1453 1270 1494 xxxvi,
1281 1452 1397 1494 xxxiii,
1414 1451 1485 1494 xiii,
1501 1452 1571 1495 xiv,

380 1511 451 1554 xvi,
470 1522 525 1553 xv,
544 1510 644 1554 xviii,
663 1511 686 1545 li
707 1512 806 1556 (post
832 1512 841 1545 1
866 1511 1063 1556 repetitam
1090 1524 1133 1547 ex
1158 1511 1230 1546 alio
1255 1518 1292 1547 et
1316 1511 1572 1546 emendatiore

378 1569 534 1615 codice),
554 1569 641 1613 xliii,
661 1570 744 1611 xliv,
764 1569 881 1614 xxxix,
900 1571 934 1604 xl
962 1570 1081 1615 (deest
1108 1581 1246 1614 magna
1272 1569 1387 1615 pars),
1407 1569 1466 1612 xli,
1487 1569 1570 1611 xlix,

377 1627 442 1669 liii,
465 1627 539 1672 xlii,
566 1629 586 1670 l,
613 1627 651 1671 li,
675 1627 748 1670 lvii,
774 1627 862 1671 lviii,
890 1628 974 1663 xlvii
1000 1627 1226 1673 (mutilam):
1259 1628 1393 1663 desunt
1419 1628 1481 1672 xii,
1502 1628 1574 1670 xlv,

378 1686 461 1728 xlvi,
492 1686 578 1721 xlvii
610 1685 710 1732 (pars
743 1685 933 1731 maxima),
966 1686 1017 1730 lii,
1047 1685 1107 1728 lix,
1138 1687 1185 1730 lx,
1216 1686 1275 1728 lxi,
1308 1686 1504 1721 Prooemia
1538 1694 1574 1721 et

378 1744 587 1789 Epistulae.

428 1803 524 1837 Suae
551 1802 612 1837 hic
638 1801 801 1838 familiae
828 1802 945 1837 codex
970 1809 1025 1838 est
1053 1802 1251 1847 princeps;
1290 1802 1575 1848 interpolatione

380 1872 455 1895 non
484 1868 583 1896 caret
614 1861 776 1906 quidem,
805 1861 970 1896 medium
999 1867 1124 1896 tamen
1156 1860 1293 1906 aliquid
1325 1861 1419 1896 inter
1449 1862 1508 1896 SL
1538 1867 1574 1896 et

380 1919 581 1955 deteriores
606 1920 719 1954 libros
742 1920 907 1964 praebet.
958 1919 1068 1954 Varie
1091 1919 1138 1954 de
1159 1930 1203 1954 eo
1228 1918 1484 1954 iudicaverunt
1508 1919 1574 1953 viri

381 1977 479 2012 docti
492 1990 500 2022 ;
520 1978 847 2023 acquiescendum,
860 1977 1002 2023 opinor,
1017 1977 1053 2012 in
1066 1978 1181 2013 Andr.
1194 1977 1377 2022 Spengelii
1391 1977 1576 2012 sententia

382 2035 455 2081 qui,
481 2035 702 2071 lectionibus
725 2047 818 2081 quas
845 2036 882 2071 in
907 2036 1144 2071 contionibus
1170 2035 1290 2081 prima
1316 2047 1448 2070 manus
1475 2035 1576 2071 dedit

382 2094 591 2130 accuratius
609 2094 785 2138 excussis,
805 2094 989 2131 secundas
1008 2094 1040 2129 ei
1066 2100 1150 2138 post
1169 2095 1229 2129 SL
1247 2093 1469 2130 deferendas
1493 2105 1577 2129 esse

382 2151 628 2187 confirmavit.
680 2142 799 2196 (Uber
821 2153 882 2187 die
903 2151 1159 2197 Handsclzrz'st
1182 2152 1256 2187 cod.
1279 2153 1533 2197 Augustanus
1556 2153 1584 2186 I

383 2211 548 2255 Monac„
565 2211 770 2255 Miinchen,
788 2210 904 2256 1872.)
958 2212 1216 2246 Correctorum
1235 2210 1451 2254 doctiorum,
1469 2217 1507 2246 ut
1525 2211 1576 2246 ait

386 2269 557 2313 Dindorf,
576 2269 724 2314 saepius
744 2281 876 2305 manus
895 2270 1029 2315 prodit.
1082 2271 1167 2305 Hoc
1189 2269 1432 2305 fundamento
1450 2269 1578 2305 nititur

382 2327 495 2364 editio
513 2327 729 2363 Reiskiana.

436 2386 616 2422 Eiusdem
634 2386 797 2422 familiae
816 2393 962 2432 praeter
980 2387 1070 2423 alios
1090 2393 1221 2423 sunt-

867 2456 952 2480 xvm
