1731 2844
151 122 239 174 vm}
356 128 495 164 ΠΕΡΙ
549 127 674 164 ΤΩΝ
726 128 803 164 ΕΝ
851 128 1252 165 ΧΕΡΡΟΝΗΣΩΙ

151 230 308 280 ζητεῖτε,
352 224 429 269 Ϋτὰ
472 232 513 270 δὲ
559 229 755 280 βέλτιστα
798 225 1023 284 ἐπιστήμῃῗ
1072 229 1205 281 λέγειν
1248 232 1352 281 παρὰ
1400 234 1467 270 τοῦ

148 297 368 347 παριόντος.

215 361 285 402 Ἐν
319 363 521 416 κεφαλαίῳ
556 361 588 401 δ’
618 363 642 402 δι
673 361 778 414 λέγω
810 360 969 413 φράσας
1003 363 1223 412 καταβῆναι
1255 362 1465 413 βούλομαι.

148 426 316 481 χρήματ’
359 427 560 480 εἰσφέρειν
602 428 703 480 φημὶ
745 430 837 468 δεῖν·
891 427 961 477 τὴν
1006 427 1264 481 ὑπάρχουσαν
1306 429 1467 479 δύναμιν

111 515 128 546 5
149 493 346 547 συνέχειν,
382 496 692 545 ἐπανορθοῦντας
725 495 762 535 εἵ
790 511 828 534 τι
861 495 970 534 δοκεῖ
1001 493 1052 545 μὴ
1091 498 1219 536 καλῶς
1257 495 1378 547 ἔχειν,
1415 495 1466 545 μὴ

149 561 260 602 ὅσοις
296 560 344 600 ἄν
383 577 440 601 τις
478 559 703 610 αἰτιάσηται
737 560 782 600 τὸ
818 560 913 599 ὅλον
951 561 1229 602 καταλύοντας·
1276 560 1468 611 πρέσβεις

149 626 361 676 ἐκπέμπειν
393 629 592 678 πανταχοῖ
622 626 712 668 τοὺς
744 624 983 675 διδάξοντας,
1019 625 1344 676 νουθετήσοντας,
1372 626 1468 678 πρά-

148 691 300 742 ξοντας·
337 693 442 743 παρὰ
467 691 594 731 πάντα
619 695 738 732 ταῦτα
762 692 851 733 τοὺς
877 692 939 732 ἐπὶ
963 695 1046 734 τοῖς
1071 691 1276 744 πράγμασι
1300 695 1465 744 δωροδο-

150 761 311 799 κοῦντας
345 757 523 807 κολάζειν
558 759 620 798 καὶ
651 762 784 809 μισεῖν
816 761 1032 810 πανταχοῦ,
1069 758 1117 798 ἵν’
1151 760 1186 798 οἱ
1222 758 1372 810 μέτριοι
1406 759 1468 799 καὶ

91 841 129 864 10
148 824 318 865 δικαίους
354 824 491 865 αὑτοὺς
528 823 769 876 παρέχοντες
808 824 848 863 εῦ
886 827 1186 874 βεβουλεῦσθαι
1223 828 1367 865 δοκῶσι
1407 826 1468 865 καὶ

147 894 228 931 τοῖς
254 890 394 932 ἄλλοις
425 890 485 930 καὶ
517 892 678 931 ἑαυτοῖς.
750 890 797 931 ἂν
831 891 930 930 οὕτω
963 894 1044 932 τοῖς
1077 891 1283 942 πράγμασι
1315 893 1468 943 χρῆσθε

149 957 210 996 καὶ
235 956 436 1006 παύσησθ’
458 957 741 1008 ὀλιγωροῦντες
766 955 964 1002 ἁπάντων,
986 958 1083 999 ἴσως
1108 956 1168 1003 ἄν,
1191 959 1286 998 ἴσως
1314 958 1375 997 καὶ
1400 961 1467 998 νῦν

147 1023 205 1063 ἔτι
227 1023 377 1073 βελτίω
402 1022 570 1075 γένοιτο.
643 1024 675 1063 εἰ
704 1022 838 1073 μέντοι
867 1025 1109 1070 καθεδεῖσθε,
1137 1022 1229 1076 ἄχρι
1258 1027 1325 1063 τοῦ
1356 1026 1465 1075 θορυ-

146 1091 275 1139 βῆσαι
312 1090 373 1129 καὶ
409 1088 617 1129 ἐπαηέσαι
651 1089 949 1138 σπουδάᾴητεῆ
989 1091 1057 1129 ἐὰν
1094 1091 1135 1130 δὲ
1172 1089 1239 1145 δέῃ
1271 1107 1308 1130 τι
1339 1094 1468 1130 ποκῇ)

88 1173 125 1204 15
147 1156 415 1206 ἀναδυόμενοι,
443 1155 517 1208 οὐχ
551 1156 625 1206 ὁρῶ
656 1156 779 1207 λόγον
810 1156 921 1197 ὅστις
949 1155 1042 1196 ἄνευ
1071 1159 1138 1196 τοῦ
1167 1160 1293 1197 ποιεῖν
1321 1157 1420 1207 ὑμᾶς
1444 1156 1468 1196 ἃ

145 1222 338 1273 προσήκει
362 1220 572 1271 δυνήσεται
596 1221 667 1271 τὴν
692 1222 810 1262 πόλιν
837 1225 979 1261 σῶσαι.

193 1341 204 1360 1
231 1331 273 1362 τὰ
289 1330 325 1362 δὲ
342 1330 506 1367 βέλτιστα
524 1330 686 1372 ἐπιστήμῃ
704 1329 816 1370 λέγειν
834 1330 928 1360 codd.
947 1340 953 1360 ἕ
981 1330 1000 1362 ἃ
1016 1328 1051 1361 δὲ
1068 1328 1251 1368 βέλτιστ’ἢ
1263 1330 1307 1369 μὴ
1322 1328 1467 1370 [λέγειν]

146 1373 242 1404 Blass
257 1384 264 1403 ε
304 1374 323 1405 ἃ
354 1372 390 1405 δὲ
418 1372 571 1411 βέλτιστ’
602 1373 709 1405 ἔνεστι
741 1373 853 1413 λέγειν
885 1373 970 1403 coni.
1006 1372 1142 1411 Sandys
1325 1373 1347 1402 6
1381 1373 1468 1404 ὅσοις

146 1416 170 1447 S
183 1417 219 1447 L¹
240 1428 246 1447 :
270 1416 316 1449 οἷς
333 1422 409 1448 cett.
584 1427 601 1455 7
629 1417 690 1448 ὅσα
707 1417 744 1448 ἂν
761 1416 915 1448 δύνωνται
932 1418 972 1458 τῇ
989 1416 1083 1447 πόλει
1102 1420 1179 1455 post
1195 1415 1372 1457 πράξοντας
1388 1416 1464 1446 add.

144 1460 234 1499 vulg.
254 1471 260 1489 ε
286 1470 349 1490 om.
372 1460 407 1490 S¹
421 1459 460 1490 Ll
477 1459 539 1490 soli
706 1469 726 1498 9
752 1460 798 1490 ἀεὶ
817 1460 868 1490 καὶ
884 1463 963 1489 ante
981 1462 1150 1499 πανταχοῦ
1167 1459 1242 1489 add.
1263 1458 1352 1496 vulg.
1370 1471 1375 1489 ς
1400 1468 1463 1488 om.

146 1503 169 1533 S
184 1502 222 1533 L¹
337 1513 374 1541 13
399 1505 440 1535 τὰ
457 1503 556 1535 λοιπὰ
573 1506 652 1533 ante
669 1502 793 1537 βελτίω
810 1502 886 1533 add,
906 1501 995 1540 vulg.
1014 1514 1020 1533 ε
1043 1506 1121 1540 post
1137 1502 1260 1539 βελτίω
1276 1501 1352 1532 add.
1371 1500 1402 1530 A
1414 1500 1465 1531 Y:

142 1556 205 1576 om.
229 1546 252 1576 S
265 1546 302 1576 Ll
319 1545 419 1577 Vind.
442 1556 455 1576 1

209 1587 247 1618 In
265 1587 288 1618 S
305 1587 527 1627 subscriptum

546 1633 637 1660 ΠΕΡΙ
661 1632 743 1659 ΤΩΝ
769 1632 820 1658 ΕΝ
844 1630 1102 1660 ΧΕΡΡΟΝΗΣΩΙ

689 1670 960 1704 ῊωΔΔΔΔ

233 2452 404 2474 DEMOSTH.
412 2468 417 2473 .
434 2453 509 2475 VOL.
531 2454 553 2474 Ι.
1310 2435 1326 2466 7

1498 130 1605 184 [108]

1498 499 1609 553 [109]

1497 903 1541 938 77
