1731 2844
105 523 122 555 5

143 132 189 187 n]
555 136 971 173 οΛτΝΘιΑΚΟΣ
1020 137 1049 173 Β

143 239 214 289 τὴν
247 239 477 291 φιλοτιμίαι)
509 237 812 291 ἀνυπέρβλητον
844 235 970 288 εἶναι)
1010 239 1043 279 εἰ
1076 238 1119 279 δέ
1151 256 1209 281 τις
1244 240 1419 291 σώφρων
1445 237 1467 289 ἦ

144 307 290 347 δίκαιος
314 305 460 352 ἄλλως,
482 305 553 356 τὴν
572 304 657 345 καθ’
677 304 825 357 ἡμέραν
845 305 1039 357 ἀκρασίαν
1058 308 1125 345 τοῦ
1145 306 1238 357 βίου
1259 306 1321 346 καὶ
1345 305 1469 357 μέθην

145 373 206 413 καὶ
241 372 525 425 κορδακισμοὺς
556 372 601 413 οὐ
635 370 848 423 δυνάμενος
882 371 1033 424 φέρειν,
1069 374 1299 424 παρεῶσθαι
1333 372 1395 413 καὶ
1429 374 1469 413 ἐν

143 438 302 482 οὐδενὸς
327 439 426 480 εἶναι
458 438 567 492 μέρει
593 439 661 479 τὸν
686 441 878 480 τοιοῦτον.
950 438 1115 481 λοιποὺς
1150 439 1195 490 δὴ
1230 439 1319 491 περὶ
1352 439 1470 480 αὐτὸν

144 505 244 547 εἶναι
278 508 433 562 λῃστὰς
470 506 532 546 καὶ
570 506 739 548 κόλακας
777 506 840 546 καὶ
875 505 1074 547 τοιούτους
1108 506 1336 558 ἀνθρώπους
1369 506 1472 547 οἵους

142 572 411 624 μεθυσθέντας
435 574 643 626 ὀρχεῖσθαι
668 572 815 613 τοιαῦθ’
841 571 892 613 οῖ’
919 573 998 624 ἐγὼ
1023 575 1092 613 νῦν
1117 574 1217 613 ὀκνῶ
1249 572 1345 625 πρὸς
1373 573 1472 623 ὑμᾶς

143 638 351 690 ὀνομάσαι.
423 642 546 690 δῆλον
579 639 611 679 δ’
646 640 706 679 ὅτι
740 638 846 679 ταῦτ’
878 639 988 679 ἐστὶν
1023 639 1165 690 ἀληθῆ·
1206 639 1267 680 καὶ
1300 640 1374 692 γὰρ
1408 639 1472 680 οὓς

144 704 300 746 ἐνθένδε
348 705 491 747 πάντες
538 704 769 756 ἀπήλαυνον
813 705 863 748 ὡς
908 705 1010 746 πολὺ
1052 710 1129 747 τῶν
1172 708 1473 757 θαυματοποιῶν

143 771 459 825 ἀσελγεστέρους
495 774 622 819 ὄντας,
666 773 849 813 Καλλίαν
888 774 1039 813 ἐκεῖνον
1077 772 1143 813 τὸν
1179 773 1371 824 δημόσιον
1411 773 1473 813 καὶ

86 854 124 877 ιο
142 838 340 880 τοιούτους
366 839 607 891 ἀνθρώπους,
635 840 776 890 μίμους
806 840 976 891 γελοίων
1007 839 1070 879 καὶ
1100 841 1265 889 ποιητὰς
1293 840 1472 892 αἰσχρῶν

84 1187 120 1220 Ῑ5

82 1521 121 1542 20

80 1852 117 1883 25

143 904 345 960 ᾀσμάτων,
371 906 426 946 ὧν
452 907 506 947 εἷς
531 905 621 947 τοὺς
654 906 848 947 συνόντας
881 909 1061 946 ποιοῦσιν
1097 907 1226 946 εἵνεκα
1254 909 1321 946 τοῦ
1352 912 1472 957 γελα-

143 974 299 1022 σθῆναι,
326 972 486 1014 τούτους
513 973 650 1026 ἀγαπᾷ
677 972 739 1012 καὶ
765 972 854 1024 περὶ
880 972 998 1012 αὑτὸν
1024 972 1120 1025 ἔχει.
1183 974 1308 1013 καίτοι
1336 976 1468 1018 ταῦτα,

145 1038 206 1078 καὶ
239 1040 272 1079 εἰ
305 1038 423 1091 μικρά
454 1055 511 1080 τις
542 1038 708 1090 ἡγεῖται,
736 1037 891 1091 μεγάλ’,
921 1036 950 1078 ὦ
980 1038 1118 1091 ἄνδρες
1147 1039 1363 1089 Ἀθηναῖοι,
1392 1039 1468 1080 δεί-

143 1122 273 1156 γματα
304 1107 372 1156 τῆς
407 1105 556 1146 ἐκείνου
585 1105 743 1157 γνώμης
778 1105 840 1145 καὶ
871 1107 1170 1156 κακοδαιμονίας
1200 1106 1287 1146 ἐστὶ
1319 1109 1401 1147 τοῖς
1431 1105 1472 1146 εὖ

143 1175 374 1224 φρονοῦσιν.
447 1171 551 1217 ἀλλ’,
596 1172 716 1222 οἶμαι,
764 1175 831 1212 νῦν
872 1174 945 1223 μὲν
993 1174 1199 1213 ἐπισκοτεῖ
1236 1173 1386 1214 τούτοις
1428 1171 1472 1212 τὸ

143 1241 369 1291 κατορθοῦν·
406 1240 445 1279 αἱ
479 1240 554 1291 γὰρ
588 1236 790 1290 εὐπραξίαι
827 1239 950 1279 δειναὶ
986 1239 1214 1292 συγκρύψαι
1246 1241 1294 1279 τὰ
1326 1238 1470 1279 τοιαῦτ’

141 1306 285 1356 ὀνείδη·
331 1306 365 1346 εἰ
397 1304 440 1346 δέ
471 1322 509 1345 τι
541 1305 714 1352 πταίσει,
741 1305 821 1345 τότ’
849 1306 1024 1357 ἀκριβῶς
1057 1305 1174 1346 αὐτοῦ
1204 1305 1309 1346 ταῦτ’
1336 1304 1468 1355 ἐξετα-

143 1370 350 1422 σθήσεται.
418 1375 527 1413 δοκεῖ
549 1371 582 1411 δ’
607 1371 746 1424 ἔμοιγ’,
775 1370 805 1412 ὦ
831 1371 970 1424 ἄνδρες
997 1371 1213 1423 Ἀθηναῖοι,
1235 1371 1377 1423 δείξειν
1402 1373 1470 1414 οὐκ

142 1440 196 1480 εἰς
234 1438 398 1491 μακράν,
440 1439 489 1480 ἂν
526 1439 566 1479 οἵ
605 1455 647 1479 τε
690 1439 770 1479 θεοὶ
810 1438 960 1480 θέλωσι
1001 1439 1063 1479 καὶ
1101 1440 1210 1490 ὑμεῖς
1246 1439 1467 1490 βούλησθε.

140 1506 273 1557 ὥσπερ
299 1508 373 1558 γὰρ
400 1507 441 1547 ἐν
465 1509 546 1548 τοῖς
573 1506 770 1557 σώμασιν,
799 1504 896 1547 τέως
920 1508 992 1556 μὲν
1017 1505 1064 1546 ἂν
1096 1505 1312 1559 ἐρρωμένος
1339 1505 1362 1562 ᾗ
1395 1523 1466 1552 τις,

140 1571 251 1614 οὐδὲν
286 1571 581 1622 ἐπαισθάνεται,
617 1574 715 1614 ἐπὰν
749 1572 781 1613 δ’
815 1572 1056 1625 ἀρρώστημά
1088 1589 1125 1613 τι
1158 1573 1306 1629 συμβῇ,
1342 1571 1470 1613 πάντα

141 1642 314 1686 κινεῖται,
343 1639 413 1680 κᾶν
444 1641 577 1692 ῥῆγμα
611 1639 681 1680 κᾶν
716 1639 896 1692 στρέμμα
931 1639 1001 1680 κᾶν
1031 1638 1134 1680 ἄλλο
1167 1656 1203 1680 τι
1235 1643 1313 1680 τῶν
1346 1640 1466 1692 ὑπαρ-

139 1705 294 1758 χόντων
319 1706 469 1759 σαθρὸν
493 1705 528 1763 ᾗ,
555 1706 656 1747 οὕτω
686 1706 748 1747 καὶ
772 1710 850 1747 τῶν
876 1707 1032 1748 πόλεων
1059 1707 1122 1747 καὶ
1145 1710 1224 1748 τῶν
1253 1705 1466 1757 τυράννων,

139 1772 212 1813 ἕως
243 1775 316 1823 μὲν
348 1772 396 1813 ἂν
426 1771 500 1823 ἔξω
532 1776 774 1824 πολεμῶσιν,
808 1774 940 1826 ἀφανῆ
976 1775 1025 1813 τὰ
1058 1774 1156 1814 κακὰ
1188 1776 1270 1814 τοῖς
1301 1776 1468 1814 πολλοῖς

139 1839 264 1885 ἐστιν,
286 1840 445 1880 ἐπειδὰν
470 1838 504 1879 δ’
523 1841 666 1892 ὅμορος
690 1841 864 1891 πόλεμος
890 1845 1118 1897 συμπλακῇ,
1146 1839 1260 1881 πάντ’
1280 1840 1468 1889 ἐποίησεν

139 1904 298 1955 ἔκδηλα.

206 1973 255 2012 Εἰ
280 1971 322 2013 δέ
346 1989 403 2014 τις
428 1973 546 2023 ὑμῶν,
573 1970 602 2012 ὦ
627 1972 764 2025 ἄνδρες
788 1972 1006 2024 Ἀθηναῖοι,
1034 1974 1103 2014 τὸν
1128 1973 1332 2014 Φίλιππον
1357 1971 1463 2013 εὐτυ-

186 2091 197 2110 1
224 2082 357 2121 τάνδρὸς
374 2086 451 2122 post
467 2082 654 2122 φιλοτιμίαν
671 2083 746 2113 add.
765 2083 854 2122 vulg.
873 2095 878 2113 :
903 2093 967 2114 om.
987 2083 1011 2114 S
1026 2083 1049 2114 F
1062 2083 1088 2113 B
1243 2093 1263 2121 3
1289 2085 1464 2123 παρεῶσθαι

139 2123 205 2154 SA
220 2124 244 2154 F
257 2125 349 2155 BY:
374 2128 594 2167 παρεωρᾶσθαι
611 2125 714 2166 vulg,
735 2126 776 2157 cf.
796 2126 881 2157 xxiii
904 2136 963 2166 105
1084 2128 1087 2130 ’
1143 2136 1180 2165 13
1206 2128 1257 2158 καὶ
1277 2127 1304 2158 εἰ
1321 2126 1344 2157 S
1358 2125 1387 2156 A
1405 2137 1411 2155 ε
1438 2128 1465 2157 εἰ

138 2168 190 2199 καὶ
207 2168 293 2207 vulg.
457 2170 495 2199 16
519 2171 570 2201 καὶ
588 2169 760 2202 συσκιάσαι
777 2174 854 2209 post
872 2169 1050 2211 συγκρύψαι
1068 2170 1145 2201 add.
1165 2170 1252 2209 vulg.
1271 2182 1277 2199 :
1302 2179 1365 2199 om.
1388 2169 1410 2199 S
1425 2169 1462 2206 B,

139 2210 179 2242 cf.
199 2211 231 2241 xi
253 2221 291 2249 13
439 2222 474 2250 17
501 2213 629 2245 πταίσει
649 2212 714 2244 SA
729 2213 753 2243 F
765 2213 792 2243 B
805 2213 857 2244 Y:
882 2214 1028 2245 πταίσειε
1046 2214 1134 2252 vulg.
1226 2212 1316 2244 ταῦτ’
1336 2213 1359 2243 S
1373 2212 1398 2241 B
1411 2212 1462 2243 O:

138 2255 243 2286 πάντα
267 2255 298 2285 Α
324 2255 432 2294 suppl.
453 2266 459 2285 z
492 2259 595 2288 ταῦτα
618 2256 723 2288 πάντα
747 2256 777 2286 Α
946 2267 988 2287 20
1019 2257 1098 2288 τέως
1123 2257 1216 2287 codd.
1238 2267 1245 2286 ε
1278 2256 1334 2288 ἕως
1361 2256 1459 2285 Dind-

138 2308 176 2328 21
203 2300 268 2329 τῶν
286 2299 352 2330 καθ’
370 2298 493 2331 ἕκαστα
509 2303 632 2340 σαθρῶν
650 2304 726 2338 post
744 2300 970 2331 ἐπαισθάνεται
987 2300 1063 2330 add.
1082 2300 1170 2338 vulg.
1189 2311 1194 2330 :
1221 2309 1284 2330 om.
1304 2299 1337 2329 5¹
1357 2299 1461 2335 solus,

138 2340 187 2389 cs.x
206 2342 242 2414 xil
268 2351 305 2380 14
497 2351 539 2380 23
571 2343 688 2383 σαθρὸν
711 2343 822 2382 vulg.:
855 2345 979 2384 σαθρῶν
1005 2343 1038 2373 S¹
1068 2343 1097 2383 <b
1122 2342 1362 2382 superscripsit
1386 2342 1459 2372 ead.

137 2389 194 2423 m.)
212 2392 231 2414 a
246 2405 254 2415 .

1296 2427 1334 2459 2*

1501 135 1585 190 [23]

1505 454 1546 489 19

1502 983 1547 1008 20

1501 1369 1586 1423 [24]

1500 1518 1519 1542 2

1499 1980 1517 2005 Ιὸ

1524 1981 1542 2005 Ν

1528 1519 1538 1542 1
