1731 2844
148 117 210 171 lv]
509 122 668 160 ΚΑΤΑ
719 122 1033 159 ΦΙΛΙΠΠΟΎ
1082 124 1115 159 Α

149 226 297 279 ἀγορὰν
329 228 592 278 χειροτονεῖτε
625 224 714 266 τοὺς
746 223 982 276 ταξιάρχους
1016 224 1078 264 καὶ
1110 224 1200 266 τοὺς
1229 224 1470 277 φυλάρχους,

149 292 216 333 οὐκ
246 292 310 332 ε’πὶ
339 291 407 332 τὸν
436 292 624 342 πόλεμον.
696 291 740 330 οὐ
768 293 843 343 γὰρ
873 293 1007 344 ἐχρῆν,
1035 288 1063 330 ὦ
1094 290 1230 343 ἄνδρες
1256 291 1471 342 Ἀθηναῖοι,

150 357 383 412 ταξιάρχους
399 358 490 410 παρ’
502 359 621 409 ὑμῶν,
640 358 839 410 ἵππαρχον
857 357 947 409 παρ’
962 359 1081 408 ὑμῶν,
1100 357 1296 410 ἄρχοντας
1311 359 1475 400 οἰκείους

151 426 261 471 εῖναι,
297 424 346 465 ἵν’
380 424 427 474 ἦν
461 425 511 466 ὡς
544 425 700 475 ἀληθῶς
731 427 800 474 τῆς
833 425 987 466 πόλεως
1018 425 1041 475 ἡ
1076 425 1254 475 δύναμις,·
1293 424 1386 465 ἀλλ’
1422 426 1476 466 εἷς

112 510 130 541 5
149 494 221 544 μὲν
246 493 407 542 Λῆμνον
431 491 500 531 τὸν
525 490 616 542 παρ’
635 491 742 541 ὑμῶν
767 492 968 544 ἵππαρχον
993 493 1054 531 δεῖ
1075 494 1204 537 πλεῖν,
1226 494 1303 532 τῶν
1328 490 1360 530 δ’
1379 492 1476 543 ὑπὲρ

150 562 228 599 τῶν
252 560 321 608 τῆς
351 558 504 599 πόλεως
535 556 740 608 κτημάτων
770 557 1069 610 ἀγωνιζομένων
1097 557 1307 598 Μενέλαον
1334 560 1475 609 ἱππαρ-

150 628 250 678 χεῖν.
323 624 384 664 καὶ
409 624 453 663 οὐ
477 624 544 664 τὸν
569 623 690 676 ἄνδρα
719 625 973 677 μεμφόμενος
997 627 1117 664 ταῦτα
1145 624 1263 677 λέγω,
1292 625 1382 664 ἀλλ’
1409 623 1476 676 ὑφ’

151 692 256 742 ὑμῶν
282 691 360 731 ἔδει
386 689 757 744 κεχειροτονημένον
783 690 883 732 εἶναι
907 694 1056 737 τοῦτον,
1084 692 1194 733 ὅστις
1220 691 1268 731 ἂν
1291 690 1329 747 ᾗ.

212 757 333 800 ’Ίσως
363 759 405 798 δὲ
433 761 554 798 ταῦτα
581 760 654 808 μὲν
678 759 801 809 ὀρθῶς
829 758 994 810 ἡγεῖσθε
1023 757 1228 810 λέγεσθαι,
1256 758 1299 797 τὸ
1329 760 1371 798 δὲ
1399 761 1477 797 τῶν

96 845 134 866 10
151 824 375 878 χρημάτων,
402 825 510 864 πόσα
536 825 597 864 καὶ
622 825 743 866 πόθεν
768 825 892 870 ἔσται,
920 824 1096 875 μάλιστα
1121 824 1268 865 ποθεῖτ’
1294 825 1475 864 ἀκοῦσαι.

145 895 265 932 ,τοῦτο
291 891 336 941 δὴ
364 891 425 930 καὶ
451 892 633 944 περαίνω.
694 890 875 945 χρήματα
899 892 1042 932 τοίνυν·
1087 892 1173 931 ἔστι
1199 893 1271 941 μὲν
1289 891 1311 941 ἡ
1332 889 1474 943 τροφή,

154 957 384 1010 σιτηρέσιον
408 959 542 1008 μόνον,
563 959 610 1013 τῇ
635 957 796 1009 δυνάμει
821 958 941 1013 ταύτῃ
966 957 1127 998 τάλαντ’
1155 956 1390 1007 ἐνενήκοντα
1416 958 1476 997 καὶ

153 1025 291 1076 μικρόν
333 1041 370 1064 τι
412 1025 522 1076 πρός,
566 1023 659 1064 δέκα
699 1026 771 1075 μὲν
813 1025 930 1064 ναυσὶ
971 1025 1148 1077 ταχείαις
1189 1023 1477 1075 τετταράκοντα

154 1090 342 1136 τάλαντα,
381 1092 531 1131 εἴκοσιν
571 1092 626 1132 εἷς
661 1090 731 1140 τὴν
767 1094 861 1131 ναῦν
898 1094 994 1141 μναῖ
1028 1095 1096 1130 τοῦ
1133 1090 1254 1141 μηνὸς
1293 1090 1475 1135 ἑκάστου,

96 1176 133 1207 15
155 1157 413 1210 στρατιώταις
438 1159 480 1197 δὲ
505 1158 720 1210 δισχιλίοις
738 1157 899 1197 τοσαῦθ’
919 1157 1046 1207 ἕτερα,
1067 1157 1131 1197 ἵνα
1155 1156 1248 1197 δέκα
1267 1160 1334 1196 τοῦ
1358 1156 1479 1207 μηνὸς

155 1225 175 1263 ὁ
200 1224 441 1275 στρατιώτης
466 1225 643 1277 δραχμὰς
669 1223 900 1275 σιτηρέσιον
924 1222 1128 1280 λαμβάνῃ,
1155 1227 1236 1265 τοῖς
1262 1222 1294 1262 δ’
1317 1225 1480 1263 ἱππεῦσι

155 1291 371 1332 διακοσίοις
400 1290 526 1336 οὖσιν,
554 1291 622 1330 ἐὰν
647 1289 857 1341 τριάκοντα
885 1291 1065 1343 δραχμὰς
1094 1290 1261 1332 ἕκαστος
1289 1289 1480 1344 λαμβάνῃ

154 1360 221 1397 τοῦ
239 1357 372 1408 μηνός,
392 1357 540 1397 δώδεκα
558 1356 746 1397 τάλαντα.
807 1358 839 1397 εἰ
859 1356 901 1397 δέ
920 1373 978 1398 τις
998 1358 1121 1397 οἴεται
1139 1358 1281 1408 μικρὰν
1297 1355 1481 1408 ἀφορμὴν

156 1424 267 1470 εἶναι,
295 1422 524 1475 σιτηρέσιον
552 1427 634 1465 τοῖς
665 1422 992 1476 στρατευομένοις
1022 1423 1228 1477 ὑπάρχειν,
1261 1423 1329 1463 οὐκ
1359 1423 1482 1474 ὀρθῶς

98 1508 137 1530 20
156 1492 339 1543 ἔγνωκεν·
378 1491 455 1542 ἐγὼ
481 1492 556 1542 γὰρ
580 1490 666 1530 οῖδα
692 1494 833 1542 σαφῶς
857 1491 930 1536 ὅτι,
958 1490 1061 1530 τοῦτ’
1082 1490 1130 1530 ἂν
1155 1489 1328 1542 γένηται,
1355 1506 1479 1541 προσ-

156 1561 286 1609 ποριεῖ
307 1558 355 1597 τᾶ
379 1558 502 1597 λοιπὰ
522 1556 614 1597 αὐτὸ
639 1557 684 1597 τὸ
710 1556 919 1609 στράτευμ’
939 1557 1016 1597 ἀπὸ
1040 1560 1108 1597 τοῦ
1133 1556 1320 1607 πολέμου,
1342 1555 1482 1596 οὐδένα

155 1627 232 1664 τῶν
247 1622 456 1674 Ἑλλήνων
473 1625 629 1664 ἀδικοῦν
645 1623 734 1664 οὐδὲ
752 1627 830 1664 τῶν
847 1623 1081 1676 συμμάχων,
1099 1623 1196 1663 ὥστ’
1213 1623 1321 1676 ἔχειν
1339 1622 1482 1674 μισθὸν

157 1692 309 1741 ἐντελῆ.
379 1691 456 1743 ἐγὼ
487 1690 702 1741 συμπλέων
727 1690 936 1740 ἐθελοντὴς
961 1690 1135 1743 πάσχειν
1161 1691 1289 1730 ὁτιοῦν
1315 1690 1480 1740 ἕτοιμος,

157 1758 224 1797 ἐὰν
242 1757 294 1807 μὴ
314 1757 421 1797 ταῦθ’
441 1758 562 1799 οὕτως
587 1758 673 1814 ἔχῃ.
733 1758 855 1798 πόθεν
880 1757 948 1797 οῦν
968 1758 988 1796 ὁ
1013 1758 1132 1809 πόρος
1152 1761 1230 1798 τῶν
1255 1755 1479 1810 χρημάτων,

100 1839 137 1871 25
157 1823 181 1864 ἂ
206 1823 295 1876 παρ’
320 1825 428 1874 ὑμῶν
454 1824 599 1864 κελεύω
624 1823 811 1876 γενέσθαι
818 1841 830 1871 ‚·
867 1824 970 1864 τοῦτ’
995 1823 1067 1875 ἤδη
1092 1823 1210 1875 λέξω.

620 1921 757 1948 ΠΟΡΟΎ
787 1920 1023 1950 ΑΠΟΔΕῘΞΙΣ.

220 1980 269 2022 ΑΑ
290 1985 361 2033 μὲν
380 1983 503 2034 ἡμεῖς,
525 1981 554 2023 ὦ
581 1983 717 2035 ἄνδρες
737 1983 954 2033 Ἀθηναῖοι,
981 1982 1207 2035 δεδυνήμεθ’
1227 1984 1353 2036 εὑρεῖν
1377 1982 1484 2023 ταῦτ’
1522 2011 1528 2015 -

159 2050 282 2090 ἐστίν·
338 2051 496 2091 ἐπειδὰν
538 2050 572 2090 δ’
613 2051 934 2103 ἐπιχειροτονῆτε
976 2053 1045 2093 τὰς
1085 2051 1256 2103 γνώμας,
1299 2049 1347 2090 ἂν
1395 2051 1484 2100 ὑμῖν

203 2168 223 2198 3
244 2159 406 2201 ἵππαρχον
427 2159 470 2191 S:
502 2159 679 2201 ἱππάρχους
703 2164 780 2190 cett.
962 2170 996 2190 11
1024 2160 1158 2202 περαίνω
1184 2160 1227 2191 S:
1260 2162 1383 2199 περανῶ
1407 2163 1483 2188 cett

164 2211 202 2231 12
225 2204 292 2234 τοῖς
310 2202 574 2243 στρατευομένοις
591 2208 667 2242 post
686 2202 872 2245 σιτηρέσιον
889 2203 964 2234 add.
980 2204 1088 2242 vulg:
1111 2214 1174 2233 om,
1193 2203 1216 2233 S
1235 2202 1337 2241 solus,
1353 2202 1392 2233 cf.
1412 2205 1426 2239 ξ
1446 2212 1487 2240 29

164 2255 202 2283 19
227 2246 305 2277 εἶναι
322 2246 345 2276 S
359 2246 401 2277 F:
428 2256 493 2276 orn.
510 2246 597 2285 vulg.
691 2257 733 2277 20
756 2250 946 2289 προσποριεῖ
955 2248 1053 2277 codd.
1070 2259 1077 2278 t
1101 2249 1337 2288 προσποριεῖται
1355 2245 1486 2276 Dobree

162 2298 202 2326 25
225 2288 375 2329 γενέσθαι
394 2289 418 2320 S
434 2301 441 2320 :
463 2290 640 2331 γενήσεται
658 2294 735 2321 cett.
850 2300 888 2328 27
915 2290 970 2322 οὖν
986 2296 1061 2330 post
1078 2290 1138 2330 μὲν
1154 2291 1230 2321 add.
1249 2290 1297 2320 Y:
1323 2300 1388 2321 om.
1407 2293 1487 2319 cett.

162 2333 204 2362 28
221 2334 479 2374 ἐπιχειροτονῆτε
493 2334 603 2373 codd.,
617 2334 656 2365 cs.
673 2335 752 2364 xxiv
764 2335 805 2363 26
820 2345 826 2363 ε
853 2337 1080 2376 ἐπιχειροτονῇ
1092 2348 1140 2366 τις
1155 2334 1241 2363 coni.
1258 2333 1353 2363 Blass
1372 2332 1486 2362 nescio

163 2385 204 2405 an
224 2379 325 2414 recte,
340 2377 413 2407 coll.
429 2377 486 2406 xxi
499 2386 518 2414 3
535 2388 541 2406 :
559 2378 826 2418 ἐπιχειροτονὴσῃ
846 2380 904 2418 (ες.
921 2380 937 2408 ὁ
953 2377 1120 2418 πρύτανιςλ
1133 2377 1303 2407 Tournier
1378 2377 1396 2408 ἃ
1408 2379 1486 2405 ante

164 2418 201 2449 ἂν
217 2417 290 2448 add.
312 2419 431 2449 codd.:
457 2419 521 2450 del.
542 2420 690 2458 Dobree,
710 2420 749 2450 cs.
772 2421 805 2450 ix
826 2429 874 2459 70,
895 2420 952 2450 xiv
974 2429 1019 2459 14.
1043 2420 1195 2450 Prooem.
1214 2428 1256 2457 29

1503 122 1587 177 [47]

1508 761 1551 795 28

1512 1368 1555 1402 29
