<?xml version="1.0" encoding="UTF-8"?>
<!DOCTYPE html PUBLIC "-//W3C//DTD XHTML 1.0 Transitional//EN"
    "http://www.w3.org/TR/xhtml1/DTD/xhtml1-transitional.dtd">
<html xmlns="http://www.w3.org/1999/xhtml" xml:lang="en" lang="en">
 <head>
  <title>
</title>
<meta http-equiv="Content-Type" content="text/html;charset=utf-8" />
  <meta name='ocr-system' content='tesseract 3.04.00' />
  <meta name='ocr-capabilities' content='ocr_page ocr_carea ocr_par ocr_line ocrx_word'/>
</head>
<body>
  <div class='ocr_page' id='page_1' title='image "./orationesrecogno01demouoft_0383.png"; bbox 0 0 1747 2844; ppageno 0'>
   <div class='ocr_carea' id='block_1_1' title="bbox 170 123 1635 181">
    <p class='ocr_par' dir='ltr' id='par_1_1' title="bbox 170 123 1635 181">
     <span class='ocr_line' id='line_1_1' title="bbox 170 123 1635 181; baseline 0.001 -17"><span class='ocrx_word' id='word_1_1' title='bbox 170 123 255 178; x_wconf 80' lang='lat' dir='ltr'>xxx]</span> <span class='ocrx_word' id='word_1_2' title='bbox 394 129 539 165; x_wconf 85' lang='grc' dir='ltr'>ΠΕΡΙ</span> <span class='ocrx_word' id='word_1_3' title='bbox 586 129 709 165; x_wconf 82' lang='grc' dir='ltr'>ΤΗΣ</span> <span class='ocrx_word' id='word_1_4' title='bbox 755 128 1270 165; x_wconf 80' lang='grc' dir='ltr'>ΠΑΡΑΠΡΕΣΒΕΙΑΣ</span> <span class='ocrx_word' id='word_1_5' title='bbox 1520 127 1635 181; x_wconf 80' lang='lat'>[398]</span> 
     </span>
    </p>
   </div>
   <div class='ocr_carea' id='block_1_2' title="bbox 98 230 1637 2277">
    <p class='ocr_par' dir='ltr' id='par_1_2' title="bbox 98 230 1637 2277">
     <span class='ocr_line' id='line_1_2' title="bbox 166 230 1637 288; baseline 0.001 -17"><span class='ocrx_word' id='word_1_6' title='bbox 166 230 349 284; x_wconf 87' lang='grc' dir='ltr'>χρήματα</span> <span class='ocrx_word' id='word_1_7' title='bbox 378 230 579 282; x_wconf 85' lang='grc' dir='ltr'>πάμπολλ’</span> <span class='ocrx_word' id='word_1_8' title='bbox 609 230 858 283; x_wconf 86' lang='grc' dir='ltr'>ὠφλήκασιν,</span> <span class='ocrx_word' id='word_1_9' title='bbox 889 230 934 271; x_wconf 87' lang='grc' dir='ltr'>οὐ</span> <span class='ocrx_word' id='word_1_10' title='bbox 965 230 1145 284; x_wconf 82' lang='grc' dir='ltr'>χαλεπὸν</span> <span class='ocrx_word' id='word_1_11' title='bbox 1178 230 1315 281; x_wconf 79' lang='grc' dir='ltr'>δεῖξαι,</span> <span class='ocrx_word' id='word_1_12' title='bbox 1347 231 1485 283; x_wconf 88' lang='grc' dir='ltr'>Ἐργό-</span> <span class='ocrx_word' id='word_1_13' title='bbox 1521 234 1637 288; x_wconf 87' lang='grc'>[398]</span> 
     </span>
     <span class='ocr_line' id='line_1_3' title="bbox 167 296 1487 350; baseline 0.001 -11"><span class='ocrx_word' id='word_1_14' title='bbox 167 303 299 349; x_wconf 88' lang='grc' dir='ltr'>φιλος,</span> <span class='ocrx_word' id='word_1_15' title='bbox 322 298 611 349; x_wconf 83' lang='grc' dir='ltr'>Κηφισόδοτος,</span> <span class='ocrx_word' id='word_1_16' title='bbox 631 298 874 350; x_wconf 75' lang='grc' dir='ltr'>Τιμόμαχος,</span> <span class='ocrx_word' id='word_1_17' title='bbox 896 296 940 336; x_wconf 89' lang='grc' dir='ltr'>τὸ</span> <span class='ocrx_word' id='word_1_18' title='bbox 960 297 1130 337; x_wconf 90' lang='grc' dir='ltr'>παλαιόν</span> <span class='ocrx_word' id='word_1_19' title='bbox 1150 296 1235 336; x_wconf 80' lang='grc' dir='ltr'>ποτ’</span> <span class='ocrx_word' id='word_1_20' title='bbox 1254 296 1487 349; x_wconf 85' lang='grc' dir='ltr'>Ἐργοκλῆς,</span> 
     </span>
     <span class='ocr_line' id='line_1_4' title="bbox 169 362 1488 415; baseline -0.002 -10"><span class='ocrx_word' id='word_1_21' title='bbox 169 364 393 410; x_wconf 85' lang='grc' dir='ltr'>Διονύσιος,</span> <span class='ocrx_word' id='word_1_22' title='bbox 420 363 551 411; x_wconf 82' lang='grc' dir='ltr'>ἄλλοι,</span> <span class='ocrx_word' id='word_1_23' title='bbox 579 363 645 406; x_wconf 79' lang='grc' dir='ltr'>οὓς</span> <span class='ocrx_word' id='word_1_24' title='bbox 669 364 807 415; x_wconf 84' lang='grc' dir='ltr'>ὀλίγου</span> <span class='ocrx_word' id='word_1_25' title='bbox 832 362 906 404; x_wconf 86' lang='grc' dir='ltr'>δέω</span> <span class='ocrx_word' id='word_1_26' title='bbox 933 363 1164 413; x_wconf 78' lang='grc' dir='ltr'>σύμπαντας</span> <span class='ocrx_word' id='word_1_27' title='bbox 1189 364 1312 405; x_wconf 88' lang='grc' dir='ltr'>εἰπεῖν</span> <span class='ocrx_word' id='word_1_28' title='bbox 1337 363 1488 404; x_wconf 84' lang='grc' dir='ltr'>ἐλάττω</span> 
     </span>
     <span class='ocr_line' id='line_1_5' title="bbox 166 428 1584 482; baseline 0.001 -12"><span class='ocrx_word' id='word_1_29' title='bbox 166 430 237 481; x_wconf 78' lang='grc' dir='ltr'>τὴν</span> <span class='ocrx_word' id='word_1_30' title='bbox 261 431 378 473; x_wconf 90' lang='grc' dir='ltr'>πόλιν</span> <span class='ocrx_word' id='word_1_31' title='bbox 402 429 662 482; x_wconf 87' lang='grc' dir='ltr'>βεβλαφέναι</span> <span class='ocrx_word' id='word_1_32' title='bbox 687 429 836 470; x_wconf 89' lang='grc' dir='ltr'>τούτου.</span> <span class='ocrx_word' id='word_1_33' title='bbox 890 428 981 470; x_wconf 84' lang='grc' dir='ltr'>ἀλλ’</span> <span class='ocrx_word' id='word_1_34' title='bbox 1002 429 1058 470; x_wconf 79' lang='grc' dir='ltr'>ἔτι</span> <span class='ocrx_word' id='word_1_35' title='bbox 1084 430 1159 481; x_wconf 78' lang='grc' dir='ltr'>γὰρ</span> <span class='ocrx_word' id='word_1_36' title='bbox 1182 429 1276 477; x_wconf 83' lang='grc' dir='ltr'>τότ’,</span> <span class='ocrx_word' id='word_1_37' title='bbox 1298 428 1327 470; x_wconf 73' lang='grc' dir='ltr'><em>ὦ</em></span> <span class='ocrx_word' id='word_1_38' title='bbox 1353 429 1489 482; x_wconf 83' lang='grc' dir='ltr'>ἄνδρες</span> <span class='ocrx_word' id='word_1_39' title='bbox 1523 440 1584 475; x_wconf 83' lang='lat'>181</span> 
     </span>
     <span class='ocr_line' id='line_1_6' title="bbox 128 494 1490 548; baseline -0.001 -10"><span class='ocrx_word' id='word_1_40' title='bbox 128 514 145 545; x_wconf 84' lang='lat'><em>5</em></span> <span class='ocrx_word' id='word_1_41' title='bbox 166 496 382 548; x_wconf 88' lang='grc' dir='ltr'>Ἀθηναῖοι,</span> <span class='ocrx_word' id='word_1_42' title='bbox 427 498 469 538; x_wconf 87' lang='grc' dir='ltr'>ἐκ</span> <span class='ocrx_word' id='word_1_43' title='bbox 509 499 707 548; x_wconf 83' lang='grc' dir='ltr'>λογισμοῦ</span> <span class='ocrx_word' id='word_1_44' title='bbox 748 497 796 535; x_wconf 83' lang='grc' dir='ltr'>τὰ</span> <span class='ocrx_word' id='word_1_45' title='bbox 838 494 931 536; x_wconf 87' lang='grc' dir='ltr'>δείν’</span> <span class='ocrx_word' id='word_1_46' title='bbox 973 494 1239 547; x_wconf 84' lang='grc' dir='ltr'>ἐφυλάττεσθ’</span> <span class='ocrx_word' id='word_1_47' title='bbox 1277 497 1385 547; x_wconf 86' lang='grc' dir='ltr'>ὑμεῖς</span> <span class='ocrx_word' id='word_1_48' title='bbox 1428 497 1490 537; x_wconf 84' lang='grc' dir='ltr'>καὶ</span> 
     </span>
     <span class='ocr_line' id='line_1_7' title="bbox 166 561 1490 620; baseline 0 -16"><span class='ocrx_word' id='word_1_49' title='bbox 166 565 432 616; x_wconf 82' lang='grc' dir='ltr'>προεωρᾶσθε·</span> <span class='ocrx_word' id='word_1_50' title='bbox 471 566 539 603; x_wconf 85' lang='grc' dir='ltr'>νῦν</span> <span class='ocrx_word' id='word_1_51' title='bbox 571 562 604 603; x_wconf 84' lang='grc' dir='ltr'>δ’</span> <span class='ocrx_word' id='word_1_52' title='bbox 633 563 655 602; x_wconf 86' lang='grc' dir='ltr'>ὅ</span> <span class='ocrx_word' id='word_1_53' title='bbox 683 579 722 602; x_wconf 85' lang='grc' dir='ltr'>τι</span> <span class='ocrx_word' id='word_1_54' title='bbox 750 561 798 603; x_wconf 80' lang='grc' dir='ltr'>ἂν</span> <span class='ocrx_word' id='word_1_55' title='bbox 830 561 880 613; x_wconf 79' lang='grc' dir='ltr'>μὴ</span> <span class='ocrx_word' id='word_1_56' title='bbox 919 561 1001 601; x_wconf 88' lang='grc' dir='ltr'>καθ’</span> <span class='ocrx_word' id='word_1_57' title='bbox 1031 561 1179 613; x_wconf 83' lang='grc' dir='ltr'>ἡμέραν</span> <span class='ocrx_word' id='word_1_58' title='bbox 1210 563 1308 613; x_wconf 81' lang='grc' dir='ltr'>ὑμᾶς</span> <span class='ocrx_word' id='word_1_59' title='bbox 1342 564 1490 620; x_wconf 80' lang='grc' dir='ltr'>ἐνοχλῇ</span> 
     </span>
     <span class='ocr_line' id='line_1_8' title="bbox 167 627 1487 685; baseline 0.002 -16"><span class='ocrx_word' id='word_1_60' title='bbox 167 630 228 671; x_wconf 84' lang='grc' dir='ltr'>καὶ</span> <span class='ocrx_word' id='word_1_61' title='bbox 257 628 381 681; x_wconf 86' lang='grc' dir='ltr'>παρὸν</span> <span class='ocrx_word' id='word_1_62' title='bbox 409 629 526 685; x_wconf 83' lang='grc' dir='ltr'>λυπῇ,</span> <span class='ocrx_word' id='word_1_63' title='bbox 557 631 765 681; x_wconf 78' lang='grc' dir='ltr'>παρορᾶτε,</span> <span class='ocrx_word' id='word_1_64' title='bbox 794 628 876 669; x_wconf 85' lang='grc' dir='ltr'>εἶτα</span> <span class='ocrx_word' id='word_1_65' title='bbox 904 627 974 678; x_wconf 79' lang='grc' dir='ltr'>τὴν</span> <span class='ocrx_word' id='word_1_66' title='bbox 1005 627 1138 670; x_wconf 80' lang='grc' dir='ltr'>ἄλλως</span> <span class='ocrx_word' id='word_1_67' title='bbox 1167 629 1333 670; x_wconf 89' lang='grc' dir='ltr'>ἐνταῦθα</span> <span class='ocrx_word' id='word_1_68' title='bbox 1356 631 1487 682; x_wconf 89' lang='grc' dir='ltr'>ψηφί-</span> 
     </span>
     <span class='ocr_line' id='line_1_9' title="bbox 166 693 1490 750; baseline 0.001 -14"><span class='ocrx_word' id='word_1_69' title='bbox 166 696 292 745; x_wconf 80' lang='grc' dir='ltr'>ζεσθε,</span> <span class='ocrx_word' id='word_1_70' title='bbox 338 698 348 713; x_wconf 87' lang='lat'><em>‘</em></span> <span class='ocrx_word' id='word_1_71' title='bbox 364 696 576 736; x_wconf 89' lang='grc' dir='ltr'>ἀποδοῦναι</span> <span class='ocrx_word' id='word_1_72' title='bbox 624 697 665 737; x_wconf 81' lang='grc' dir='ltr'>δὲ</span> <span class='ocrx_word' id='word_1_73' title='bbox 714 695 775 735; x_wconf 83' lang='grc' dir='ltr'>καὶ</span> <span class='ocrx_word' id='word_1_74' title='bbox 818 693 1110 750; x_wconf 78' lang='grc' dir='ltr'>Κερσοβλέπτῃ</span> <span class='ocrx_word' id='word_1_75' title='bbox 1153 696 1355 736; x_wconf 88' lang='grc' dir='ltr'>Φίλιππον</span> <span class='ocrx_word' id='word_1_76' title='bbox 1401 697 1490 738; x_wconf 87' lang='grc' dir='ltr'>τοὺς</span> 
     </span>
     <span class='ocr_line' id='line_1_10' title="bbox 164 760 1488 815; baseline 0.002 -14"><span class='ocrx_word' id='word_1_77' title='bbox 164 760 326 813; x_wconf 86' lang='grc' dir='ltr'>ὅρκους,’</span> <span class='ocrx_word' id='word_1_78' title='bbox 354 760 430 811; x_wconf 66' lang='grc' dir='ltr'>’μὴ</span> <span class='ocrx_word' id='word_1_79' title='bbox 456 761 640 815; x_wconf 84' lang='grc' dir='ltr'>μετέχειν</span> <span class='ocrx_word' id='word_1_80' title='bbox 665 763 706 802; x_wconf 80' lang='grc' dir='ltr'>δὲ</span> <span class='ocrx_word' id='word_1_81' title='bbox 731 765 809 801; x_wconf 87' lang='grc' dir='ltr'>τῶν</span> <span class='ocrx_word' id='word_1_82' title='bbox 835 763 877 801; x_wconf 90' lang='grc' dir='ltr'>ἐν</span> <span class='ocrx_word' id='word_1_83' title='bbox 902 760 1216 814; x_wconf 87' lang='grc' dir='ltr'>Ἀμφικτύοσιν,’</span> <span class='ocrx_word' id='word_1_84' title='bbox 1244 763 1488 814; x_wconf 66' lang='grc' dir='ltr'>’ἐπανορθώ-</span> 
     </span>
     <span class='ocr_line' id='line_1_11' title="bbox 109 826 1490 880; baseline 0.002 -15"><span class='ocrx_word' id='word_1_85' title='bbox 109 843 145 865; x_wconf 84' lang='grc' dir='ltr'>ιο</span> <span class='ocrx_word' id='word_1_86' title='bbox 165 830 315 868; x_wconf 90' lang='grc' dir='ltr'>σαο-θαι</span> <span class='ocrx_word' id='word_1_87' title='bbox 351 829 393 868; x_wconf 82' lang='grc' dir='ltr'>δὲ</span> <span class='ocrx_word' id='word_1_88' title='bbox 431 826 500 877; x_wconf 78' lang='grc' dir='ltr'>τὴν</span> <span class='ocrx_word' id='word_1_89' title='bbox 539 826 721 880; x_wconf 86' lang='grc' dir='ltr'>εἰρήνην.’</span> <span class='ocrx_word' id='word_1_90' title='bbox 793 828 917 868; x_wconf 89' lang='grc' dir='ltr'>καίτοι</span> <span class='ocrx_word' id='word_1_91' title='bbox 956 827 1101 867; x_wconf 89' lang='grc' dir='ltr'>τούτων</span> <span class='ocrx_word' id='word_1_92' title='bbox 1138 827 1294 870; x_wconf 82' lang='grc' dir='ltr'>οὐδενὸς</span> <span class='ocrx_word' id='word_1_93' title='bbox 1331 828 1378 869; x_wconf 82' lang='grc' dir='ltr'>ἂν</span> <span class='ocrx_word' id='word_1_94' title='bbox 1413 832 1490 869; x_wconf 87' lang='grc' dir='ltr'>τῶν</span> 
     </span>
     <span class='ocr_line' id='line_1_12' title="bbox 163 893 1491 946; baseline 0.002 -13"><span class='ocrx_word' id='word_1_95' title='bbox 163 893 441 946; x_wconf 78' lang='grc' dir='ltr'>ψηφισμάτων</span> <span class='ocrx_word' id='word_1_96' title='bbox 468 894 558 940; x_wconf 81' lang='grc' dir='ltr'>ἔδει,</span> <span class='ocrx_word' id='word_1_97' title='bbox 583 895 615 935; x_wconf 90' lang='grc' dir='ltr'>εἰ</span> <span class='ocrx_word' id='word_1_98' title='bbox 641 898 756 935; x_wconf 83' lang='grc' dir='ltr'>πλεῖν</span> <span class='ocrx_word' id='word_1_99' title='bbox 778 894 890 936; x_wconf 78' lang='grc' dir='ltr'>οὗτος</span> <span class='ocrx_word' id='word_1_100' title='bbox 914 893 1057 944; x_wconf 82' lang='grc' dir='ltr'>ἤθελεν</span> <span class='ocrx_word' id='word_1_101' title='bbox 1085 894 1145 934; x_wconf 85' lang='grc' dir='ltr'>καὶ</span> <span class='ocrx_word' id='word_1_102' title='bbox 1170 895 1219 933; x_wconf 83' lang='grc' dir='ltr'>τὰ</span> <span class='ocrx_word' id='word_1_103' title='bbox 1239 893 1491 946; x_wconf 88' lang='grc' dir='ltr'>προσήκοντα</span> 
     </span>
     <span class='ocr_line' id='line_1_13' title="bbox 165 959 1491 1012; baseline 0.002 -13"><span class='ocrx_word' id='word_1_104' title='bbox 165 964 303 1000; x_wconf 86' lang='grc' dir='ltr'>ποιεῖν·</span> <span class='ocrx_word' id='word_1_105' title='bbox 341 963 410 1001; x_wconf 86' lang='grc' dir='ltr'>νῦν</span> <span class='ocrx_word' id='word_1_106' title='bbox 435 959 467 1000; x_wconf 82' lang='grc' dir='ltr'>δ’</span> <span class='ocrx_word' id='word_1_107' title='bbox 495 961 520 1000; x_wconf 76' lang='grc' dir='ltr'>δι</span> <span class='ocrx_word' id='word_1_108' title='bbox 544 963 615 1011; x_wconf 82' lang='grc' dir='ltr'>μὲν</span> <span class='ocrx_word' id='word_1_109' title='bbox 642 960 689 1011; x_wconf 82' lang='grc' dir='ltr'>ἦν</span> <span class='ocrx_word' id='word_1_110' title='bbox 715 960 917 1001; x_wconf 86' lang='grc' dir='ltr'>πλεύσασι</span> <span class='ocrx_word' id='word_1_111' title='bbox 947 964 1090 1006; x_wconf 84' lang='grc' dir='ltr'>σῶσαι,</span> <span class='ocrx_word' id='word_1_112' title='bbox 1116 961 1294 1012; x_wconf 75' lang='grc' dir='ltr'>βαδίζειν</span> <span class='ocrx_word' id='word_1_113' title='bbox 1322 961 1491 1002; x_wconf 81' lang='grc' dir='ltr'>κελεύων</span> 
     </span>
     <span class='ocr_line' id='line_1_14' title="bbox 164 1026 1196 1078; baseline 0.001 -12"><span class='ocrx_word' id='word_1_114' title='bbox 164 1026 433 1072; x_wconf 85' lang='grc' dir='ltr'>ἀπολώλεκεν,</span> <span class='ocrx_word' id='word_1_115' title='bbox 461 1027 485 1067; x_wconf 75' lang='grc' dir='ltr'><strong><em>ἃ</em></strong></span> <span class='ocrx_word' id='word_1_116' title='bbox 510 1026 542 1067; x_wconf 87' lang='grc' dir='ltr'>δ’</span> <span class='ocrx_word' id='word_1_117' title='bbox 567 1028 724 1067; x_wconf 82' lang='grc' dir='ltr'>εἰποῦσι</span> <span class='ocrx_word' id='word_1_118' title='bbox 747 1028 913 1077; x_wconf 88' lang='grc' dir='ltr'>τάληθῆ,</span> <span class='ocrx_word' id='word_1_119' title='bbox 940 1028 1196 1078; x_wconf 87' lang='grc' dir='ltr'>ψευδόμενος.</span> 
     </span>
     <span class='ocr_line' id='line_1_15' title="bbox 232 1092 1586 1145; baseline 0.001 -13"><span class='ocrx_word' id='word_1_120' title='bbox 232 1092 524 1144; x_wconf 88' lang='grc' dir='ltr'>Ἀγανακτήσει</span> <span class='ocrx_word' id='word_1_121' title='bbox 544 1094 674 1134; x_wconf 87' lang='grc' dir='ltr'>τοίνυν</span> <span class='ocrx_word' id='word_1_122' title='bbox 694 1093 831 1133; x_wconf 81' lang='grc' dir='ltr'>αὐτίκα</span> <span class='ocrx_word' id='word_1_123' title='bbox 856 1092 901 1143; x_wconf 73' lang='grc' dir='ltr'>δὴ</span> <span class='ocrx_word' id='word_1_124' title='bbox 921 1092 1039 1144; x_wconf 89' lang='grc' dir='ltr'>μάλα,</span> <span class='ocrx_word' id='word_1_125' title='bbox 1063 1093 1113 1135; x_wconf 83' lang='grc' dir='ltr'>ὡς</span> <span class='ocrx_word' id='word_1_126' title='bbox 1134 1093 1211 1145; x_wconf 87' lang='grc' dir='ltr'>ἐγὼ</span> <span class='ocrx_word' id='word_1_127' title='bbox 1231 1093 1486 1144; x_wconf 84' lang='grc' dir='ltr'>πυνθάνομαι,</span> <span class='ocrx_word' id='word_1_128' title='bbox 1522 1102 1586 1135; x_wconf 85' lang='lat'>182</span> 
     </span>
     <span class='ocr_line' id='line_1_16' title="bbox 106 1158 1487 1214; baseline 0.002 -16"><span class='ocrx_word' id='word_1_129' title='bbox 106 1176 143 1208; x_wconf 89' lang='lat'>15</span> <span class='ocrx_word' id='word_1_130' title='bbox 165 1160 198 1199; x_wconf 84' lang='grc' dir='ltr'>εἰ</span> <span class='ocrx_word' id='word_1_131' title='bbox 228 1160 347 1209; x_wconf 82' lang='grc' dir='ltr'>μόνος</span> <span class='ocrx_word' id='word_1_132' title='bbox 376 1163 453 1200; x_wconf 87' lang='grc' dir='ltr'>τῶν</span> <span class='ocrx_word' id='word_1_133' title='bbox 479 1160 521 1200; x_wconf 90' lang='grc' dir='ltr'>ἐν</span> <span class='ocrx_word' id='word_1_134' title='bbox 546 1163 598 1214; x_wconf 79' lang='grc' dir='ltr'>τῷ</span> <span class='ocrx_word' id='word_1_135' title='bbox 630 1158 736 1214; x_wconf 80' lang='grc' dir='ltr'>δήμῳ</span> <span class='ocrx_word' id='word_1_136' title='bbox 766 1160 966 1211; x_wconf 88' lang='grc' dir='ltr'>λεγόντων</span> <span class='ocrx_word' id='word_1_137' title='bbox 990 1160 1122 1211; x_wconf 91' lang='grc' dir='ltr'>λόγων</span> <span class='ocrx_word' id='word_1_138' title='bbox 1147 1159 1307 1202; x_wconf 84' lang='grc' dir='ltr'>εὐθύνας</span> <span class='ocrx_word' id='word_1_139' title='bbox 1338 1159 1487 1211; x_wconf 82' lang='grc' dir='ltr'>ὑφέξει.</span> 
     </span>
     <span class='ocr_line' id='line_1_17' title="bbox 164 1224 1485 1280; baseline 0.002 -16"><span class='ocrx_word' id='word_1_140' title='bbox 164 1225 242 1277; x_wconf 88' lang='grc' dir='ltr'>ἐγὼ</span> <span class='ocrx_word' id='word_1_141' title='bbox 263 1224 295 1265; x_wconf 86' lang='grc' dir='ltr'>δ’</span> <span class='ocrx_word' id='word_1_142' title='bbox 317 1227 376 1266; x_wconf 88' lang='grc' dir='ltr'>ὅτι</span> <span class='ocrx_word' id='word_1_143' title='bbox 400 1228 472 1276; x_wconf 79' lang='grc' dir='ltr'>μὲν</span> <span class='ocrx_word' id='word_1_144' title='bbox 492 1225 636 1268; x_wconf 85' lang='grc' dir='ltr'>πάντες</span> <span class='ocrx_word' id='word_1_145' title='bbox 655 1225 703 1266; x_wconf 81' lang='grc' dir='ltr'>ἂν</span> <span class='ocrx_word' id='word_1_146' title='bbox 724 1226 881 1267; x_wconf 81' lang='grc' dir='ltr'>εἰκότως</span> <span class='ocrx_word' id='word_1_147' title='bbox 900 1227 954 1266; x_wconf 79' lang='grc' dir='ltr'>ὧν</span> <span class='ocrx_word' id='word_1_148' title='bbox 971 1225 1139 1278; x_wconf 89' lang='grc' dir='ltr'>λέγουσι</span> <span class='ocrx_word' id='word_1_149' title='bbox 1159 1227 1268 1276; x_wconf 85' lang='grc' dir='ltr'>δίκην</span> <span class='ocrx_word' id='word_1_150' title='bbox 1288 1225 1485 1280; x_wconf 85' lang='grc' dir='ltr'>ὑπέχοιεν,</span> 
     </span>
     <span class='ocr_line' id='line_1_18' title="bbox 163 1291 1486 1347; baseline 0 -15"><span class='ocrx_word' id='word_1_151' title='bbox 163 1293 272 1343; x_wconf 83' lang='grc' dir='ltr'>εἴπερ</span> <span class='ocrx_word' id='word_1_152' title='bbox 298 1291 358 1333; x_wconf 88' lang='grc' dir='ltr'>ἐπ’</span> <span class='ocrx_word' id='word_1_153' title='bbox 383 1292 551 1347; x_wconf 80' lang='grc' dir='ltr'>ἀργυρίῳ</span> <span class='ocrx_word' id='word_1_154' title='bbox 577 1309 614 1333; x_wconf 89' lang='grc' dir='ltr'>τι</span> <span class='ocrx_word' id='word_1_155' title='bbox 637 1292 807 1345; x_wconf 88' lang='grc' dir='ltr'>λέγοιεν,</span> <span class='ocrx_word' id='word_1_156' title='bbox 834 1293 1084 1345; x_wconf 82' lang='grc' dir='ltr'>παραλείψω,</span> <span class='ocrx_word' id='word_1_157' title='bbox 1106 1292 1342 1333; x_wconf 82' lang='grc' dir='ltr'>ἀλλ’ἐκεῖνο</span> <span class='ocrx_word' id='word_1_158' title='bbox 1366 1292 1486 1344; x_wconf 91' lang='grc' dir='ltr'>λέγω·</span> 
     </span>
     <span class='ocr_line' id='line_1_19' title="bbox 163 1357 1487 1412; baseline 0.001 -14"><span class='ocrx_word' id='word_1_159' title='bbox 163 1359 196 1398; x_wconf 88' lang='grc' dir='ltr'>εἰ</span> <span class='ocrx_word' id='word_1_160' title='bbox 220 1360 294 1409; x_wconf 87' lang='grc' dir='ltr'>μὲν</span> <span class='ocrx_word' id='word_1_161' title='bbox 319 1359 516 1412; x_wconf 83' lang='grc' dir='ltr'>Αἰσχίνης</span> <span class='ocrx_word' id='word_1_162' title='bbox 543 1360 696 1410; x_wconf 83' lang='grc' dir='ltr'>ἰδιώτης</span> <span class='ocrx_word' id='word_1_163' title='bbox 727 1358 779 1399; x_wconf 79' lang='grc' dir='ltr'>ὢν</span> <span class='ocrx_word' id='word_1_164' title='bbox 806 1357 1033 1410; x_wconf 85' lang='grc' dir='ltr'>ἀπελήρησέ</span> <span class='ocrx_word' id='word_1_165' title='bbox 1057 1376 1094 1399; x_wconf 92' lang='grc' dir='ltr'>τι</span> <span class='ocrx_word' id='word_1_166' title='bbox 1121 1360 1182 1399; x_wconf 86' lang='grc' dir='ltr'>καὶ</span> <span class='ocrx_word' id='word_1_167' title='bbox 1210 1358 1408 1411; x_wconf 87' lang='grc' dir='ltr'>διήμαρτε,</span> <span class='ocrx_word' id='word_1_168' title='bbox 1436 1359 1487 1410; x_wconf 76' lang='grc' dir='ltr'>μὴ</span> 
     </span>
     <span class='ocr_line' id='line_1_20' title="bbox 163 1424 1489 1479; baseline 0.002 -15"><span class='ocrx_word' id='word_1_169' title='bbox 163 1424 308 1476; x_wconf 89' lang='grc' dir='ltr'>σφόδρ’</span> <span class='ocrx_word' id='word_1_170' title='bbox 334 1425 728 1478; x_wconf 83' lang='grc' dir='ltr'>ἀκριβολογήσησθε,</span> <span class='ocrx_word' id='word_1_171' title='bbox 760 1425 918 1472; x_wconf 86' lang='grc' dir='ltr'>ἐάσατε,</span> <span class='ocrx_word' id='word_1_172' title='bbox 952 1426 1190 1477; x_wconf 86' lang='grc' dir='ltr'>συγγνώμην</span> <span class='ocrx_word' id='word_1_173' title='bbox 1220 1425 1344 1479; x_wconf 77' lang='grc' dir='ltr'>ἔχετε·</span> <span class='ocrx_word' id='word_1_174' title='bbox 1383 1427 1415 1466; x_wconf 88' lang='grc' dir='ltr'>εἰ</span> <span class='ocrx_word' id='word_1_175' title='bbox 1448 1427 1489 1466; x_wconf 82' lang='grc' dir='ltr'>δὲ</span> 
     </span>
     <span class='ocr_line' id='line_1_21' title="bbox 104 1491 1488 1546; baseline 0.004 -18"><span class='ocrx_word' id='word_1_176' title='bbox 104 1507 142 1529; x_wconf 89' lang='lat'>20</span> <span class='ocrx_word' id='word_1_177' title='bbox 162 1491 412 1543; x_wconf 84' lang='grc' dir='ltr'>πρεσβευτὴς</span> <span class='ocrx_word' id='word_1_178' title='bbox 437 1491 490 1533; x_wconf 84' lang='grc' dir='ltr'>ὢν</span> <span class='ocrx_word' id='word_1_179' title='bbox 515 1493 579 1533; x_wconf 88' lang='grc' dir='ltr'>ἐπὶ</span> <span class='ocrx_word' id='word_1_180' title='bbox 603 1491 803 1546; x_wconf 85' lang='grc' dir='ltr'>χρήμασιν</span> <span class='ocrx_word' id='word_1_181' title='bbox 830 1493 1007 1542; x_wconf 87' lang='grc' dir='ltr'>ἐπίτηδες</span> <span class='ocrx_word' id='word_1_182' title='bbox 1032 1491 1275 1542; x_wconf 82' lang='grc' dir='ltr'>ἐξηπάτηκεν</span> <span class='ocrx_word' id='word_1_183' title='bbox 1299 1493 1409 1542; x_wconf 77' lang='grc' dir='ltr'>ὑμᾶς,</span> <span class='ocrx_word' id='word_1_184' title='bbox 1436 1491 1488 1543; x_wconf 80' lang='grc' dir='ltr'>μὴ</span> 
     </span>
     <span class='ocr_line' id='line_1_22' title="bbox 162 1557 1488 1612; baseline 0.001 -15"><span class='ocrx_word' id='word_1_185' title='bbox 162 1557 302 1609; x_wconf 90' lang='grc' dir='ltr'>ἀφῆτε,</span> <span class='ocrx_word' id='word_1_186' title='bbox 329 1558 418 1609; x_wconf 84' lang='grc' dir='ltr'>μηδ’</span> <span class='ocrx_word' id='word_1_187' title='bbox 446 1558 672 1612; x_wconf 84' lang='grc' dir='ltr'>ἀνάσχησθ’</span> <span class='ocrx_word' id='word_1_188' title='bbox 699 1558 749 1600; x_wconf 80' lang='grc' dir='ltr'>ὡς</span> <span class='ocrx_word' id='word_1_189' title='bbox 774 1559 819 1600; x_wconf 84' lang='grc' dir='ltr'>οὐ</span> <span class='ocrx_word' id='word_1_190' title='bbox 849 1561 909 1599; x_wconf 90' lang='grc' dir='ltr'>δεῖ</span> <span class='ocrx_word' id='word_1_191' title='bbox 935 1558 1045 1608; x_wconf 91' lang='grc' dir='ltr'>δίκην</span> <span class='ocrx_word' id='word_1_192' title='bbox 1069 1559 1123 1598; x_wconf 82' lang='grc' dir='ltr'>ὧν</span> <span class='ocrx_word' id='word_1_193' title='bbox 1148 1558 1257 1599; x_wconf 76' lang='grc' dir='ltr'>εἶπεν</span> <span class='ocrx_word' id='word_1_194' title='bbox 1281 1559 1488 1611; x_wconf 88' lang='grc' dir='ltr'>ὑποσχεῖν.</span> 
     </span>
     <span class='ocr_line' id='line_1_23' title="bbox 161 1621 1586 1677; baseline 0.001 -14"><span class='ocrx_word' id='word_1_195' title='bbox 161 1624 267 1667; x_wconf 91' lang='grc' dir='ltr'>τίνος</span> <span class='ocrx_word' id='word_1_196' title='bbox 297 1626 372 1677; x_wconf 76' lang='grc' dir='ltr'>γὰρ</span> <span class='ocrx_word' id='word_1_197' title='bbox 402 1625 527 1666; x_wconf 81' lang='grc' dir='ltr'>ἄλλου</span> <span class='ocrx_word' id='word_1_198' title='bbox 559 1628 619 1666; x_wconf 87' lang='grc' dir='ltr'>δεῖ</span> <span class='ocrx_word' id='word_1_199' title='bbox 650 1627 760 1676; x_wconf 90' lang='grc' dir='ltr'>δίκην</span> <span class='ocrx_word' id='word_1_200' title='bbox 793 1627 898 1677; x_wconf 79' lang='grc' dir='ltr'>παρὰ</span> <span class='ocrx_word' id='word_1_201' title='bbox 931 1624 1144 1677; x_wconf 86' lang='grc' dir='ltr'>πρέσβεων</span> <span class='ocrx_word' id='word_1_202' title='bbox 1173 1621 1197 1675; x_wconf 75' lang='grc' dir='ltr'>ἢ</span> <span class='ocrx_word' id='word_1_203' title='bbox 1226 1625 1360 1677; x_wconf 90' lang='grc' dir='ltr'>λόγων</span> <span class='ocrx_word' id='word_1_204' title='bbox 1387 1630 1487 1677; x_wconf 91' lang='grc' dir='ltr'>λαμ-</span> <span class='ocrx_word' id='word_1_205' title='bbox 1524 1630 1586 1673; x_wconf 82' lang='grc'>183</span> 
     </span>
     <span class='ocr_line' id='line_1_24' title="bbox 161 1690 1490 1744; baseline 0 -13"><span class='ocrx_word' id='word_1_206' title='bbox 161 1690 320 1741; x_wconf 88' lang='grc' dir='ltr'>βάνειν,·</span> <span class='ocrx_word' id='word_1_207' title='bbox 360 1692 439 1733; x_wconf 87' lang='grc' dir='ltr'>εἰσὶ</span> <span class='ocrx_word' id='word_1_208' title='bbox 468 1694 543 1744; x_wconf 81' lang='grc' dir='ltr'>γὰρ</span> <span class='ocrx_word' id='word_1_209' title='bbox 574 1694 609 1733; x_wconf 85' lang='grc' dir='ltr'>οἱ</span> <span class='ocrx_word' id='word_1_210' title='bbox 640 1692 835 1744; x_wconf 87' lang='grc' dir='ltr'>πρέσβεις</span> <span class='ocrx_word' id='word_1_211' title='bbox 866 1693 910 1732; x_wconf 86' lang='grc' dir='ltr'>οὐ</span> <span class='ocrx_word' id='word_1_212' title='bbox 939 1690 1104 1744; x_wconf 85' lang='grc' dir='ltr'>τριήρων</span> <span class='ocrx_word' id='word_1_213' title='bbox 1135 1692 1222 1733; x_wconf 80' lang='grc' dir='ltr'>οὐδὲ</span> <span class='ocrx_word' id='word_1_214' title='bbox 1250 1692 1381 1732; x_wconf 91' lang='grc' dir='ltr'>τόπων</span> <span class='ocrx_word' id='word_1_215' title='bbox 1412 1691 1490 1732; x_wconf 84' lang='grc' dir='ltr'>οὐδ’</span> 
     </span>
     <span class='ocr_line' id='line_1_25' title="bbox 162 1757 1490 1811; baseline 0.002 -15"><span class='ocrx_word' id='word_1_216' title='bbox 162 1757 335 1799; x_wconf 80' lang='grc' dir='ltr'>ὁπλιτῶν</span> <span class='ocrx_word' id='word_1_217' title='bbox 360 1758 440 1798; x_wconf 85' lang='grc' dir='ltr'>οὐδ’</span> <span class='ocrx_word' id='word_1_218' title='bbox 467 1759 722 1810; x_wconf 84' lang='grc' dir='ltr'>ἀκροπόλεων</span> <span class='ocrx_word' id='word_1_219' title='bbox 752 1759 875 1811; x_wconf 90' lang='grc' dir='ltr'>κύριοι</span> <span class='ocrx_word' id='word_1_220' title='bbox 893 1757 1035 1810; x_wconf 82' lang='grc' dir='ltr'>(οὐδεὶς</span> <span class='ocrx_word' id='word_1_221' title='bbox 1060 1760 1134 1811; x_wconf 79' lang='grc' dir='ltr'>γὰρ</span> <span class='ocrx_word' id='word_1_222' title='bbox 1160 1757 1361 1810; x_wconf 85' lang='grc' dir='ltr'>πρέσβεσι</span> <span class='ocrx_word' id='word_1_223' title='bbox 1385 1757 1490 1799; x_wconf 81' lang='grc' dir='ltr'>ταῦτ’</span> 
     </span>
     <span class='ocr_line' id='line_1_26' title="bbox 103 1823 1488 1879; baseline 0.002 -16"><span class='ocrx_word' id='word_1_224' title='bbox 103 1839 140 1872; x_wconf 85' lang='lat'>25</span> <span class='ocrx_word' id='word_1_225' title='bbox 162 1823 395 1877; x_wconf 77' lang='grc' dir='ltr'>ἐγχειρίζει),</span> <span class='ocrx_word' id='word_1_226' title='bbox 415 1825 521 1865; x_wconf 85' lang='grc' dir='ltr'>ἀλλὰ</span> <span class='ocrx_word' id='word_1_227' title='bbox 536 1826 669 1877; x_wconf 90' lang='grc' dir='ltr'>λόγων</span> <span class='ocrx_word' id='word_1_228' title='bbox 691 1826 752 1866; x_wconf 88' lang='grc' dir='ltr'>καὶ</span> <span class='ocrx_word' id='word_1_229' title='bbox 769 1826 936 1879; x_wconf 92' lang='grc' dir='ltr'>χρόνων.</span> <span class='ocrx_word' id='word_1_230' title='bbox 986 1825 1076 1867; x_wconf 85' lang='grc' dir='ltr'>τοὺς</span> <span class='ocrx_word' id='word_1_231' title='bbox 1091 1827 1162 1876; x_wconf 82' lang='grc' dir='ltr'>μὲν</span> <span class='ocrx_word' id='word_1_232' title='bbox 1178 1826 1307 1866; x_wconf 88' lang='grc' dir='ltr'>τοίνυν</span> <span class='ocrx_word' id='word_1_233' title='bbox 1322 1826 1488 1877; x_wconf 91' lang='grc' dir='ltr'>χρόνους</span> 
     </span>
     <span class='ocr_line' id='line_1_27' title="bbox 162 1890 1637 1945; baseline 0.001 -15"><span class='ocrx_word' id='word_1_234' title='bbox 162 1891 195 1931; x_wconf 88' lang='grc' dir='ltr'>εἰ</span> <span class='ocrx_word' id='word_1_235' title='bbox 223 1893 294 1942; x_wconf 87' lang='grc' dir='ltr'>μὲν</span> <span class='ocrx_word' id='word_1_236' title='bbox 323 1890 375 1942; x_wconf 79' lang='grc' dir='ltr'>μὴ</span> <span class='ocrx_word' id='word_1_237' title='bbox 406 1896 615 1943; x_wconf 88' lang='grc' dir='ltr'>προανεῖλε</span> <span class='ocrx_word' id='word_1_238' title='bbox 644 1895 712 1943; x_wconf 87' lang='grc' dir='ltr'>τῆς</span> <span class='ocrx_word' id='word_1_239' title='bbox 745 1893 909 1940; x_wconf 91' lang='grc' dir='ltr'>πόλεως,</span> <span class='ocrx_word' id='word_1_240' title='bbox 938 1891 1006 1933; x_wconf 82' lang='grc' dir='ltr'>οὐκ</span> <span class='ocrx_word' id='word_1_241' title='bbox 1034 1893 1170 1938; x_wconf 87' lang='grc' dir='ltr'>ἀδικεῖ,</span> <span class='ocrx_word' id='word_1_242' title='bbox 1198 1892 1231 1933; x_wconf 82' lang='grc' dir='ltr'>εἰ</span> <span class='ocrx_word' id='word_1_243' title='bbox 1261 1891 1292 1931; x_wconf 84' lang='grc' dir='ltr'>δ’</span> <span class='ocrx_word' id='word_1_244' title='bbox 1313 1892 1482 1938; x_wconf 82' lang='grc' dir='ltr'>ἀνεῖλεν,</span> <span class='ocrx_word' id='word_1_245' title='bbox 1516 1890 1637 1945; x_wconf 86' lang='grc'>[399]</span> 
     </span>
     <span class='ocr_line' id='line_1_28' title="bbox 160 1955 1485 2011; baseline 0.002 -15"><span class='ocrx_word' id='word_1_246' title='bbox 160 1956 330 2007; x_wconf 89' lang='grc' dir='ltr'>ἠδίκηκε·</span> <span class='ocrx_word' id='word_1_247' title='bbox 384 1957 473 2000; x_wconf 84' lang='grc' dir='ltr'>τοὺς</span> <span class='ocrx_word' id='word_1_248' title='bbox 515 1961 557 1999; x_wconf 83' lang='grc' dir='ltr'>δὲ</span> <span class='ocrx_word' id='word_1_249' title='bbox 597 1959 741 2011; x_wconf 88' lang='grc' dir='ltr'>λόγους</span> <span class='ocrx_word' id='word_1_250' title='bbox 787 1961 820 2000; x_wconf 85' lang='grc' dir='ltr'>εἰ</span> <span class='ocrx_word' id='word_1_251' title='bbox 861 1961 933 2011; x_wconf 80' lang='grc' dir='ltr'>μὲν</span> <span class='ocrx_word' id='word_1_252' title='bbox 973 1960 1133 2009; x_wconf 89' lang='grc' dir='ltr'>ἀληθεῖς</span> <span class='ocrx_word' id='word_1_253' title='bbox 1173 1957 1424 2010; x_wconf 82' lang='grc' dir='ltr'>ἀπήγγελκεν</span> <span class='ocrx_word' id='word_1_254' title='bbox 1462 1955 1485 2008; x_wconf 80' lang='grc' dir='ltr'>ἢ</span> 
     </span>
     <span class='ocr_line' id='line_1_29' title="bbox 161 2023 1485 2078; baseline 0.001 -15"><span class='ocrx_word' id='word_1_255' title='bbox 161 2023 450 2076; x_wconf 87' lang='grc' dir='ltr'>συμφέροντας,</span> <span class='ocrx_word' id='word_1_256' title='bbox 473 2024 743 2077; x_wconf 84' lang='grc' dir='ltr'>ἀποφευγέτω,</span> <span class='ocrx_word' id='word_1_257' title='bbox 775 2027 808 2067; x_wconf 89' lang='grc' dir='ltr'>εἰ</span> <span class='ocrx_word' id='word_1_258' title='bbox 833 2028 874 2067; x_wconf 79' lang='grc' dir='ltr'>δὲ</span> <span class='ocrx_word' id='word_1_259' title='bbox 902 2026 963 2066; x_wconf 88' lang='grc' dir='ltr'>καὶ</span> <span class='ocrx_word' id='word_1_260' title='bbox 982 2029 1143 2078; x_wconf 79' lang='grc' dir='ltr'>ψευδεῖς</span> <span class='ocrx_word' id='word_1_261' title='bbox 1169 2025 1230 2066; x_wconf 90' lang='grc' dir='ltr'>καὶ</span> <span class='ocrx_word' id='word_1_262' title='bbox 1255 2027 1398 2076; x_wconf 86' lang='grc' dir='ltr'>μισθοῦ</span> <span class='ocrx_word' id='word_1_263' title='bbox 1425 2026 1485 2065; x_wconf 85' lang='grc' dir='ltr'>καὶ</span> 
     </span>
     <span class='ocr_line' id='line_1_30' title="bbox 159 2090 1584 2144; baseline 0.003 -15"><span class='ocrx_word' id='word_1_264' title='bbox 159 2090 426 2143; x_wconf 83' lang='grc' dir='ltr'>ἀσυμφόρους,</span> <span class='ocrx_word' id='word_1_265' title='bbox 445 2091 685 2133; x_wconf 81' lang='grc' dir='ltr'>ἁλισκέσθω.</span> <span class='ocrx_word' id='word_1_266' title='bbox 747 2091 858 2133; x_wconf 78' lang='grc' dir='ltr'>οὐδὲν</span> <span class='ocrx_word' id='word_1_267' title='bbox 878 2094 952 2144; x_wconf 82' lang='grc' dir='ltr'>γὰρ</span> <span class='ocrx_word' id='word_1_268' title='bbox 974 2092 1058 2133; x_wconf 83' lang='grc' dir='ltr'>ἔσθ’</span> <span class='ocrx_word' id='word_1_269' title='bbox 1075 2093 1097 2132; x_wconf 86' lang='grc' dir='ltr'>ὅ</span> <span class='ocrx_word' id='word_1_270' title='bbox 1115 2109 1152 2132; x_wconf 91' lang='grc' dir='ltr'>τι</span> <span class='ocrx_word' id='word_1_271' title='bbox 1170 2092 1302 2142; x_wconf 76' lang='grc' dir='ltr'>μεῖζον</span> <span class='ocrx_word' id='word_1_272' title='bbox 1322 2091 1369 2132; x_wconf 79' lang='grc' dir='ltr'>ἂν</span> <span class='ocrx_word' id='word_1_273' title='bbox 1389 2092 1486 2141; x_wconf 82' lang='grc' dir='ltr'>ὑμᾶς</span> <span class='ocrx_word' id='word_1_274' title='bbox 1520 2099 1584 2141; x_wconf 87' lang='lat'>184</span> 
     </span>
     <span class='ocr_line' id='line_1_31' title="bbox 98 2155 1486 2211; baseline 0.004 -16"><span class='ocrx_word' id='word_1_275' title='bbox 98 2171 139 2202; x_wconf 79' lang='lat'>30</span> <span class='ocrx_word' id='word_1_276' title='bbox 158 2155 359 2206; x_wconf 85' lang='grc' dir='ltr'>ἀδικήσειέ</span> <span class='ocrx_word' id='word_1_277' title='bbox 391 2174 448 2199; x_wconf 89' lang='grc' dir='ltr'>τις</span> <span class='ocrx_word' id='word_1_278' title='bbox 481 2155 502 2208; x_wconf 78' lang='grc' dir='ltr'>ἢ</span> <span class='ocrx_word' id='word_1_279' title='bbox 532 2160 659 2210; x_wconf 88' lang='grc' dir='ltr'>ψευδῆ</span> <span class='ocrx_word' id='word_1_280' title='bbox 693 2157 836 2210; x_wconf 89' lang='grc' dir='ltr'>λέγων.</span> <span class='ocrx_word' id='word_1_281' title='bbox 909 2160 966 2202; x_wconf 81' lang='grc' dir='ltr'>οἷς</span> <span class='ocrx_word' id='word_1_282' title='bbox 1002 2158 1075 2210; x_wconf 86' lang='grc' dir='ltr'>γάρ</span> <span class='ocrx_word' id='word_1_283' title='bbox 1107 2158 1191 2199; x_wconf 87' lang='grc' dir='ltr'>ἐστ’</span> <span class='ocrx_word' id='word_1_284' title='bbox 1223 2160 1264 2199; x_wconf 88' lang='grc' dir='ltr'>ἐν</span> <span class='ocrx_word' id='word_1_285' title='bbox 1298 2159 1432 2211; x_wconf 88' lang='grc' dir='ltr'>λόγοις</span> <span class='ocrx_word' id='word_1_286' title='bbox 1464 2157 1486 2209; x_wconf 85' lang='grc' dir='ltr'>ἡ</span> 
     </span>
     <span class='ocr_line' id='line_1_32' title="bbox 160 2223 1486 2277; baseline 0.002 -15"><span class='ocrx_word' id='word_1_287' title='bbox 160 2225 351 2270; x_wconf 87' lang='grc' dir='ltr'>πολιτεία,</span> <span class='ocrx_word' id='word_1_288' title='bbox 391 2228 483 2271; x_wconf 87' lang='grc' dir='ltr'>πῶς,</span> <span class='ocrx_word' id='word_1_289' title='bbox 521 2224 570 2265; x_wconf 80' lang='grc' dir='ltr'>ἂν</span> <span class='ocrx_word' id='word_1_290' title='bbox 605 2224 711 2264; x_wconf 85' lang='grc' dir='ltr'>οὗτοι</span> <span class='ocrx_word' id='word_1_291' title='bbox 745 2224 796 2275; x_wconf 80' lang='grc' dir='ltr'>μὴ</span> <span class='ocrx_word' id='word_1_292' title='bbox 823 2225 983 2275; x_wconf 88' lang='grc' dir='ltr'>ἀληθεῖς</span> <span class='ocrx_word' id='word_1_293' title='bbox 1020 2223 1132 2270; x_wconf 73' lang='grc' dir='ltr'>ὦσιν,</span> <span class='ocrx_word' id='word_1_294' title='bbox 1166 2225 1363 2277; x_wconf 83' lang='grc' dir='ltr'>ἀσφαλῶς</span> <span class='ocrx_word' id='word_1_295' title='bbox 1400 2226 1486 2266; x_wconf 82' lang='grc' dir='ltr'>ἔστι</span> 
     </span>
    </p>
   </div>
   <div class='ocr_carea' id='block_1_3' title="bbox 158 2333 1483 2417">
    <p class='ocr_par' dir='ltr' id='par_1_3' title="bbox 158 2333 1483 2417">
     <span class='ocr_line' id='line_1_33' title="bbox 206 2333 1483 2374; baseline 0.002 -10"><span class='ocrx_word' id='word_1_296' title='bbox 206 2341 245 2372; x_wconf 85' lang='lat'>19</span> <span class='ocrx_word' id='word_1_297' title='bbox 269 2334 571 2374; x_wconf 80' lang='grc' dir='ltr'>ἀκριβολογήσησθε</span> <span class='ocrx_word' id='word_1_298' title='bbox 590 2333 676 2371; x_wconf 79' lang='lat' dir='ltr'>vulg.</span> <span class='ocrx_word' id='word_1_299' title='bbox 693 2344 698 2363; x_wconf 90' lang='lat'>:</span> <span class='ocrx_word' id='word_1_300' title='bbox 725 2334 860 2374; x_wconf 82' lang='grc' dir='ltr'>ἀκριβως</span> <span class='ocrx_word' id='word_1_301' title='bbox 878 2338 1057 2374; x_wconf 77' lang='grc' dir='ltr'>λογισησθε</span> <span class='ocrx_word' id='word_1_302' title='bbox 1076 2335 1099 2364; x_wconf 74' lang='lat' dir='ltr'>S</span> <span class='ocrx_word' id='word_1_303' title='bbox 1115 2333 1138 2363; x_wconf 91' lang='lat' dir='ltr'>L</span> <span class='ocrx_word' id='word_1_304' title='bbox 1151 2333 1182 2364; x_wconf 86' lang='lat' dir='ltr'><strong>A</strong></span> <span class='ocrx_word' id='word_1_305' title='bbox 1195 2333 1224 2364; x_wconf 89' lang='lat' dir='ltr'>Y</span> <span class='ocrx_word' id='word_1_306' title='bbox 1353 2344 1394 2365; x_wconf 88' lang='lat'>20</span> <span class='ocrx_word' id='word_1_307' title='bbox 1420 2334 1483 2367; x_wconf 82' lang='grc' dir='ltr'>ἐπί·</span> 
     </span>
     <span class='ocr_line' id='line_1_34' title="bbox 158 2376 1213 2417; baseline 0 -9"><span class='ocrx_word' id='word_1_308' title='bbox 158 2378 251 2413; x_wconf 84' lang='grc' dir='ltr'>τηδες</span> <span class='ocrx_word' id='word_1_309' title='bbox 269 2376 293 2407; x_wconf 84' lang='lat' dir='ltr'>S</span> <span class='ocrx_word' id='word_1_310' title='bbox 306 2376 356 2406; x_wconf 88' lang='lat' dir='ltr'>A:</span> <span class='ocrx_word' id='word_1_311' title='bbox 384 2377 564 2417; x_wconf 77' lang='grc' dir='ltr'>ἐξεπίτηδες</span> <span class='ocrx_word' id='word_1_312' title='bbox 583 2376 608 2406; x_wconf 95' lang='lat' dir='ltr'>L</span> <span class='ocrx_word' id='word_1_313' title='bbox 626 2376 714 2415; x_wconf 82' lang='lat' dir='ltr'>vulg.</span> <span class='ocrx_word' id='word_1_314' title='bbox 849 2387 891 2416; x_wconf 85' lang='lat'>29</span> <span class='ocrx_word' id='word_1_315' title='bbox 915 2378 953 2409; x_wconf 78' lang='grc' dir='ltr'>ἂν</span> <span class='ocrx_word' id='word_1_316' title='bbox 970 2379 1045 2416; x_wconf 79' lang='grc' dir='ltr'>ὑμᾶς</span> <span class='ocrx_word' id='word_1_317' title='bbox 1063 2387 1125 2408; x_wconf 86' lang='lat' dir='ltr'>om.</span> <span class='ocrx_word' id='word_1_318' title='bbox 1148 2377 1171 2408; x_wconf 84' lang='lat' dir='ltr'>S</span> <span class='ocrx_word' id='word_1_319' title='bbox 1184 2377 1213 2408; x_wconf 89' lang='lat' dir='ltr'>Y</span> 
     </span>
    </p>
   </div>
   <div class='ocr_carea' id='block_1_4' title="bbox 202 2435 1351 2469">
    <p class='ocr_par' dir='ltr' id='par_1_4' title="bbox 202 2435 1351 2469">
     <span class='ocr_line' id='line_1_35' title="bbox 202 2435 1351 2469; baseline 0.007 -10"><span class='ocrx_word' id='word_1_320' title='bbox 202 2439 387 2469; x_wconf 59' lang='lat' dir='ltr'>Demos-ru„</span> <span class='ocrx_word' id='word_1_321' title='bbox 399 2439 477 2462; x_wconf 83' lang='lat' dir='ltr'>vo1..</span> <span class='ocrx_word' id='word_1_322' title='bbox 498 2438 519 2461; x_wconf 77' lang='grc' dir='ltr'>ι.</span> <span class='ocrx_word' id='word_1_323' title='bbox 1313 2435 1351 2467; x_wconf 83' lang='grc'>25</span> 
     </span>
    </p>
   </div>
  </div>
 </body>
</html>
