1747 2844
189 126 308 180 xvm]
494 131 638 169 ΠΕΡΙ
686 131 807 169 ΤΟὙ
854 131 1185 169 ΣΤΕΦΑΝΟΎ
1546 135 1660 190 [326]

187 237 357 280 σκευαῖς,
379 234 470 275 ἀλλ’
491 236 527 276 οἱ
551 238 629 276 τῶν
649 233 868 287 συμμάχων
888 234 1103 286 στρατηγοὶ
1131 234 1192 274 καὶ
1212 236 1250 275 αἱ
1269 235 1448 286 δυνάμεις
1467 243 1515 294 τῇ

186 301 300 357 τύχῃ.
370 303 474 344 τίνες
504 303 542 343 αἱ
572 301 720 342 τούτων
750 300 988 352 ἀποδείξεις;
1028 302 1206 354 ἐναργεῖς
1241 302 1302 342 καὶ
1333 304 1514 355 φανεραί.

187 371 372 409 σκοπεῖτε
397 367 451 409 δέ.

252 436 306 475 Τί
331 437 432 488 χρῆν
461 434 529 475 τὸν
560 434 695 475 εὔνουν
726 436 897 485 πολίτην
927 437 1066 481 ποιεῖν,
1094 436 1136 475 τί
1160 434 1227 475 τὸν
1256 436 1355 486 μετὰ
1384 435 1516 487 πάσης
1548 454 1613 491 301

147 520 165 552 5
185 503 371 554 προνοίας
403 502 464 541 καὶ
489 502 705 554 προθυμίας
736 502 798 542 καὶ
830 501 1079 552 δικαιοσύνης
1108 503 1207 554 ὑπὲρ
1231 504 1300 552 τῆς
1330 504 1517 555 πατρίδος

184 569 508 619 πολιτευόμενον;
549 567 616 608 οὐκ
651 569 692 608 ἐκ
721 569 794 619 μὲν
826 567 1023 619 θαλάττης
1052 568 1123 618 τὴν
1153 569 1331 620 Εὔβοιαν
1360 574 1513 621 προβα-

183 635 326 675 λέσθαι
350 634 424 687 πρὸ
450 637 518 685 τῆς
538 634 730 684 Ἀττικῆς,
754 636 795 674 ἐκ
822 636 862 675 δὲ
887 637 956 685 τῆς
981 636 1191 688 μεσογείας
1216 635 1287 686 τὴν
1309 637 1513 686 Βοιωτίαν,

184 703 227 741 ἐκ
256 704 297 742 δὲ
325 705 404 742 τῶν
433 701 530 753 πρὸς
560 702 878 752 Πελοπόννησον
902 702 1035 743 τόπων
1059 702 1149 745 τοὺς
1179 703 1345 755 ὁμόρους
1373 703 1514 760 ταύτῃ,·

184 768 228 807 οὐ
263 767 334 818 τὴν
371 769 650 819 σιτοπομπίαν,
690 770 796 810 ὅπως
832 770 937 821 παρὰ
973 772 1107 810 πᾶσαν
1144 771 1285 822 φιλίαν
1321 769 1412 823 ἄχρι
1448 774 1516 811 τοῦ

126 851 164 874 ιο
184 837 380 886 Πειραιῶς
407 834 706 886 κομισθήσεται,
736 835 986 888 προϊδέσθαι;
1027 837 1088 876 καὶ
1114 838 1162 876 τὰ
1186 839 1258 888 μὲν
1284 840 1414 877 σῶσαι
1439 841 1516 878 τῶν
1547 855 1616 890 302

182 902 442 955 ὑπαρχόντων
463 901 715 953 ἐκπέμποντα
738 903 929 953 βοηθείας
955 904 1018 943 καὶ
1035 903 1208 955 λέγοντα
1228 904 1290 943 καὶ
1309 903 1516 956 γράφοντα

183 971 355 1015 τοιαῦτα,
387 969 459 1019 τὴν
490 969 789 1022 Προκόννησον,
821 969 891 1020 τὴν
924 970 1196 1022 Χερρόνησον,
1229 970 1300 1020 τὴν
1328 970 1513 1017 Τένεδον,

183 1037 230 1075 τὰ
269 1035 302 1074 δ’
338 1035 443 1077 ὅπως
481 1037 604 1077 οἰκεῖα
644 1036 706 1076 καὶ
747 1036 921 1090 σύμμαχ’
959 1036 1123 1088 ὑπάρξει
1162 1036 1319 1089 πρᾶξαι,
1359 1037 1403 1077 τὸ
1441 1040 1513 1078 Βυ-

186 1101 351 1152 ζάντιον,
370 1101 643 1154 τὴν”Αβυδον,
662 1103 734 1153 τὴν
753 1104 948 1155 Εὕβοιαν,·
988 1104 1050 1144 καὶ
1070 1107 1147 1145 τῶν
1167 1106 1237 1155 μὲν
1258 1108 1338 1146 τοῖς
1359 1105 1516 1157 ἐχθροῖς

125 1183 162 1216 15
182 1169 448 1222 ὑπαρχουσῶν
473 1169 674 1221 δυνάμεων
693 1172 763 1212 τὰς
787 1172 980 1223 μεγίστας
1004 1171 1184 1222 ἀφελεῖν,
1206 1171 1260 1211 ῶν
1285 1170 1318 1211 δ’
1338 1170 1516 1213 ἐνέλειπε

183 1241 230 1293 τῇ
252 1237 378 1282 πόλει,
400 1240 520 1277 ταῦτα
539 1240 774 1289 προσθεῖναι
782 1253 793 1284 ,·
831 1241 954 1278 ταῦτα
972 1238 1102 1278 τοίνυν
1122 1237 1278 1278 ἅπαντα
1297 1237 1514 1290 πέπρακται

182 1306 264 1345 τοῖς
297 1304 405 1354 ἐμοῖς
434 1304 677 1357 ψηφίσμασι
710 1305 774 1345 καὶ
807 1309 888 1346 τοῖς
924 1305 1032 1355 ἐμοῖς
1064 1305 1363 1355 πολιτεύμασιν,
1395 1305 1419 1346 ἃ
1453 1306 1514 1346 καὶ
1547 1321 1614 1356 303

181 1370 484 1422 βεβουλευμέν’,
525 1368 554 1410 ὦ
596 1370 734 1424 ἄνδρες
772 1370 987 1422 Ἀθηναῖοι,
1029 1373 1097 1412 ἐὰν
1139 1371 1232 1412 ἄνευ
1270 1372 1419 1424 φθόνου
1457 1389 1515 1414 τις

181 1437 379 1488 βούληται
417 1441 595 1483 σκοπεῖν,
635 1439 759 1490 ὀρθῶς
803 1437 961 1490 εὑρήσει
1005 1438 1066 1478 καὶ
1107 1438 1365 1491 πεπραγμένα
1403 1438 1514 1495 πάσῃ

121 1524 161 1546 20
181 1504 424 1560 δικαιοσύνῃ,
470 1504 531 1544 καὶ
577 1503 645 1545 τὸν
694 1504 864 1546 ἑκάστου
913 1504 1048 1557 καιρὸν
1096 1505 1139 1545 οὐ
1187 1504 1391 1558 παρεθέντ’
1434 1505 1514 1546 οὐδ’

180 1571 409 1623 ἀγνοηθέντ’
437 1571 526 1612 οὐδὲ
551 1571 756 1624 προεθένθ’
776 1571 840 1613 ὑπ’
867 1573 973 1623 ἐμοῦ,
1003 1573 1065 1613 καὶ
1091 1571 1153 1611 ὅσ’
1181 1573 1235 1615 εἷς
1261 1572 1348 1614 ἑνὸς
1374 1572 1514 1625 ἀνδρὸς

180 1638 344 1690 δύναμιν
370 1639 432 1679 καὶ
461 1638 660 1692 λογισμὸν
684 1639 790 1690 ἧκεν,
818 1639 931 1680 οὐδὲν
958 1638 1185 1692 ἐλλειφθέν.
1257 1640 1291 1680 εἷ
1321 1639 1354 1679 δ’
1381 1636 1404 1690 ἦ
1427 1641 1514 1680 ’δαί-

179 1706 299 1756 μονός
328 1723 434 1748 τινος
462 1703 485 1756 ἢ
516 1707 638 1760 τύχης
672 1707 789 1760 ἰσχὺς
822 1703 845 1757 ἢ
880 1710 1113 1759 στρατηγῶν
1142 1707 1347 1759 φαυλότης
1380 1704 1403 1757 ἢ
1436 1710 1514 1747 τῶν

179 1774 444 1825 προδιδόντων
464 1775 533 1815 τὰς
553 1775 689 1816 πόλεις
709 1775 816 1825 ὑμῶν
838 1774 950 1814 κακία
970 1770 992 1823 ἢ
1010 1773 1138 1814 πάντα
1157 1773 1262 1814 ταῦτ’
1280 1775 1512 1825 ἐλυμαίνετο
1546 1776 1659 1832 [327]

121 1858 157 1889 25
178 1843 260 1882 τοῖς
285 1841 406 1886 ὅλοις,
435 1841 506 1882 ἕως
532 1840 763 1894 ἀνέτρεψεν,
786 1843 827 1882 τί
845 1840 1109 1892 Δημοσθένης
1135 1841 1278 1888 ἀδικεῖ;
1318 1842 1351 1881 εἰ
1377 1840 1409 1881 δ’
1431 1841 1511 1882 οἶος
1543 1860 1611 1894 304

179 1907 257 1960 ἐγὼ
286 1907 377 1959 παρ’
402 1908 492 1958 ὑμῖν
522 1910 619 1948 κατὰ
648 1908 719 1958 τὴν
749 1910 916 1960 ἐμαυτοῦ
945 1906 1069 1957 τάξιν,
1104 1908 1158 1950 εῖς
1188 1909 1231 1948 ἐν
1257 1907 1404 1963 ἑκάστῃ
1435 1911 1512 1947 τῶν

177 1973 427 2025 Ἑλληνίδων
457 1976 612 2015 πόλεων
645 1975 742 2028 ἀνὴρ
777 1975 947 2028 ἐγένετο,
982 1978 1140 2026 μᾶλλον
1175 1974 1206 2015 δ’
1238 1976 1271 2015 εἶ
1306 1974 1359 2015 ἕν’
1392 1974 1513 2026 ἄνδρα

176 2042 298 2092 μόνον
316 2043 519 2082 Θετταλία
540 2043 601 2082 καὶ
621 2041 674 2082 ἕν’
690 2042 797 2094 ἄνδρ’
816 2042 1002 2094 Ἀρκαδία
1022 2043 1143 2083 ταύτὰ
1165 2041 1371 2095 φρονοῦντ’
1389 2042 1513 2094 ἔσχεν

219 2163 238 2191 4
263 2150 362 2193 χρῆν]
381 2153 445 2194 χρὴ
463 2152 507 2189 Α,
526 2152 566 2182 cf.
587 2155 602 2189 ξ
621 2153 686 2190 306
844 2161 882 2190 13
907 2151 1033 2193 ὑπάρξει
1053 2151 1076 2182 S
1090 2150 1216 2189 LAQ:
1242 2150 1359 2193 ὑπάρξῃ
1380 2150 1404 2180 F
1420 2151 1509 2189 vulg.

179 2204 215 2234 14
241 2197 300 2234 τὴν
319 2196 457 2232 Εὔβοιαν
474 2195 553 2226 secl.
577 2195 727 2225 Reiske:
753 2196 814 2234 τὴν
831 2197 1038 2237 Σηλυμβρίαν
1056 2195 1141 2226 coni.
1162 2194 1254 2225 Weil
1380 2204 1417 2233 15
1443 2194 1509 2226 ἐνέ·

176 2245 267 2270 λειπε
286 2239 309 2270 S
324 2239 348 2268 L
361 2239 452 2271 AY:
481 2239 609 2271 ἐνέλιπε
629 2239 654 2269 F
670 2238 760 2277 vulg.
904 2250 941 2269 21
969 2238 1143 2281 προεθέντα
1161 2238 1226 2268 SA
1238 2237 1268 2267 Y
1285 2249 1291 2268 ε
1315 2238 1509 2279 προδοθέντα

176 2282 288 2322 vulg.:
324 2282 501 2325 παρεθέντα
531 2283 578 2313 F:
614 2282 773 2324 πραθέντα
802 2282 937 2313 Dobree
1193 2283 1261 2313 ἑνὸς
1288 2286 1367 2311 ante
1397 2282 1509 2322 ἀνδρὸς

177 2325 200 2356 S
214 2325 239 2356 L
254 2326 281 2356 Y
298 2338 304 2357 :
343 2331 420 2365 post
453 2327 563 2368 ἀνδρὸς
595 2327 686 2365 vulg.
864 2336 905 2365 24
945 2326 1008 2366 ἅμα
1040 2330 1116 2364 post
1148 2327 1252 2357 ταῦτα
1283 2325 1358 2355 add.
1391 2324 1480 2364 vulg.
1501 2336 1508 2355 ε

175 2379 240 2400 om.
264 2369 286 2400 S
301 2369 326 2399 L
346 2370 452 2401 Bekk.
473 2369 604 2401 Anecd.
625 2380 657 2409 p.
681 2379 739 2410 154
890 2370 1080 2409 ἐλυμαίνετο
1099 2369 1122 2399 S
1138 2368 1204 2398 LY
1222 2368 1329 2399 Bekk.
1349 2368 1482 2399 Anecd.
1500 2380 1506 2399 ε

175 2413 356 2452 ἐλυμήνατο
373 2413 458 2452 vulg.

1316 2466 1377 2498 20*
