1731 2844
167 117 208 170 x]
519 120 678 158 ΚΑΤΑ
727 119 1045 157 ΦΙΛΙΠΠΟΎ
1095 122 1129 157 Δ

164 224 263 264 οὕτω
300 222 602 275 διαβεβλήμεθα
634 223 696 263 καὶ
731 220 1097 274 καταπεφρονήμεθ’
1128 223 1170 261 ἐκ
1203 222 1352 263 τούτων
1384 224 1486 263 ὥστε

164 294 242 330 τῶν
275 291 318 330 ἐν
349 290 450 344 αὐτῷ
483 293 535 344 τῷ
568 289 803 330 κινδυνεύειν
835 290 960 329 ὄντων
992 290 1028 328 οἱ
1060 289 1133 339 μὲν
1165 289 1261 339 ὑπὲρ
1294 290 1362 338 τῆς
1393 288 1484 341 ἡγε-

163 357 301 407 μονίας
323 356 415 406 ἡμῖν
434 355 722 408 ἀντιλέγουσιν,
744 357 779 395 οἱ
805 354 838 394 δ’
859 356 955 406 ὑπὲρ
975 357 1043 394 τοῦ
1061 357 1136 394 ποῦ
1162 354 1483 406 συνεδρεύσουσι,

164 425 266 464 τινὲς
296 424 338 463 δὲ
367 421 450 462 καθ’
474 422 613 463 αὐτοὺς
643 421 860 472 ἀμύνεσθαι
887 423 1045 471 μᾶλλον
1069 416 1092 471 ἢ
1117 420 1202 471 μεθ’
1227 420 1336 471 ἡμῶν
1363 421 1482 472 ἐγνώ-

126 506 143 537 5
165 505 293 528 κασιν.

228 558 311 594 Τοῦ
349 553 464 607 χάριν
506 553 552 604 δὴ
592 556 713 593 ταῦτα
752 552 857 605 λέγω
902 553 964 593 καὶ
1005 551 1275 606 διεξέρχομαι;
1327 552 1371 593 οὗ
1411 554 1486 605 γὰρ

163 619 457 672 ἀπεχθάνεσθαι
493 621 548 670 μὰ
579 619 647 659 τὸν
681 621 759 660 Δία
792 619 854 659 καὶ
886 619 1034 661 πάντας
1071 619 1182 660 θεοὺς
1215 622 1484 671 προαιροῦμαι.

163 686 211 726 ἵν’
235 687 341 736 ὑμῶν
369 686 546 732 ἕκαστος,
573 684 603 726 ὦ
632 685 769 737 ἄνδρες
797 685 1012 736 Ἀθηναῖοι,
1039 688 1152 725 τοῦτο
1182 689 1262 740 γνῷ
1294 685 1356 725 καὶ
1387 685 1484 742 εἰδῇ,

162 753 222 792 ὅτι
251 752 274 803 ἡ
305 751 388 792 καθ’
412 751 561 805 ἡμέραν
587 752 770 806 ῥᾳστώνη
804 753 864 792 καὶ
892 753 1072 806 ῥᾳθυμία,
1100 752 1237 804 ὥσπερ
1264 755 1345 794 τοῖς
1375 752 1486 794 ἰδίοις

106 835 144 856 10
162 820 278 869 βίοις,
305 818 404 858 οὕτω
434 818 496 858 καὶ
523 822 608 860 ταῖς
634 819 804 859 πόλεσιν
829 819 897 858 οὐκ
927 818 991 870 ἐφ’
1017 817 1186 859 ἑκάστου
1215 822 1293 859 τῶν
1317 819 1484 869 ἀμελου-

161 885 290 936 μένων
309 889 416 926 ποιεῖ
436 885 506 935 τὴν
526 886 716 935 αἴσθησιν
735 884 888 930 εὐθέως,
911 884 1003 925 ἀλλ’
1025 885 1089 925 ἐπὶ
1107 888 1160 939 τῷ
1183 885 1385 939 κεφαλαίῳ
1409 888 1486 925 τῶν

162 950 402 1004 πραγμάτων
437 951 602 1006 ἀπαντᾷ.
674 952 788 1003 ὁρᾶτε
825 950 987 1003 Σέρριον
1021 951 1083 991 καὶ
1117 952 1330 1003 Δορίσκον·
1367 954 1487 991 ταῦτα

163 1019 239 1070 γὰρ
264 1021 417 1069 πρῶτον
447 1016 679 1070 ὠλιγωρήθη
709 1019 805 1068 μετὰ
835 1017 906 1067 τὴν
937 1016 1106 1069 εἰρήνην,
1137 1018 1161 1057 ἂ
1186 1021 1353 1059 πολλοῖς
1380 1018 1486 1068 ὑμῶν

164 1083 253 1125 οὐδὲ
284 1083 443 1135 γνώριμ’
480 1085 591 1124 ἐστὶν
621 1085 729 1125 ἴσως.
801 1087 920 1123 ταῦτα
951 1083 1086 1134 μέντοι
1117 1083 1197 1123 τότ’
1227 1083 1392 1124 ἐαθέντα
1424 1084 1486 1124 καὶ

108 1165 144 1197 15
164 1149 402 1201 παροφθέντ’
427 1150 612 1190 ἀπώλεσε
638 1148 799 1203 Θρᾴκην
829 1150 890 1189 καὶ
921 1149 1248 1201 Κερσοβλέπτην,
1275 1150 1486 1203 σύμμαχον

165 1215 245 1256 ὄνθ’
287 1217 404 1266 ὑμῶν.
476 1215 595 1256 πάλιν
636 1215 741 1256 ταῦτ’
783 1215 1018 1267 ἀμελούμεν’
1061 1217 1153 1256 ἰδὼν
1198 1217 1260 1257 καὶ
1307 1216 1486 1267 οὐδεμιᾶς

164 1283 353 1333 βοηθείας
384 1281 631 1334 τυγχάνοντα
662 1281 752 1334 παρ’
781 1283 888 1333 ὑμῶν
919 1281 1163 1323 κατέσκαπτε
1193 1283 1393 1334 Πορθμόν,
1423 1283 1486 1323 καὶ

164 1346 356 1399 τυραννίδ’
388 1348 602 1400 ἀπαντικρὺ
638 1350 706 1398 τῆς
738 1348 920 1399 Ἀττικῆς
957 1350 1206 1402 ἐπετείχισεν
1240 1350 1331 1400 ὑμῖν
1363 1350 1406 1389 ἐν
1437 1349 1485 1405 τῇ

166 1413 328 1468 Εὐβοίᾳ.
388 1414 530 1464 ταύτης
554 1414 882 1466 ὀλιγωρουμένης,
905 1413 1058 1466 Μέγαρ’
1078 1414 1182 1455 ἑάλω
1208 1417 1312 1467 παρὰ
1335 1416 1483 1468 μικρόν.

107 1494 147 1516 20
165 1480 277 1521 οὐδὲν
303 1480 556 1532 ἐφροντίσατ’
576 1481 654 1521 οὐδ’
677 1480 945 1533 ἐπεστράφητ’
972 1480 1084 1522 οὐδὲν
1107 1481 1268 1528 τούτων,
1296 1481 1375 1522 οὐδ’
1402 1483 1483 1523 ἐνε-

165 1546 346 1597 δείξασθε
392 1546 496 1587 τοῦθ’
537 1548 597 1588 ὅτι
641 1547 710 1587 οὐκ
759 1547 995 1600 ἐπιτρέψετε
1042 1551 1156 1588 τοῦτο
1196 1552 1325 1589 ποιεῖν
1371 1548 1485 1603 αὐτῷ·

166 1612 385 1665 Ἀντρῶνας
417 1615 578 1666 ἐπρίατο
606 1615 668 1654 καὶ
695 1614 777 1665 μετ’
806 1614 850 1654 οὐ
883 1614 1009 1655 πολὺν
1037 1615 1184 1667 χρόνον
1211 1617 1259 1655 τὰ
1287 1617 1328 1656 ἐν
1358 1615 1486 1669 Ὠρεῷ

166 1679 360 1732 πράγματ’
389 1679 559 1733 εἰλήφει.
629 1682 763 1721 πολλὰ
796 1683 837 1722 δὲ
872 1681 934 1721 καὶ
966 1682 1212 1733 παραλείπω,
1243 1681 1384 1734 Φεράς,
1416 1682 1487 1731 τὴν

166 1745 227 1786 ἐπ’
257 1746 505 1799 Ἀμβρακίαν
532 1747 636 1793 ὁδόν,
668 1749 737 1789 τὰς
766 1749 808 1788 ἐν
832 1746 974 1788 ”Ηλιδι
1006 1747 1182 1800 σφαγάς,
1219 1748 1325 1788 ἄλλα
1355 1749 1484 1800 μυρία·

109 1812 211 1856 2501’1
252 1814 327 1864 γὰρ
367 1812 416 1853 ἵν’
460 1812 780 1866 ἐξαριθμήσωμαι
820 1814 910 1856 τοὺς
955 1814 1252 1866 βεβιασμένους
1294 1816 1356 1855 καὶ
1397 1814 1486 1856 τοὺς

167 1878 418 1929 ἠδικημένους
442 1879 518 1920 ὑπὸ
542 1881 756 1926 Φιλίππου,
782 1884 904 1921 ταῦτα
932 1878 1152 1931 διεξῆλθον,
1181 1881 1271 1922 ἀλλ’
1296 1882 1359 1922 ἵνα
1382 1880 1486 1921 τοῦθ’

167 1945 256 1995 ὑμῖν
284 1945 410 1996 δείξω,
439 1947 499 1986 ὅτι
528 1947 572 1987 οὐ
600 1946 791 1997 στήσεται
819 1947 968 1989 πάντας
999 1948 1226 2000 ἀνθρώπους
1256 1949 1409 1993 ἀδικῶν,
1441 1949 1488 1987 τὰ

168 2010 201 2050 δ’
225 2011 293 2064 ὑφ’
318 2013 418 2066 αὑτῷ
444 2013 674 2063 ποιούμενος
700 2015 914 2060 Φίλιππος,
942 2015 975 2054 εἰ
998 2013 1050 2064 μή
1076 2031 1133 2056 τις
1159 2013 1278 2055 αὐτὸν
1304 2013 1486 2054 κωλύσει.

211 2131 230 2158 4
255 2119 339 2160 καθ’]
358 2121 408 2152 καὶ
426 2119 495 2153 καθ’
511 2120 542 2151 Α
555 2121 620 2151 FY
633 2122 663 2152 O
812 2132 829 2161 7
854 2123 929 2154 τοὺς
946 2126 1025 2153 ante
1043 2123 1131 2155 θεοὺς
1148 2123 1221 2153 add.
1245 2122 1268 2153 S
1285 2122 1372 2161 vulg.
1387 2134 1393 2154 ε
1419 2133 1484 2154 om.

169 2162 210 2201 A,
234 2163 273 2193 cf.
297 2164 353 2194 viii
378 2174 420 2203 49
595 2166 615 2195 8
647 2166 721 2197 ἀλλ’
743 2170 821 2196 ante
844 2166 885 2197 ‘lu‘
907 2166 984 2196 add.
1008 2166 1123 2204 vulg.:
1154 2175 1218 2196 om.
1245 2166 1268 2196 S
1293 2166 1384 2196 solus
1413 2176 1486 2196 cum

171 2206 317 2237 Stobaeo
336 2207 423 2239 Flor.
443 2217 493 2246 43.
511 2209 551 2247 67
678 2210 745 2251 εἰδῇ
761 2208 793 2239 Α
806 2209 828 2239 S
847 2219 931 2239 corr.
953 2219 1026 2239 cum
1047 2209 1196 2239 Stobaeo
1216 2208 1303 2240 Flor.
1324 2209 1342 2240 1.
1361 2220 1387 2240 c.
1406 2220 1412 2239 ε
1436 2212 1487 2251 ἵδῃ

171 2248 194 2279 S
211 2249 298 2288 vulg.
451 2261 487 2281 10
512 2250 579 2291 καὶ]
597 2251 628 2281 Α
645 2252 733 2291 vulg.
855 2253 905 2293 ἐφ’
926 2251 990 2282 SA
1007 2264 1013 2282 :
1038 2251 1091 2293 ἀφ’
1109 2252 1196 2290 vulg.
1349 2262 1387 2291 14
1411 2253 1488 2285 τότε

169 2302 234 2323 om.
252 2292 287 2322 5¹
377 2304 419 2324 20
442 2294 533 2326 οὐδὲν
549 2294 572 2325 S
585 2294 610 2324 F
622 2294 648 2324 B
660 2294 691 2324 Y
707 2305 713 2325 :
735 2295 807 2327 οὐδὲ
825 2295 949 2326 Cobet:
977 2294 1025 2326 ἐπ’
1037 2296 1139 2327 οὐδενὶ
1152 2294 1241 2334 vulg.
1335 2306 1371 2326 21
1392 2298 1489 2328 τοῦτο

173 2335 237 2365 SY
250 2335 279 2365 O
297 2348 303 2366 :
326 2339 429 2369 ταῦτα
445 2338 531 2376 vulg.
659 2348 698 2377 27
724 2338 813 2378 δείξω
832 2340 854 2368 S
868 2338 894 2368 B
908 2338 937 2368 Y
954 2350 960 2368 z
985 2339 1127 2379 ἐπιδείξω
1144 2338 1234 2376 vulg.

1519 120 1621 174 [133]

1524 1696 1566 1720 10

1518 1814 1621 1868 [134]
