1763 2828
114 147 217 201 [187]

174 469 218 504 33

170 934 215 969 34

106 1355 211 1412 [188]

167 1422 209 1458 35

671 147 1162 184 AIIMOEQENOTE
1492 141 1579 196 [X1v

251 249 284 289 δ’
312 251 458 292 ἐκεῖνος
484 250 551 290 οὐκ
578 251 731 291 ἀνελὼν
756 251 856 302 ἡμᾶς
883 251 942 291 ἐπ’
968 251 1107 292 ἄλλοις
1134 251 1246 297 εἶναι,
1274 252 1380 291 ἀλλὰ
1403 250 1582 302 μάλιστα

249 319 321 368 μὲν
341 317 513 364 πάντων,
532 319 565 359 εἰ
591 320 632 359 δὲ
657 317 722 369 μή,
745 322 821 359 τῶν
847 318 883 371 γ’
901 319 1161 372 ὑπαρχόντων
1187 318 1337 359 δούλων
1364 320 1486 374 ἑαυτῷ
1513 323 1581 360 νῦν

250 384 398 438 ἄρχειν.

318 454 366 493 Εἰ
390 453 521 493 τοίνυν
541 470 598 495 τις
624 454 745 494 οἴεται
765 454 972 504 Θηβαίους
1004 453 1170 494 ἔσεσθαι
1200 453 1283 504 μετ’
1303 454 1466 500 ἐκείνου,
1494 453 1582 494 ἔστι

247 521 319 571 μὲν
353 520 529 573 χαλεπὸς
559 520 655 572 πρὸς
687 521 786 571 ὑμᾶς
820 522 839 559 ὁ
869 522 957 572 περὶ
990 520 1139 561 τούτων
1168 521 1302 572 λόγος·
1341 522 1404 560 διὰ
1433 522 1507 573 γὰρ
1537 520 1581 561 τὸ

247 590 381 637 μισεῖν
402 587 540 628 αὐτοὺς
566 587 645 628 οὐδ’
665 587 713 628 ἂν
733 588 878 638 ἀληθὲς
902 587 1015 628 οὐδὲν
1034 586 1157 639 ἡδέως
1178 587 1327 640 ἀγαθὸν
1346 588 1434 640 περὶ
1455 587 1581 628 αὐτῶν

248 653 472 694 ἀκούσαιτε·
511 654 555 694 οὐ
579 653 656 705 μὴν
680 654 786 694 ἀλλὰ
820 658 879 695 δεῖ
901 655 990 696 τοὺς
1016 656 1104 707 περὶ
1129 654 1371 707 πραγμάτων
1394 654 1581 707 μεγάλων

248 724 494 762 σκοποῦντας
532 719 681 770 μηδένα
716 720 973 773 συμφέροντα
1006 721 1205 774 λογισμὸν
1241 725 1480 773 παραλιπεῖν
1517 723 1581 762 διὰ

245 787 438 838 μηδεμίαν
480 787 698 839 πρόφασιν.
773 788 850 840 ἐγὼ
890 789 1021 829 τοίνυν
1063 789 1172 840 οἶμαι
1214 788 1371 829 τοσοῦτ’
1414 787 1580 842 ἀπέχειν

247 855 454 904 Θηβαίους
487 857 556 893 τοῦ
591 853 674 905 μετ’
708 855 860 895 ἐκείνου
895 855 982 895 ποτ’
1016 854 1065 896 ἂν
1101 857 1233 896 ἐλθεῖν
1266 856 1330 896 ἐπὶ
1362 855 1452 898 τοὺς
1476 854 1577 896 εΈλ-

244 925 380 970 ληνας,
400 921 505 961 ὥστε
525 924 690 961 πολλῶν
710 919 758 961 ἂν
777 920 1002 974 χρημάτων,
1023 924 1055 962 εἰ
1075 922 1207 975 ἔχοιεν
1224 925 1369 969 δοῦναι,
1388 923 1580 974 πρίασθαι

243 986 433 1039 γενέσθαι
457 987 530 1028 τιν’
550 987 682 1030 αὐτοῖς
709 987 841 1040 καιρὸν
867 987 915 1028 δι’
936 988 979 1028 οὗ
1005 990 1074 1030 τὰς
1094 988 1285 1041 προτέρας
1310 989 1580 1030 ἀναλύσονται

244 1053 341 1106 πρὸς
373 1054 463 1096 τοὺς
489 1053 697 1106 (Έλληνας
734 1056 937 1107 ἁμαρτίας.
1009 1057 1042 1096 εἰ
1079 1055 1112 1096 δ’
1145 1055 1220 1107 ἄρα
1255 1054 1490 1096 παντάπασί
1521 1073 1580 1098 τις

244 1121 366 1164 οὕτως
403 1123 527 1163 οἴεται
563 1122 686 1174 φύσει
725 1125 936 1176 δυστυχεῖς
973 1122 1180 1173 Θηβαίους
1219 1122 1331 1169 εῖναι,
1370 1123 1500 1163 ἐκεῖνό
1533 1139 1580 1175 γε

244 1187 438 1239 δήπουθεν
471 1188 644 1232 ἅπαντες
680 1190 913 1235 ἐπίστασθε,
949 1190 1010 1230 ὅτι
1041 1190 1238 1241 Θηβαίων
1269 1190 1450 1230 τάκείνου
1483 1194 1580 1242 φρο-

243 1256 429 1302 νούντων,
468 1256 619 1309 ἀνάγκη
657 1256 748 1298 τοὺς
784 1256 932 1298 τούτων
968 1256 1134 1311 ἐχθροὺς
1170 1258 1219 1298 τὰ
1255 1259 1334 1297 τῶν
1369 1254 1580 1308 Ἑλλήνων

244 1326 420 1375 φρονεῖν.

309 1389 507 1443 (Ηγοῦμαι
536 1392 668 1432 τοίνυν
697 1392 776 1443 ἐγὼ
810 1391 954 1442 ταύτην
983 1391 1054 1442 τὴν
1084 1390 1196 1442 τάξιν
1229 1393 1297 1432 τοῦ
1330 1391 1482 1432 δικαίου
1516 1390 1578 1431 καὶ

242 1456 333 1499 τοὺς
373 1457 457 1508 μετ’
496 1458 614 1508 αὐτῆς
655 1459 771 1500 ὄντας
816 1458 1012 1510 κρείττους
1049 1462 1129 1499 τῶν
1166 1461 1370 1510 προδοτῶν
1409 1458 1471 1498 καὶ
1509 1461 1578 1497 τοῦ

242 1523 453 1576 βαρβάρου
478 1525 644 1566 ἔσεσθαι
665 1524 761 1576 πρὸς
782 1524 951 1566 ἅπαντα.
1011 1524 1106 1564 ὥστ’
1126 1525 1215 1566 οὔτε
1235 1525 1460 1578 φοβεῖσθαί
1476 1529 1579 1577 φημι

243 1593 324 1632 δεῖν
353 1590 453 1643 πέρα
481 1594 549 1632 τοῦ
579 1592 748 1643 μετρίου,
782 1591 862 1632 οὔθ’
894 1593 1120 1645 ὑπαχθῆναι
1151 1591 1364 1644 προτέρους
1394 1590 1578 1644 ἐκφέρειν

242 1657 311 1698 τὸν
336 1659 526 1709 πόλεμον.
599 1658 661 1698 καὶ
690 1658 767 1709 μὴν
798 1658 886 1699 οὐδὲ
916 1662 993 1700 τῶν
1023 1659 1158 1699 ἄλλων
1189 1658 1314 1699 οὐδέν’
1341 1658 1388 1699 ἂν
1418 1659 1578 1701 εἰκότως

241 1723 453 1775 “Ελλήνων
473 1724 708 1778 φοβηθέντα
726 1725 795 1766 τὸν
816 1727 993 1777 πόλεμον
1012 1730 1150 1767 τοῦτον
1176 1727 1265 1778 ὁρῶ.
1325 1727 1384 1767 τίς
1409 1727 1483 1778 γὰρ
1510 1726 1578 1766 οὐκ

243 1792 347 1832 οἶδεν
373 1792 499 1833 αὐτῶν
519 1793 591 1840 ὅτι,
613 1792 709 1834 τέως
734 1795 807 1844 μὲν
829 1793 959 1834 κοινὸν
979 1794 1122 1848 ἐχθρὸν
1144 1795 1293 1834 ἐκεῖνον
1312 1794 1578 1845 ὑπειληφότες

243 1859 442 1911 ὡμονόουν
468 1859 674 1911 ἀλλήλοις,
703 1865 867 1902 πολλῶν
894 1863 1054 1914 ἀγαθῶν
1079 1860 1182 1912 ἦσαν
1214 1861 1348 1913 κύριοι,
1377 1860 1509 1910 ἐπειδὴ
1536 1862 1577 1901 δὲ

244 1927 366 1979 φίλον
402 1927 519 1967 αὑτὸν
558 1929 795 1979 νομίσαντες
835 1930 967 1972 αὑτοῖς
1002 1929 1195 1982 ὑπάρχειν
1234 1928 1322 1980 περὶ
1359 1932 1438 1968 τῶν
1481 1927 1577 1980 πρὸς

245 1994 405 2036 ἑαυτοὺς
422 1994 688 2048 διηνέχθησαν
706 1997 921 2049 διαφόρων,
941 1995 1004 2037 ὅσ’
1025 1995 1073 2036 ἂν
1093 1995 1182 2036 οὐδὲ
1199 1995 1472 2047 καταρώμενος
1490 1993 1577 2047 εὗρέ

243 2077 301 2103 τις
334 2061 478 2109 αὐτοῖς,
509 2066 684 2103 τοσαῦτα
718 2064 942 2104 πεπόνθασι
979 2063 1096 2111 κακά;
1136 2062 1206 2104 εἶθ’
1240 2062 1284 2104 ὃν
1319 2063 1342 2113 ἡ
1380 2062 1479 2116 τύχη
1514 2062 1576 2102 καὶ

288 2183 307 2203 2
330 2172 384 2213 μή»
403 2177 469 2205 Τῶν
484 2187 524 2215 ’γε
540 2173 571 2203 Α
588 2185 594 2205 :
618 2174 662 2213 μή
678 2187 729 2216 γε,
748 2177 814 2206 τῶν
833 2174 856 2205 S
873 2175 961 2214 vulg.
1121 2174 1143 2204 6
1167 2172 1259 2205 οὐδὲν
1275 2182 1339 2204 om.
1359 2172 1447 2211 vulg.
1466 2182 1472 2202 :
1498 2171 1573 2203 add.

246 2215 312 2247 SA
431 2218 495 2249 οὐδ’
514 2223 591 2257 post
608 2217 708 2256 ἡδέως
725 2217 800 2248 add.
818 2219 917 2250 codd.
935 2230 941 2248 :
967 2218 1032 2248 del.
1052 2217 1188 2248 Dobree
1306 2218 1345 2249 ἂν
1360 2220 1438 2246 ante
1456 2216 1576 2256 ἀγαθὸν

244 2260 321 2291 add.
354 2261 468 2300 vulg:
508 2271 571 2292 om.
611 2261 678 2292 SA
812 2275 843 2293 τι
877 2267 954 2301 post
991 2262 1111 2302 ἀγαθὸν
1145 2261 1221 2292 add.
1254 2261 1368 2299 vulg.:
1409 2270 1474 2290 om.
1509 2258 1576 2289 SA

249 2313 286 2333 12
325 2305 541 2337 ἀναλύσονται
576 2306 600 2336 S
632 2306 744 2344 vulg-2
785 2305 994 2337 διαλύσονται
1027 2305 1051 2335 S
1075 2318 1125 2346 γρ.
1151 2304 1220 2335 YF
1375 2313 1418 2334 20
1451 2302 1576 2335 ἅπαντα

245 2347 285 2379 G.
307 2347 352 2379 H.
372 2349 545 2385 Schaefer,
567 2350 607 2381 cf.
627 2349 733 2379 xxxvi
756 2357 820 2387 50:
851 2348 993 2381 ἅπαντας
1017 2349 1114 2379 codd.
1291 2358 1331 2385 24
1356 2346 1434 2379 τέως
1457 2345 1575 2377 SA¹B

245 2401 345 2430 corn,
364 2392 506 2423 Suidas:
533 2392 589 2425 ἕως
606 2393 694 2431 vulg.
842 2402 882 2431 27
907 2392 1066 2435 διαφόρων
1081 2392 1181 2423 Vind.
1198 2402 1217 2430 4
1235 2389 1349 2422 Vat.¹>:
1375 2393 1534 2432 διαφορῶν
1551 2389 1576 2420 S

244 2435 335 2473 vulg.
424 2437 462 2467 ἂν
479 2435 566 2476 οὐδὲ]
586 2436 650 2468 οὐδ’
668 2437 707 2468 ἂν
722 2434 890 2466 Tournier

1601 537 1619 569 5

1603 870 1642 893 10

1602 1204 1640 1236 15

1600 1542 1640 1564 20

1599 1876 1638 1908 25
