1747 2844
162 168 230 222 xv]
302 172 444 209 ΠΕΡΙ
494 171 616 208 ΤΗΣ
666 170 901 207 ΡΟΔΙΩΝ
953 169 1345 206 ΕΛΕΥΘΕΡΙΑΣ
1512 167 1621 221 [194]

161 275 194 314 εἰ
218 274 270 325 μὴ
298 273 516 327 συμφέρειν
539 275 630 325 ὑμῖν
654 273 842 325 ἡγούμην,
864 271 975 312 εἶπον
994 270 1054 317 ἄν,
1077 271 1161 311 ἐπεὶ
1179 269 1343 311 Ῥοδίοις
1369 287 1426 321 γε,
1448 271 1482 310 εἰ

160 341 244 381 οἶόν
273 358 315 382 τε
347 341 449 381 τοῦτ’
481 343 604 382 εἰπεῖν
632 344 684 394 τῷ
719 338 1023 391 συναγορεύοντι
1054 343 1101 394 τῇ
1135 337 1310 390 σωτηρίᾳ
1341 335 1479 382 αὐτῶν,

161 409 365 461 συγχαίρω
385 411 462 449 τῶν
480 405 764 460 γεγενημένων.
824 408 891 445 τοῦ
912 404 1154 455 κομίσασθαι
1172 405 1247 455 γὰρ
1266 404 1314 443 τὰ
1331 402 1482 454 ὑμέτερ’

159 475 249 525 ὑμῖν
275 473 551 528 φθονήσαντες
578 473 651 524 τὴν
674 475 822 514 ἑαυτῶν
846 471 1071 523 ἐλευθερίαν
1096 468 1392 515 ἀπολωλέκασι,
1422 469 1483 509 καὶ

123 559 139 590 5
160 541 286 592 παρὸν
316 541 445 583 αὐτοῖς
467 539 650 590 “Ελλησι
681 540 745 580 καὶ
779 539 990 590 βελτίοσιν
1022 537 1149 578 αὐτῶν
1174 533 1293 588 [ὑμῖν]
1320 535 1365 586 ἐξ
1394 537 1484 577 ἴσου

161 611 395 661 συμμαχεῖν,
421 606 644 659 βαρβάροις
674 606 738 647 καὶ
770 605 938 651 δούλοις,
965 604 1031 646 οὓς
1064 605 1119 646 εἰς
1147 604 1217 645 τὰς
1249 603 1483 655 ἀκροπόλεις

160 678 375 726 παρεῖνται,
403 673 670 715 δουλεύουσιν.
741 672 878 724 ὀλίγου
912 673 954 712 δὲ
983 670 1057 712 δέω
1082 669 1230 722 λέγειν,
1259 671 1327 710 ἐὰν
1353 669 1483 711 αὐτοῖς
1518 676 1559 710 16

159 741 267 791 ὑμεῖς
291 738 508 791 ἐθελήσητε
531 741 745 791 βοηθῆσαι,
773 739 824 781 ὡς
850 738 911 779 καὶ
937 736 1181 790 συνενήνοχε
1206 735 1314 777 ταῦτ’
1338 736 1482 778 αὐτοῖς·
1515 737 1622 790 [195]

161 807 202 847 εὖ
236 809 309 857 μὲν
340 808 415 859 γὰρ
449 805 685 858 πράττοντες
722 806 789 846 οὐκ
826 804 898 845 οἶδ’
932 806 967 846 εἴ
1002 803 1089 845 ποτ’
1121 802 1170 844 ἂν
1207 803 1249 844 εὖ
1285 805 1484 855 φρονῆσαι

103 891 141 913 10
159 873 377 924 ἠθέλησαν,
397 874 508 914 ὄντες
523 871 678 918 Ῥόδιοι,
701 872 801 926 ἔργῳ
823 874 864 912 δὲ
884 869 1132 923 πειραθέντες
1154 870 1214 910 καὶ
1235 868 1484 922 διδαχθέντες

160 940 220 980 ὅτι
245 943 408 980 πολλῶν
435 942 562 979 κακῶν
586 939 609 989 ἡ
636 938 733 979 ἄνοι’
755 939 860 978 αἰτία
885 942 966 979 τοῖς
992 940 1158 978 πολλοῖς
1184 937 1374 988 γίγνεται,
1396 934 1484 987 τάχ’

160 1006 221 1052 ἄν,
249 1007 281 1047 εἰ
311 1006 479 1059 τύχοιεν,
508 1004 831 1057 σωφρονέστεροι
855 1004 951 1056 πρὸς
981 1003 1049 1044 τὸν
1078 1002 1221 1043 λοιπὸν
1245 1006 1313 1042 τοῦ
1341 1002 1485 1055 χρόνου

161 1072 353 1124 γένοιντο.
423 1075 536 1112 τοῦτο
576 1071 609 1111 δ’
646 1071 690 1111 οὐ
725 1074 866 1123 μικρὰν
902 1069 1102 1123 ὠφέλειαν
1137 1070 1269 1110 αὐτοῖς
1304 1068 1484 1120 ἡγοῦμαι.

161 1140 264 1190 φημὶ
310 1138 355 1189 δὴ
399 1141 541 1192 χρῆναι
582 1139 792 1189 πειρᾶσθαι
834 1135 972 1193 σῴζειν
1013 1136 1103 1178 τοὺς
1145 1135 1288 1187 ἄνδρας
1331 1134 1392 1174 καὶ
1433 1134 1485 1184 μὴ

103 1220 139 1253 15
160 1209 430 1255 μνησικακεῖν,
466 1204 772 1256 ἐνθυμουμένους
804 1205 865 1244 ὅτι
896 1204 1028 1243 πολλὰ
1064 1203 1125 1243 καὶ
1157 1203 1264 1252 ὑμεῖς
1298 1200 1373 1241 ὑπὸ
1409 1204 1486 1240 τῶν

161 1270 535 1322 ἐπιβουλευσάντων
554 1270 818 1322 ἐξηπάτησθε,
839 1271 893 1311 ὧν
911 1269 1069 1311 οὐδενὸς
1088 1268 1196 1309 αὐτοὶ
1221 1270 1352 1309 δοῦναι
1376 1268 1486 1317 δίκην

162 1339 311 1378 δίκαιον
335 1338 384 1379 ἂν
410 1338 509 1379 εἶναι
535 1336 721 1389 φήσαιτε.

228 1404 372 1457 Ὁρᾶτε
396 1406 439 1445 δὲ
468 1403 623 1450 κάκεῖν’,
646 1402 675 1444 ὦ
700 1402 838 1455 ἄνδρες
859 1402 1074 1453 Ἀθηναῖοι,
1095 1402 1157 1442 ὅτι
1181 1401 1356 1442 πολλοὺς
1380 1401 1488 1450 ὑμεῖς
1521 1415 1561 1449 17

162 1470 359 1521 πολέμους
401 1469 702 1522 πεπολεμήκατε
746 1470 809 1511 καὶ
851 1469 948 1522 πρὸς
990 1469 1250 1520 δημοκρατίας
1293 1467 1355 1507 καὶ
1393 1465 1489 1518 πρὸς

104 1552 142 1574 20
161 1539 408 1592 ὀλιγαρχίας.
482 1538 545 1579 καὶ
574 1541 689 1578 τοῦτο
719 1539 792 1589 μὲν
822 1538 911 1578 ’ίστε
942 1536 1004 1577 καὶ
1033 1536 1155 1576 αὐτοί·
1193 1533 1284 1575 ἀλλ’
1308 1535 1405 1585 ὑπὲρ
1435 1534 1488 1573 ὧν

163 1604 258 1656 πρὸς
284 1604 489 1657 ἑκατέρους
514 1604 598 1646 ἔσθ’
619 1605 709 1655 ὑμῖν
734 1605 754 1643 ὁ
781 1605 965 1655 πόλεμος,
987 1601 1089 1643 τοῦτ’
1109 1603 1208 1644 ἴσως
1231 1602 1337 1652 ὑμῶν
1363 1599 1488 1641 οὐδεὶς

162 1671 374 1723 λογίζεται.
439 1673 535 1725 ὑπὲρ
561 1673 679 1713 τίνων
707 1671 775 1712 οὖν
801 1671 930 1717 ἐστίν;
968 1668 1065 1722 πρὸς
1089 1670 1161 1720 μὲν
1185 1667 1273 1709 τοὺς
1297 1665 1441 1718 δήμους
1466 1662 1488 1715 ἦ

163 1737 252 1789 περὶ
276 1742 353 1780 τῶν
379 1739 486 1779 ἰδίων
512 1737 783 1790 ἐγκλημάτων,
810 1738 856 1779 οὐ
885 1735 1129 1787 δυνηθέντων
1154 1735 1326 1788 δημοσίᾳ
1355 1731 1487 1773 διαλύ-

165 1807 317 1845 σασθαι
340 1808 473 1852 ταῦτα,
493 1801 517 1855 ἢ
536 1804 625 1857 περὶ
650 1807 722 1857 γῆς
745 1803 886 1857 μέρους
910 1800 933 1854 ἢ
959 1804 1060 1855 ὅρων
1085 1799 1109 1853 ὴ
1130 1802 1355 1855 φιλονικίας
1379 1796 1402 1850 ἢ
1422 1801 1490 1849 τῆς

106 1883 144 1915 25
164 1870 387 1923 ἡγεμονίας·
425 1871 521 1924 πρὸς
540 1873 582 1912 δὲ
600 1872 671 1913 τὰς
690 1872 924 1925 ὀλιγαρχίας
943 1871 1041 1922 ὑπὲρ
1059 1870 1131 1921 μὲν
1150 1868 1297 1908 τούτων
1318 1866 1487 1911 οὐδενός,

164 1938 261 1989 ὑπὲρ
291 1939 332 1978 δὲ
361 1939 429 1988 τῆς
459 1939 660 1980 πολιτείας
692 1938 753 1978 καὶ
782 1940 851 1988 τῆς
880 1937 1119 1989 ἐλευθερίας·
1157 1934 1254 1974 ὥστ’
1280 1932 1396 1985 ἔγωγ’
1422 1931 1489 1972 οὐκ
1523 1935 1564 1971 18

164 2002 212 2044 ἂν
231 2002 438 2055 ὀκνήσαιμ’
458 2005 582 2045 εἰπεῖν
601 2007 757 2055 μᾶλλον
775 2004 961 2056 ἡγεῖσθαι
987 2001 1206 2054 συμφέρειν
1224 2003 1487 2051 δημοκρατου-

207 2121 227 2142 2
252 2114 355 2145 αὐτῶν
371 2116 448 2152 post
466 2112 607 2154 σωτηρίᾳ
624 2113 719 2143 codd.
736 2123 743 2144 ι
769 2117 846 2143 ante
864 2110 1112 2154 συναγορεύοντι
1125 2108 1292 2140 Tournier
1380 2117 1399 2146 5
1417 2109 1490 2146 ὑμῖν

165 2160 241 2194 post
258 2158 361 2188 αὐτῶν
378 2156 402 2187 S
417 2155 468 2186 A:
494 2160 572 2186 ante
590 2157 694 2187 αὐτῶν
710 2155 797 2193 vulg.
815 2168 822 2188 z
846 2156 925 2187 secl.
946 2155 1113 2186 Tournier
1286 2161 1303 2189 7
1329 2149 1363 2182 δὲ
1380 2160 1443 2181 om.
1464 2151 1488 2181 S

165 2208 186 2236 9
211 2200 241 2230 εἴ
254 2198 325 2231 ποτ’
343 2200 382 2231 ἂν
397 2198 421 2229 S
437 2198 468 2228 A
480 2198 530 2230 Y:
557 2200 588 2230 εἴ
600 2200 670 2230 ποτ’
686 2199 775 2238 vulg.
792 2211 799 2230 z
823 2200 861 2231 ἂν
878 2201 909 2231 εἴ
921 2199 992 2230 ποτ’
1012 2196 1228 2228 Herwerden
1370 2204 1407 2224 12
1432 2195 1489 2225 τὸν

167 2240 234 2271 SA
250 2241 305 2273 F¹2
345 2244 383 2274 τὸ
421 2241 511 2281 vulg.
692 2252 729 2280 13
765 2243 880 2284 μικρὰν
914 2241 1073 2282 ὠφέλειαν
1107 2242 1213 2271 αὐτοῖς
1249 2237 1338 2269 SA:
1377 2238 1489 2278 μικρὸν

167 2285 271 2317 αὐτοῖς
303 2285 460 2325 ὠφέλημα
494 2285 581 2324 vulg.
758 2295 794 2324 17
827 2286 949 2317 δίκαιον
981 2285 1004 2315 S
1036 2284 1123 2322 vulg.
1144 2294 1150 2312 :
1186 2282 1299 2313 δίκαιοι
1334 2281 1432 2311 Vind.
1472 2291 1484 2311 1

166 2327 258 2358 solus
420 2339 458 2368 19
491 2327 651 2368 πολέμους
675 2333 752 2359 ante
780 2329 1027 2367 πεπολεμήκατε
1053 2327 1076 2356 S
1102 2326 1217 2356 solus:
1249 2329 1325 2364 post
1349 2331 1486 2355 πεπολε·

165 2369 287 2441 usticam-e
311 2371 400 2410 vulg.
537 2381 578 2410 24
611 2372 787 2412 φιλονικίας
813 2371 933 2403 Blass:
964 2369 1157 2411 φιλονεικίας
1183 2367 1272 2398 SA:
1304 2368 1487 2407 φιλοτιμίας

165 2422 206 2442 vu
223 2422 254 2451 g.

208 2477 391 2508 Demos-ru„
409 2477 486 2500 vot..
503 2477 526 2499 1.
1155 2490 1158 2494 .
1320 2467 1359 2497 12
