1763 2828
77 92 163 147 ΗΜ

72 379 160 435 HQ

69 1910 153 1966 M&

623 67 1113 132 ΔΗΜΟΣΘΕΝΟΎΣ
1469 89 1525 143 ſtrv

195 199 347 248 πλῆθος
376 199 486 243 ὅσον,
516 198 577 238 καὶ
602 199 745 250 πόρους
775 198 959 240 οὕστινας
988 197 1217 251 χρημάτων,
1246 198 1307 239 καὶ
1332 198 1448 240 τᾶλλ’
1475 199 1526 242 ὡς

194 264 242 305 ἄν
270 282 336 316 μοι
368 264 568 316 βέλτιστα
601 266 663 306 καὶ
696 256 869 318 τάχιστα
902 269 1011 306 δοκεῖ
1040 268 1431 318 παρασκευασθῆναι,
1464 268 1526 308 καὶ

194 331 239 382 δὴ
274 332 512 385 πειράσομαι
547 332 695 385 λέγειν,
731 333 882 383 δεηθεὶς
918 333 1038 384 ὑμῶν,
1075 331 1104 373 ὦ
1137 332 1275 385 ἄνδρες
1307 332 1523 384 Ἀθηναῖοι,

193 402 396 441 τοσοῦτον.
469 401 629 441 ἐπειδὰν
657 399 798 440 ἅπαντ’
829 400 1024 451 ἀκούσητε
1055 401 1222 453 κρίνατε,
1252 400 1305 452 μὴ
1335 401 1526 453 πρότερον

193 467 513 519 προλαμβάνετε·
549 467 639 518 μηδ’
672 467 721 508 ἂν
754 466 801 518 ἐξ
830 468 955 521 ἀρχῆς
988 471 1087 507 δοκῶ
1120 484 1197 508 τινι
1231 467 1366 518 καινὴν
1399 485 1523 521 παρα-
1546 487 1563 519 5

193 534 338 584 σκευὴν
356 534 506 587 λέγειν,
526 534 775 585 ἀναβάλλειν
794 552 842 586 με
861 536 910 574 τὰ
929 533 1129 587 πράγμαθ’
1143 526 1352 611 hyda-OE
1388 535 1433 575 οὐ
1450 537 1526 588 γὰρ

191 603 228 642 οῖ
255 601 402 655 (ταχὺ’
424 603 486 643 καὶ
509 600 723 654 ζτήμερον’
749 602 928 644 εἰπόντες
951 601 1114 653 μάλιστ’
1140 603 1195 644 εἷς
1221 601 1310 643 δέον
1334 601 1526 655 λέγουσιν

192 666 254 721 (οὗ
279 671 355 721 γὰρ
379 668 428 709 ἂν
453 668 501 709 τά
525 668 562 722 γ’
587 668 660 720 ἤδη
687 669 931 721 γεγενημένα
960 675 1007 726 τῇ
1037 669 1121 710 νυνὶ
1150 669 1320 723 βοηθείᾳ
1350 673 1526 710 κωλῦσαι

192 733 448 786 δυνηθεῖμεν),
476 735 567 776 ἀλλ’
587 735 629 777 ὃς
654 735 701 776 ἂν
727 735 835 792 δείξῃ
860 736 918 778 τίς
943 739 1183 788 πορισθεῖσα
1207 735 1435 789 παρασκευὴ
1463 737 1525 776 καὶ

191 803 298 852 πόση
326 802 389 842 καὶ
414 804 535 843 πόθεν
561 806 756 854 διαμεῖναι
782 802 1004 853 δυνήσεται,
1026 804 1099 845 ἕως
1125 803 1173 844 ἂν
1196 800 1219 853 ἢ
1247 803 1526 854 διαλυσώμεθα
1549 819 1587 841 10

191 868 422 912 πεισθέντες
447 869 514 910 τὸν
539 870 717 920 πόλεμον
741 866 764 920 ἢ
790 871 1087 922 περιγενώμεθα
1114 874 1192 911 τῶν
1218 871 1386 924 ἐχθρῶν·
1424 871 1524 911 οὕτω

191 938 266 989 γὰρ
291 936 419 977 οὐκέτι
449 940 518 977 τοῦ
546 940 689 977 λοιποῦ
718 936 945 991 πάσχοιμεν
972 937 1020 978 ἂν
1047 940 1185 979 κακῶς.
1258 937 1365 988 οἶμαι
1393 938 1526 978 τοίνυν

189 1003 268 1056 ἐγὼ
299 1007 420 1043 ταῦτα
448 1002 583 1056 λέγειν
607 1003 730 1057 ἔχειν,
758 1004 810 1055 μὴ
843 1004 1004 1045 κωλύων
1031 1006 1066 1045 εἴ
1088 1021 1146 1046 τις
1176 1003 1301 1046 ἄλλος
1327 1003 1525 1057 ἐπαγγέλ-

189 1071 305 1111 λεταί
327 1087 375 1111 τι.
436 1071 458 1121 ἡ
483 1073 556 1121 μὲν
580 1071 648 1111 οὖν
672 1072 897 1124 ὑπόσχεσις
921 1073 1022 1112 οὕτω
1047 1070 1214 1124 μεγάλη,
1242 1071 1287 1111 τὸ
1312 1073 1354 1112 δὲ
1379 1070 1525 1124 πρᾶγμ’

189 1137 262 1188 ἤδη
287 1137 356 1178 τὸν
381 1138 553 1191 ἔλεγχον
577 1138 711 1178 δώσει·
750 1138 876 1190 κριταὶ
902 1138 934 1178 δ’
959 1139 1070 1190 ὑμεῖς
1095 1138 1255 1180 ἔσεσθε.
1548 1154 1584 1187 15

259 1207 426 1256 Πρῶτον
450 1207 524 1255 μὲν
548 1206 692 1251 τοίνυν,
720 1203 749 1246 ὦ
779 1205 917 1258 ἄνδρες
942 1205 1159 1256 Ἀθηναῖοι,
1186 1204 1356 1258 τριήρεις
1381 1204 1522 1256 πεντή-

188 1288 306 1312 κοντα
318 1272 705 1324 παρασκευάσασθαι
718 1274 820 1328 φημὶ
833 1278 926 1322 δεῖν,
944 1274 1011 1316 εἶτ’
1021 1274 1161 1317 αὐτοὺς
1174 1275 1274 1315 οὕτω
1287 1276 1356 1317 τὰς
1368 1274 1526 1327 γνώμας

188 1337 297 1390 ἔχειν
323 1337 387 1382 ὡς,
415 1336 484 1378 ἐάν
509 1354 545 1377 τι
570 1337 652 1394 δέῃ,
678 1337 902 1379 πλευστέον
927 1339 982 1380 εἰς
1006 1339 1148 1380 ταύτας
1177 1338 1308 1381 αὐτοῖς
1333 1340 1522 1390 ἐμβᾶσιν.

187 1403 285 1455 πρὸς
327 1405 369 1444 δὲ
409 1404 561 1446 τούτοις
601 1408 682 1446 τοῖς
723 1405 912 1456 ἡμίσεσιν
953 1409 1032 1446 τῶν
1076 1405 1227 1446 ἱππέων
1269 1406 1524 1458 ἱππαγωγοὺς

188 1469 357 1523 τριήρεις
396 1471 459 1511 καὶ
496 1470 602 1511 πλοῖ’
640 1473 754 1512 ἱκανὰ
791 1472 1020 1524 εὐτρεπίσαι
1061 1473 1221 1513 κελεύω.
1292 1476 1414 1513 ταῦτα
1451 1475 1524 1524 μὲν
1546 1489 1585 1511 20

187 1536 295 1588 οἶμαι
320 1540 402 1578 δεῖν
422 1537 615 1592 ὑπάρχειν
637 1538 700 1579 ε’πὶ
719 1540 789 1581 τὰς
808 1537 1000 1592 ἐξαίφνης
1020 1540 1164 1582 ταύτας
1189 1539 1267 1581 ἀπὸ
1284 1542 1354 1590 τῆς
1379 1540 1524 1582 οἰκείας

187 1605 319 1657 χώρας
361 1605 478 1645 αὐτοῦ
521 1607 732 1657 στρατείας
774 1607 829 1648 εἷς
872 1606 1012 1648 Πύλας
1056 1608 1119 1648 καὶ
1159 1607 1417 1659 Χερρόνησον
1460 1607 1522 1647 καὶ

181 1671 385 1713 Ὄλυνθον
423 1673 485 1713 καὶ
521 1672 613 1713 ὅποι
647 1673 853 1723 βούλεται·
891 1675 953 1714 δεῖ
985 1675 1060 1727 γὰρ
1094 1674 1230 1729 ἐκείνῳ
1263 1673 1367 1714 τοῦτ’
1399 1675 1443 1715 ἐν
1475 1679 1522 1731 τῇ

187 1739 323 1795 γνώμῃ
357 1742 627 1792 παραστῆσαι,
663 1739 714 1781 ὡς
747 1741 855 1791 ὑμεῖς
885 1742 927 1781 ἐκ
956 1743 1026 1792 τῆς
1059 1741 1245 1791 ἀμελείας
1278 1741 1421 1791 ταύτης
1453 1743 1522 1791 τῆς

186 1805 300 1859 ἄγαν,
342 1807 478 1859 ὥσπερ
518 1807 574 1849 εἰς
612 1808 792 1858 Εὔβοιαν
833 1809 895 1849 καὶ
934 1808 1125 1860 πρότερόν
1164 1807 1260 1849 ποτέ
1299 1813 1428 1861 φασιν
1467 1809 1522 1850 εἰς
1543 1822 1581 1855 25

185 1871 399 1926 Ἀλίαρτον
438 1874 501 1914 καὶ
538 1876 588 1914 τὰ
625 1878 833 1915 τελευταῖα
871 1876 1007 1927 πρώην
1047 1876 1101 1917 εἷς
1140 1875 1292 1921 Πύλας,
1332 1876 1431 1917 ἴσως
1473 1874 1521 1915 ἂν

187 1939 570 1992 ὁρμήσαιτε--οὕτοι
596 1945 814 1987 παντελῶς,
842 1941 922 1982 οὐδ’
948 1943 981 1982 εἰ
1013 1941 1066 1993 μὴ
1092 1940 1293 1992 ποιήσαιτ’
1319 1941 1366 1982 ἂν
1391 1944 1518 1987 τοῦτο,

186 2007 236 2049 ὡς
265 2007 394 2061 ἔγωγέ
422 2014 525 2061 φημι
555 2012 648 2055 δεῖν,
681 2008 1026 2061 εὐκαταφρόνητόν
1055 2007 1276 2049 ἐστιν-ἵν’
1306 2005 1329 2059 ἦ
1359 2010 1422 2049 διὰ
1451 2008 1520 2048 τὸν

185 2074 320 2126 φόβον
346 2076 457 2118 εἰδὼς
482 2075 680 2128 εὐτρεπεῖς
704 2077 803 2127 ὑμᾶς
820 2074 988 2128 (εἵσεται
1006 2077 1082 2128 γὰρ
1101 2076 1289 2128 ἀκριβῶς·
1327 2075 1404 2116 εἰσὶ
1429 2074 1517 2127 γάρ,

228 2194 248 2214 2
272 2184 405 2216 δοκεῖΑ
424 2185 533 2225 suppl.
554 2185 624 2216 ΒΥ
638 2185 667 2216 O
685 2197 692 2216 ι
717 2189 796 2228 δοκῇ
814 2186 837 2216 S
855 2185 959 2224 vulg„
980 2186 1018 2216 cf.
1039 2187 1054 2222 ξ
1075 2195 1116 2224 42
1271 2186 1292 2215 6
1316 2184 1518 2222 ἀναβάλλειν

186 2227 263 2265 SB,
282 2228 322 2259 cs.
346 2228 498 2260 Prooem.
520 2239 570 2266 21,
591 2240 630 2267 4:
661 2229 904 2265 ἀναβάλλεσθαι
922 2229 1008 2268 vulg.
1121 2238 1160 2259 10
1185 2228 1242 2261 ἕως
1260 2228 1283 2257 S
1301 2229 1389 2267 vulg.
1409 2240 1415 2258 ε
1438 2228 1518 2261 τέως

187 2271 212 2301 F
225 2270 264 2309 B,
284 2272 323 2303 cf.
345 2271 498 2302 Prooem.
520 2282 557 2302 21
701 2282 740 2310 13
765 2272 914 2313 κωλύων]
933 2271 1103 2304 καταλύων
1122 2271 1145 2302 S
1163 2284 1169 2302 ε
1194 2272 1411 2304 κατακωλύων
1428 2272 1516 2303 coni.

185 2314 275 2344 weil
450 2325 487 2354 17
521 2315 777 2353 παρεσκευάσθαι
805 2315 902 2346 Blass
928 2315 1003 2346 coll.
1031 2318 1046 2353 ς
1076 2326 1133 2354 ῐ9;
1167 2315 1425 2356 παρασκευάσθιιι
1451 2314 1517 2345 O':

184 2358 487 2399 παρασκευάσασθαι
506 2361 529 2391 S
549 2361 637 2399 vulg.
719 2369 758 2397 24
786 2361 989 2400 παραστῆσαι
1009 2359 1052 2389 S:
1080 2361 1279 2400 παραστῆναι
1298 2364 1376 2388 cett.
