<?xml version="1.0" encoding="UTF-8"?>
<!DOCTYPE html PUBLIC "-//W3C//DTD XHTML 1.0 Transitional//EN"
    "http://www.w3.org/TR/xhtml1/DTD/xhtml1-transitional.dtd">
<html xmlns="http://www.w3.org/1999/xhtml" xml:lang="en" lang="en">
 <head>
  <title>
</title>
<meta http-equiv="Content-Type" content="text/html;charset=utf-8" />
  <meta name='ocr-system' content='tesseract 3.04.00' />
  <meta name='ocr-capabilities' content='ocr_page ocr_carea ocr_par ocr_line ocrx_word'/>
</head>
<body>
  <div class='ocr_page' id='page_1' title='image "./orationesrecogno01demouoft_0156.png"; bbox 0 0 1763 2828; ppageno 0'>
   <div class='ocr_carea' id='block_1_1' title="bbox 109 141 218 195">
    <p class='ocr_par' dir='ltr' id='par_1_1' title="bbox 109 141 218 195">
     <span class='ocr_line' id='line_1_1' title="bbox 109 141 218 195; baseline 0.009 -1"><span class='ocrx_word' id='word_1_1' title='bbox 109 141 218 195; x_wconf 86' lang='lat'>[140]</span> 
     </span>
    </p>
   </div>
   <div class='ocr_carea' id='block_1_2' title="bbox 177 384 221 428">
    <p class='ocr_par' dir='ltr' id='par_1_2' title="bbox 177 384 221 428">
     <span class='ocr_line' id='line_1_2' title="bbox 177 384 221 428; baseline 0 -9"><span class='ocrx_word' id='word_1_2' title='bbox 177 384 221 428; x_wconf 86' lang='lat'>36</span> 
     </span>
    </p>
   </div>
   <div class='ocr_carea' id='block_1_3' title="bbox 120 511 219 567">
    <p class='ocr_par' dir='ltr' id='par_1_3' title="bbox 120 511 219 567">
     <span class='ocr_line' id='line_1_3' title="bbox 120 511 219 567; baseline 0 -1"><span class='ocrx_word' id='word_1_3' title='bbox 120 511 219 567; x_wconf 92' lang='lat'>[141]</span> 
     </span>
    </p>
   </div>
   <div class='ocr_carea' id='block_1_4' title="bbox 175 863 218 898">
    <p class='ocr_par' dir='ltr' id='par_1_4' title="bbox 175 863 218 898">
     <span class='ocr_line' id='line_1_4' title="bbox 175 863 218 898; baseline -0.023 0"><span class='ocrx_word' id='word_1_4' title='bbox 175 863 218 898; x_wconf 88' lang='lat'>37</span> 
     </span>
    </p>
   </div>
   <div class='ocr_carea' id='block_1_5' title="bbox 175 1594 220 1629">
    <p class='ocr_par' dir='ltr' id='par_1_5' title="bbox 175 1594 220 1629">
     <span class='ocr_line' id='line_1_5' title="bbox 175 1594 220 1629; baseline 0.022 -1"><span class='ocrx_word' id='word_1_5' title='bbox 175 1594 220 1629; x_wconf 85' lang='lat'>39</span> 
     </span>
    </p>
   </div>
   <div class='ocr_carea' id='block_1_6' title="bbox 174 1793 221 1827">
    <p class='ocr_par' dir='ltr' id='par_1_6' title="bbox 174 1793 221 1827">
     <span class='ocr_line' id='line_1_6' title="bbox 174 1793 221 1827; baseline 0 -9"><span class='ocrx_word' id='word_1_6' title='bbox 174 1793 221 1827; x_wconf 85' lang='lat'>40</span> 
     </span>
    </p>
   </div>
   <div class='ocr_carea' id='block_1_7' title="bbox 655 137 1575 192">
    <p class='ocr_par' dir='ltr' id='par_1_7' title="bbox 655 137 1575 192">
     <span class='ocr_line' id='line_1_7' title="bbox 655 137 1575 192; baseline 0 -12"><span class='ocrx_word' id='word_1_7' title='bbox 655 137 1171 191; x_wconf 50' lang='lat' dir='ltr'>[AHMOEQENOTQ</span> <span class='ocrx_word' id='word_1_8' title='bbox 1534 137 1575 192; x_wconf 55' lang='lat' dir='ltr'>st</span> 
     </span>
    </p>
   </div>
   <div class='ocr_carea' id='block_1_8' title="bbox 250 244 1580 500">
    <p class='ocr_par' dir='ltr' id='par_1_8' title="bbox 250 244 1580 500">
     <span class='ocr_line' id='line_1_8' title="bbox 251 244 1579 298; baseline 0 -12"><span class='ocrx_word' id='word_1_9' title='bbox 251 245 436 293; x_wconf 82' lang='grc' dir='ltr'>ἐκλείπει,</span> <span class='ocrx_word' id='word_1_10' title='bbox 480 244 568 286; x_wconf 84' lang='grc' dir='ltr'>δέον</span> <span class='ocrx_word' id='word_1_11' title='bbox 611 245 717 298; x_wconf 87' lang='grc' dir='ltr'>παρά</span> <span class='ocrx_word' id='word_1_12' title='bbox 758 263 826 286; x_wconf 89' lang='grc' dir='ltr'>του</span> <span class='ocrx_word' id='word_1_13' title='bbox 868 246 1089 297; x_wconf 88' lang='grc' dir='ltr'>γίγνεσθαι,</span> <span class='ocrx_word' id='word_1_14' title='bbox 1133 246 1197 285; x_wconf 87' lang='grc' dir='ltr'>ε’πὶ</span> <span class='ocrx_word' id='word_1_15' title='bbox 1244 244 1349 285; x_wconf 79' lang='grc' dir='ltr'>τοῦθ’</span> <span class='ocrx_word' id='word_1_16' title='bbox 1391 244 1579 297; x_wconf 86' lang='grc' dir='ltr'>εὑρήσετε</span> 
     </span>
     <span class='ocr_line' id='line_1_9' title="bbox 250 310 1580 365; baseline 0 -13"><span class='ocrx_word' id='word_1_17' title='bbox 250 311 319 362; x_wconf 81' lang='grc' dir='ltr'>τὴν</span> <span class='ocrx_word' id='word_1_18' title='bbox 345 313 473 353; x_wconf 83' lang='grc' dir='ltr'>αἰτίαν</span> <span class='ocrx_word' id='word_1_19' title='bbox 498 311 812 365; x_wconf 81' lang='grc' dir='ltr'>ἀναφερομένην.</span> <span class='ocrx_word' id='word_1_20' title='bbox 884 311 972 363; x_wconf 87' lang='grc' dir='ltr'>περὶ</span> <span class='ocrx_word' id='word_1_21' title='bbox 997 311 1042 352; x_wconf 79' lang='grc' dir='ltr'>οὗ</span> <span class='ocrx_word' id='word_1_22' title='bbox 1067 310 1169 352; x_wconf 88' lang='grc' dir='ltr'>πάνυ</span> <span class='ocrx_word' id='word_1_23' title='bbox 1193 313 1265 363; x_wconf 80' lang='grc' dir='ltr'>μὲν</span> <span class='ocrx_word' id='word_1_24' title='bbox 1290 315 1506 364; x_wconf 83' lang='grc' dir='ltr'>φοβοῦμαι,</span> <span class='ocrx_word' id='word_1_25' title='bbox 1534 311 1580 352; x_wconf 89' lang='grc' dir='ltr'>οὐ</span> 
     </span>
     <span class='ocr_line' id='line_1_10' title="bbox 250 378 1579 431; baseline 0 -12"><span class='ocrx_word' id='word_1_26' title='bbox 250 378 328 430; x_wconf 80' lang='grc' dir='ltr'>μὴν</span> <span class='ocrx_word' id='word_1_27' title='bbox 347 378 438 419; x_wconf 88' lang='grc' dir='ltr'>ἀλλ’</span> <span class='ocrx_word' id='word_1_28' title='bbox 459 381 547 431; x_wconf 83' lang='grc' dir='ltr'>ἐρῶ·</span> <span class='ocrx_word' id='word_1_29' title='bbox 586 379 694 430; x_wconf 84' lang='grc' dir='ltr'>οἶμαι</span> <span class='ocrx_word' id='word_1_30' title='bbox 712 380 788 431; x_wconf 76' lang='grc' dir='ltr'>γὰρ</span> <span class='ocrx_word' id='word_1_31' title='bbox 805 378 908 429; x_wconf 80' lang='grc' dir='ltr'>ἕξειν</span> <span class='ocrx_word' id='word_1_32' title='bbox 929 378 992 418; x_wconf 89' lang='grc' dir='ltr'>καὶ</span> <span class='ocrx_word' id='word_1_33' title='bbox 1012 380 1108 430; x_wconf 85' lang='grc' dir='ltr'>ὑπὲρ</span> <span class='ocrx_word' id='word_1_34' title='bbox 1127 382 1204 419; x_wconf 82' lang='grc' dir='ltr'>τῶν</span> <span class='ocrx_word' id='word_1_35' title='bbox 1223 379 1382 430; x_wconf 86' lang='grc' dir='ltr'>ἀπόρων</span> <span class='ocrx_word' id='word_1_36' title='bbox 1396 380 1445 418; x_wconf 85' lang='grc' dir='ltr'>τὰ</span> <span class='ocrx_word' id='word_1_37' title='bbox 1463 378 1579 419; x_wconf 86' lang='grc' dir='ltr'>δίκαι’</span> 
     </span>
     <span class='ocr_line' id='line_1_11' title="bbox 253 444 1578 500; baseline 0.002 -15"><span class='ocrx_word' id='word_1_38' title='bbox 253 446 316 486; x_wconf 87' lang='grc' dir='ltr'>ἐπὶ</span> <span class='ocrx_word' id='word_1_39' title='bbox 344 449 397 500; x_wconf 82' lang='grc' dir='ltr'>τῷ</span> <span class='ocrx_word' id='word_1_40' title='bbox 423 445 669 499; x_wconf 87' lang='grc' dir='ltr'>συμφέροντι</span> <span class='ocrx_word' id='word_1_41' title='bbox 699 448 768 496; x_wconf 84' lang='grc' dir='ltr'>τῆς</span> <span class='ocrx_word' id='word_1_42' title='bbox 797 446 952 488; x_wconf 85' lang='grc' dir='ltr'>πόλεως</span> <span class='ocrx_word' id='word_1_43' title='bbox 983 447 1107 486; x_wconf 85' lang='grc' dir='ltr'>εἰπεῖν</span> <span class='ocrx_word' id='word_1_44' title='bbox 1131 444 1229 497; x_wconf 88' lang='grc' dir='ltr'>πρὸς</span> <span class='ocrx_word' id='word_1_45' title='bbox 1257 445 1346 487; x_wconf 81' lang='grc' dir='ltr'>τοὺς</span> <span class='ocrx_word' id='word_1_46' title='bbox 1375 444 1578 498; x_wconf 81' lang='grc' dir='ltr'>εὐπόρους,</span> 
     </span>
    </p>
   </div>
   <div class='ocr_carea' id='block_1_9' title="bbox 252 511 1618 565">
    <p class='ocr_par' dir='ltr' id='par_1_9' title="bbox 252 511 1618 565">
     <span class='ocr_line' id='line_1_12' title="bbox 252 511 1618 565; baseline 0.001 -13"><span class='ocrx_word' id='word_1_47' title='bbox 252 513 314 553; x_wconf 85' lang='grc' dir='ltr'>καὶ</span> <span class='ocrx_word' id='word_1_48' title='bbox 338 513 437 565; x_wconf 80' lang='grc' dir='ltr'>ὑπὲρ</span> <span class='ocrx_word' id='word_1_49' title='bbox 454 516 531 554; x_wconf 85' lang='grc' dir='ltr'>τῶν</span> <span class='ocrx_word' id='word_1_50' title='bbox 552 512 799 564; x_wconf 83' lang='grc' dir='ltr'>κεκτημένων</span> <span class='ocrx_word' id='word_1_51' title='bbox 823 514 893 554; x_wconf 85' lang='grc' dir='ltr'>τὰς</span> <span class='ocrx_word' id='word_1_52' title='bbox 918 512 1056 554; x_wconf 84' lang='grc' dir='ltr'>οὐσίας</span> <span class='ocrx_word' id='word_1_53' title='bbox 1081 512 1178 564; x_wconf 83' lang='grc' dir='ltr'>πρὸς</span> <span class='ocrx_word' id='word_1_54' title='bbox 1196 511 1286 554; x_wconf 83' lang='grc' dir='ltr'>τοὺς</span> <span class='ocrx_word' id='word_1_55' title='bbox 1311 513 1491 554; x_wconf 82' lang='grc' dir='ltr'>ἐπιδεεῖς.</span> <span class='ocrx_word' id='word_1_56' title='bbox 1545 513 1581 553; x_wconf 81' lang='grc' dir='ltr'>εἰ</span> <span class='ocrx_word' id='word_1_57' title='bbox 1600 528 1618 560; x_wconf 87' lang='grc'><strong>5</strong></span> 
     </span>
    </p>
   </div>
   <div class='ocr_carea' id='block_1_10' title="bbox 249 578 1582 2034">
    <p class='ocr_par' dir='ltr' id='par_1_10' title="bbox 249 578 1582 2034">
     <span class='ocr_line' id='line_1_13' title="bbox 250 578 1579 634; baseline -0.001 -14"><span class='ocrx_word' id='word_1_58' title='bbox 250 578 461 631; x_wconf 86' lang='grc' dir='ltr'>ἀνέλοιμεν</span> <span class='ocrx_word' id='word_1_59' title='bbox 487 581 530 620; x_wconf 85' lang='grc' dir='ltr'>ἐκ</span> <span class='ocrx_word' id='word_1_60' title='bbox 553 579 678 631; x_wconf 86' lang='grc' dir='ltr'>μέσου</span> <span class='ocrx_word' id='word_1_61' title='bbox 700 580 762 620; x_wconf 80' lang='grc' dir='ltr'>καὶ</span> <span class='ocrx_word' id='word_1_62' title='bbox 787 583 857 622; x_wconf 83' lang='grc' dir='ltr'>τὰς</span> <span class='ocrx_word' id='word_1_63' title='bbox 882 580 1150 632; x_wconf 81' lang='grc' dir='ltr'>βλασφημίας</span> <span class='ocrx_word' id='word_1_64' title='bbox 1176 580 1220 621; x_wconf 77' lang='grc' dir='ltr'>ἃς</span> <span class='ocrx_word' id='word_1_65' title='bbox 1246 579 1310 619; x_wconf 88' lang='grc' dir='ltr'>ἐπὶ</span> <span class='ocrx_word' id='word_1_66' title='bbox 1335 582 1387 634; x_wconf 80' lang='grc' dir='ltr'>τῷ</span> <span class='ocrx_word' id='word_1_67' title='bbox 1409 581 1579 633; x_wconf 82' lang='grc' dir='ltr'>θεωρικῷ</span> 
     </span>
     <span class='ocr_line' id='line_1_14' title="bbox 250 644 1582 699; baseline 0 -13"><span class='ocrx_word' id='word_1_68' title='bbox 250 647 457 687; x_wconf 84' lang='grc' dir='ltr'>ποιοῦνταί</span> <span class='ocrx_word' id='word_1_69' title='bbox 472 663 575 689; x_wconf 91' lang='grc' dir='ltr'>τινες</span> <span class='ocrx_word' id='word_1_70' title='bbox 594 647 684 699; x_wconf 88' lang='grc' dir='ltr'>οὐχὶ</span> <span class='ocrx_word' id='word_1_71' title='bbox 709 648 879 693; x_wconf 83' lang='grc' dir='ltr'>δικαίως,</span> <span class='ocrx_word' id='word_1_72' title='bbox 903 647 965 687; x_wconf 84' lang='grc' dir='ltr'>καὶ</span> <span class='ocrx_word' id='word_1_73' title='bbox 984 646 1052 687; x_wconf 86' lang='grc' dir='ltr'>τὸν</span> <span class='ocrx_word' id='word_1_74' title='bbox 1072 647 1219 698; x_wconf 85' lang='grc' dir='ltr'>φόβον,</span> <span class='ocrx_word' id='word_1_75' title='bbox 1242 646 1294 688; x_wconf 83' lang='grc' dir='ltr'>ὡς</span> <span class='ocrx_word' id='word_1_76' title='bbox 1319 646 1363 686; x_wconf 88' lang='grc' dir='ltr'>οὐ</span> <span class='ocrx_word' id='word_1_77' title='bbox 1388 644 1582 696; x_wconf 85' lang='grc' dir='ltr'>στήσεται</span> 
     </span>
     <span class='ocr_line' id='line_1_15' title="bbox 249 712 1582 765; baseline -0.001 -12"><span class='ocrx_word' id='word_1_78' title='bbox 249 712 352 753; x_wconf 85' lang='grc' dir='ltr'>τοῦτ’</span> <span class='ocrx_word' id='word_1_79' title='bbox 377 712 470 754; x_wconf 82' lang='grc' dir='ltr'>ἄνευ</span> <span class='ocrx_word' id='word_1_80' title='bbox 498 712 675 764; x_wconf 83' lang='grc' dir='ltr'>μεγάλου</span> <span class='ocrx_word' id='word_1_81' title='bbox 703 713 809 755; x_wconf 84' lang='grc' dir='ltr'>τινὸς</span> <span class='ocrx_word' id='word_1_82' title='bbox 841 717 971 759; x_wconf 78' lang='grc' dir='ltr'>κακοῦ,</span> <span class='ocrx_word' id='word_1_83' title='bbox 999 713 1110 754; x_wconf 80' lang='grc' dir='ltr'>οὐδὲν</span> <span class='ocrx_word' id='word_1_84' title='bbox 1136 713 1184 753; x_wconf 81' lang='grc' dir='ltr'>ἂν</span> <span class='ocrx_word' id='word_1_85' title='bbox 1210 714 1264 754; x_wconf 86' lang='grc' dir='ltr'>εἰς</span> <span class='ocrx_word' id='word_1_86' title='bbox 1294 714 1342 752; x_wconf 80' lang='grc' dir='ltr'>τὰ</span> <span class='ocrx_word' id='word_1_87' title='bbox 1372 712 1582 765; x_wconf 90' lang='grc' dir='ltr'>πράγματα</span> 
     </span>
     <span class='ocr_line' id='line_1_16' title="bbox 249 779 1580 836; baseline -0.001 -15"><span class='ocrx_word' id='word_1_88' title='bbox 249 780 381 830; x_wconf 78' lang='grc' dir='ltr'>μεῖζον</span> <span class='ocrx_word' id='word_1_89' title='bbox 418 780 756 832; x_wconf 80' lang='grc' dir='ltr'>εἰσενεγκαίμεθα,</span> <span class='ocrx_word' id='word_1_90' title='bbox 795 779 874 820; x_wconf 80' lang='grc' dir='ltr'>οὐδ’</span> <span class='ocrx_word' id='word_1_91' title='bbox 913 781 935 819; x_wconf 89' lang='grc' dir='ltr'><em>ὅ</em></span> <span class='ocrx_word' id='word_1_92' title='bbox 972 797 1009 820; x_wconf 89' lang='grc' dir='ltr'>τι</span> <span class='ocrx_word' id='word_1_93' title='bbox 1051 786 1159 836; x_wconf 85' lang='grc' dir='ltr'>κοινῇ</span> <span class='ocrx_word' id='word_1_94' title='bbox 1200 783 1356 831; x_wconf 76' lang='grc' dir='ltr'>μᾶλλον</span> <span class='ocrx_word' id='word_1_95' title='bbox 1395 779 1444 820; x_wconf 81' lang='grc' dir='ltr'>ἂν</span> <span class='ocrx_word' id='word_1_96' title='bbox 1481 780 1580 829; x_wconf 85' lang='grc' dir='ltr'>ὅλην</span> 
     </span>
     <span class='ocr_line' id='line_1_17' title="bbox 251 846 1580 899; baseline -0.001 -12"><span class='ocrx_word' id='word_1_97' title='bbox 251 846 484 899; x_wconf 86' lang='grc' dir='ltr'>ἐπιρρώσειε</span> <span class='ocrx_word' id='word_1_98' title='bbox 515 846 587 897; x_wconf 78' lang='grc' dir='ltr'>τὴν</span> <span class='ocrx_word' id='word_1_99' title='bbox 619 847 752 887; x_wconf 91' lang='grc' dir='ltr'>πόλιν.</span> <span class='ocrx_word' id='word_1_100' title='bbox 823 847 971 887; x_wconf 86' lang='grc' dir='ltr'>οὑτωσὶ</span> <span class='ocrx_word' id='word_1_101' title='bbox 1003 848 1044 887; x_wconf 81' lang='grc' dir='ltr'>δὲ</span> <span class='ocrx_word' id='word_1_102' title='bbox 1078 850 1276 887; x_wconf 86' lang='grc' dir='ltr'>σκοπεῖτε·</span> <span class='ocrx_word' id='word_1_103' title='bbox 1315 848 1388 898; x_wconf 87' lang='grc' dir='ltr'>ἐρῶ</span> <span class='ocrx_word' id='word_1_104' title='bbox 1422 846 1454 886; x_wconf 85' lang='grc' dir='ltr'>δ’</span> <span class='ocrx_word' id='word_1_105' title='bbox 1483 847 1580 898; x_wconf 81' lang='grc' dir='ltr'>ὑπὲρ</span> 
     </span>
     <span class='ocr_line' id='line_1_18' title="bbox 250 912 1582 968; baseline 0 -16"><span class='ocrx_word' id='word_1_106' title='bbox 250 917 328 953; x_wconf 87' lang='grc' dir='ltr'>τῶν</span> <span class='ocrx_word' id='word_1_107' title='bbox 354 914 396 954; x_wconf 84' lang='grc' dir='ltr'>ἐν</span> <span class='ocrx_word' id='word_1_108' title='bbox 421 914 536 968; x_wconf 75' lang='grc' dir='ltr'>χρείᾳ</span> <span class='ocrx_word' id='word_1_109' title='bbox 560 913 781 954; x_wconf 84' lang='grc' dir='ltr'>δοκούντων</span> <span class='ocrx_word' id='word_1_110' title='bbox 806 913 905 954; x_wconf 80' lang='grc' dir='ltr'>εἶναι</span> <span class='ocrx_word' id='word_1_111' title='bbox 930 914 1133 965; x_wconf 88' lang='grc' dir='ltr'>πρότερον.</span> <span class='ocrx_word' id='word_1_112' title='bbox 1204 912 1251 963; x_wconf 80' lang='grc' dir='ltr'>ἦν</span> <span class='ocrx_word' id='word_1_113' title='bbox 1276 913 1361 953; x_wconf 88' lang='grc' dir='ltr'>ποτ’</span> <span class='ocrx_word' id='word_1_114' title='bbox 1387 913 1431 953; x_wconf 88' lang='grc' dir='ltr'>οὐ</span> <span class='ocrx_word' id='word_1_115' title='bbox 1456 912 1582 954; x_wconf 85' lang='grc' dir='ltr'>πάλαι</span> 
     </span>
     <span class='ocr_line' id='line_1_19' title="bbox 251 978 1582 1037; baseline -0.002 -17"><span class='ocrx_word' id='word_1_116' title='bbox 251 979 342 1032; x_wconf 78' lang='grc' dir='ltr'>παρ’</span> <span class='ocrx_word' id='word_1_117' title='bbox 367 981 469 1031; x_wconf 85' lang='grc' dir='ltr'>ὑμῖν,</span> <span class='ocrx_word' id='word_1_118' title='bbox 496 980 552 1020; x_wconf 82' lang='grc' dir='ltr'>ὅτ’</span> <span class='ocrx_word' id='word_1_119' title='bbox 578 980 623 1020; x_wconf 88' lang='grc' dir='ltr'>οὐ</span> <span class='ocrx_word' id='word_1_120' title='bbox 652 982 822 1035; x_wconf 86' lang='grc' dir='ltr'>προσῄει</span> <span class='ocrx_word' id='word_1_121' title='bbox 845 986 894 1037; x_wconf 78' lang='grc' dir='ltr'>τῇ</span> <span class='ocrx_word' id='word_1_122' title='bbox 921 981 1036 1021; x_wconf 91' lang='grc' dir='ltr'>πόλει</span> <span class='ocrx_word' id='word_1_123' title='bbox 1064 979 1227 1020; x_wconf 84' lang='grc' dir='ltr'>τάλανθ’</span> <span class='ocrx_word' id='word_1_124' title='bbox 1252 981 1349 1031; x_wconf 80' lang='grc' dir='ltr'>ὑπὲρ</span> <span class='ocrx_word' id='word_1_125' title='bbox 1372 978 1582 1032; x_wconf 86' lang='grc' dir='ltr'>τριάκοντα</span> 
     </span>
     <span class='ocr_line' id='line_1_20' title="bbox 252 1044 1581 1099; baseline -0.001 -12"><span class='ocrx_word' id='word_1_126' title='bbox 252 1047 314 1087; x_wconf 87' lang='grc' dir='ltr'>καὶ</span> <span class='ocrx_word' id='word_1_127' title='bbox 351 1047 504 1088; x_wconf 82' lang='grc' dir='ltr'>ἑκατόν·</span> <span class='ocrx_word' id='word_1_128' title='bbox 543 1047 606 1087; x_wconf 83' lang='grc' dir='ltr'>καὶ</span> <span class='ocrx_word' id='word_1_129' title='bbox 642 1047 768 1089; x_wconf 76' lang='grc' dir='ltr'>οὐδεὶς</span> <span class='ocrx_word' id='word_1_130' title='bbox 803 1044 922 1099; x_wconf 83' lang='grc' dir='ltr'>[ἐστι]</span> <span class='ocrx_word' id='word_1_131' title='bbox 956 1051 1034 1087; x_wconf 88' lang='grc' dir='ltr'>τῶν</span> <span class='ocrx_word' id='word_1_132' title='bbox 1069 1049 1320 1099; x_wconf 81' lang='grc' dir='ltr'>τριηραρχεῖν</span> <span class='ocrx_word' id='word_1_133' title='bbox 1356 1045 1581 1097; x_wconf 85' lang='grc' dir='ltr'>δυναμένων</span> 
     </span>
     <span class='ocr_line' id='line_1_21' title="bbox 251 1111 1581 1167; baseline 0 -14"><span class='ocrx_word' id='word_1_134' title='bbox 251 1113 338 1154; x_wconf 85' lang='grc' dir='ltr'>οὐδὲ</span> <span class='ocrx_word' id='word_1_135' title='bbox 363 1117 440 1154; x_wconf 88' lang='grc' dir='ltr'>τῶν</span> <span class='ocrx_word' id='word_1_136' title='bbox 465 1113 670 1167; x_wconf 85' lang='grc' dir='ltr'>εἰσφέρειν</span> <span class='ocrx_word' id='word_1_137' title='bbox 695 1115 807 1156; x_wconf 86' lang='grc' dir='ltr'>ὅστις</span> <span class='ocrx_word' id='word_1_138' title='bbox 832 1114 900 1154; x_wconf 89' lang='grc' dir='ltr'>οὐκ</span> <span class='ocrx_word' id='word_1_139' title='bbox 925 1111 1034 1164; x_wconf 80' lang='grc' dir='ltr'>ἠξίου</span> <span class='ocrx_word' id='word_1_140' title='bbox 1060 1115 1108 1153; x_wconf 78' lang='grc' dir='ltr'>τὰ</span> <span class='ocrx_word' id='word_1_141' title='bbox 1134 1112 1339 1164; x_wconf 85' lang='grc' dir='ltr'>καθήκοντ’</span> <span class='ocrx_word' id='word_1_142' title='bbox 1359 1112 1422 1165; x_wconf 83' lang='grc' dir='ltr'>ἐφ’</span> <span class='ocrx_word' id='word_1_143' title='bbox 1441 1112 1581 1154; x_wconf 84' lang='grc' dir='ltr'>ἑαυτὸν</span> 
     </span>
     <span class='ocr_line' id='line_1_22' title="bbox 252 1179 1580 1234; baseline -0.001 -14"><span class='ocrx_word' id='word_1_144' title='bbox 252 1184 390 1226; x_wconf 81' lang='grc' dir='ltr'>ποιεῖν,</span> <span class='ocrx_word' id='word_1_145' title='bbox 418 1182 479 1221; x_wconf 90' lang='grc' dir='ltr'>ὅτι</span> <span class='ocrx_word' id='word_1_146' title='bbox 502 1179 669 1234; x_wconf 83' lang='grc' dir='ltr'>χρήματ’</span> <span class='ocrx_word' id='word_1_147' title='bbox 689 1181 734 1222; x_wconf 90' lang='grc' dir='ltr'>οὐ</span> <span class='ocrx_word' id='word_1_148' title='bbox 760 1183 911 1233; x_wconf 85' lang='grc' dir='ltr'>περιῆν,</span> <span class='ocrx_word' id='word_1_149' title='bbox 934 1181 1042 1221; x_wconf 83' lang='grc' dir='ltr'>ἀλλὰ</span> <span class='ocrx_word' id='word_1_150' title='bbox 1068 1180 1129 1220; x_wconf 88' lang='grc' dir='ltr'>καὶ</span> <span class='ocrx_word' id='word_1_151' title='bbox 1153 1179 1321 1233; x_wconf 87' lang='grc' dir='ltr'>τριήρεις</span> <span class='ocrx_word' id='word_1_152' title='bbox 1346 1179 1491 1221; x_wconf 80' lang='grc' dir='ltr'>ἔπλεον</span> <span class='ocrx_word' id='word_1_153' title='bbox 1517 1179 1580 1220; x_wconf 91' lang='grc' dir='ltr'>καὶ</span> 
     </span>
     <span class='ocr_line' id='line_1_23' title="bbox 250 1246 1582 1300; baseline 0 -14"><span class='ocrx_word' id='word_1_154' title='bbox 250 1246 418 1300; x_wconf 82' lang='grc' dir='ltr'>χρήματ’</span> <span class='ocrx_word' id='word_1_155' title='bbox 455 1248 635 1300; x_wconf 83' lang='grc' dir='ltr'>ἐγίγνετο</span> <span class='ocrx_word' id='word_1_156' title='bbox 678 1248 741 1288; x_wconf 85' lang='grc' dir='ltr'>καὶ</span> <span class='ocrx_word' id='word_1_157' title='bbox 779 1247 893 1289; x_wconf 85' lang='grc' dir='ltr'>πάντ’</span> <span class='ocrx_word' id='word_1_158' title='bbox 931 1249 1139 1298; x_wconf 80' lang='grc' dir='ltr'>ἐποιοῦμεν</span> <span class='ocrx_word' id='word_1_159' title='bbox 1173 1249 1223 1287; x_wconf 82' lang='grc' dir='ltr'>τὰ</span> <span class='ocrx_word' id='word_1_160' title='bbox 1261 1246 1413 1288; x_wconf 87' lang='grc' dir='ltr'>δέοντα.</span> <span class='ocrx_word' id='word_1_161' title='bbox 1482 1248 1582 1297; x_wconf 80' lang='grc' dir='ltr'>μετὰ</span> 
     </span>
     <span class='ocr_line' id='line_1_24' title="bbox 250 1312 1578 1368; baseline -0.001 -14"><span class='ocrx_word' id='word_1_162' title='bbox 250 1313 358 1354; x_wconf 82' lang='grc' dir='ltr'>ταῦθ’</span> <span class='ocrx_word' id='word_1_163' title='bbox 390 1314 413 1365; x_wconf 86' lang='grc' dir='ltr'>ἡ</span> <span class='ocrx_word' id='word_1_164' title='bbox 447 1315 561 1368; x_wconf 82' lang='grc' dir='ltr'>τύχη,</span> <span class='ocrx_word' id='word_1_165' title='bbox 597 1319 726 1358; x_wconf 87' lang='grc' dir='ltr'>καλῶς</span> <span class='ocrx_word' id='word_1_166' title='bbox 760 1318 941 1361; x_wconf 82' lang='grc' dir='ltr'>ποιοῦσα,</span> <span class='ocrx_word' id='word_1_167' title='bbox 976 1315 1111 1355; x_wconf 82' lang='grc' dir='ltr'>πολλὰ</span> <span class='ocrx_word' id='word_1_168' title='bbox 1147 1315 1338 1361; x_wconf 89' lang='grc' dir='ltr'>πεποίηκε</span> <span class='ocrx_word' id='word_1_169' title='bbox 1370 1315 1419 1354; x_wconf 82' lang='grc' dir='ltr'>τὰ</span> <span class='ocrx_word' id='word_1_170' title='bbox 1455 1312 1578 1359; x_wconf 90' lang='grc' dir='ltr'>κοινά,</span> 
     </span>
     <span class='ocr_line' id='line_1_25' title="bbox 251 1380 1577 1433; baseline 0 -13"><span class='ocrx_word' id='word_1_171' title='bbox 251 1380 314 1421; x_wconf 84' lang='grc' dir='ltr'>καὶ</span> <span class='ocrx_word' id='word_1_172' title='bbox 355 1381 574 1432; x_wconf 77' lang='grc' dir='ltr'>τετρακόσι’</span> <span class='ocrx_word' id='word_1_173' title='bbox 616 1382 704 1422; x_wconf 82' lang='grc' dir='ltr'>ἀντὶ</span> <span class='ocrx_word' id='word_1_174' title='bbox 745 1386 822 1423; x_wconf 82' lang='grc' dir='ltr'>τῶν</span> <span class='ocrx_word' id='word_1_175' title='bbox 866 1381 1006 1424; x_wconf 84' lang='grc' dir='ltr'>ἑκατὸν</span> <span class='ocrx_word' id='word_1_176' title='bbox 1047 1380 1252 1422; x_wconf 83' lang='grc' dir='ltr'>ταλάντων</span> <span class='ocrx_word' id='word_1_177' title='bbox 1299 1380 1577 1433; x_wconf 87' lang='grc' dir='ltr'>προσέρχεται,</span> 
     </span>
     <span class='ocr_line' id='line_1_26' title="bbox 250 1447 1580 1501; baseline -0.001 -14"><span class='ocrx_word' id='word_1_178' title='bbox 250 1447 408 1489; x_wconf 88' lang='grc' dir='ltr'>οὐδενὸς</span> <span class='ocrx_word' id='word_1_179' title='bbox 440 1448 553 1489; x_wconf 78' lang='grc' dir='ltr'>οὐδὲν</span> <span class='ocrx_word' id='word_1_180' title='bbox 586 1448 840 1500; x_wconf 76' lang='grc' dir='ltr'>ζημιουμένου</span> <span class='ocrx_word' id='word_1_181' title='bbox 873 1453 952 1489; x_wconf 85' lang='grc' dir='ltr'>τῶν</span> <span class='ocrx_word' id='word_1_182' title='bbox 980 1450 1051 1490; x_wconf 80' lang='grc' dir='ltr'>τὰς</span> <span class='ocrx_word' id='word_1_183' title='bbox 1083 1448 1219 1490; x_wconf 81' lang='grc' dir='ltr'>οὐσίας</span> <span class='ocrx_word' id='word_1_184' title='bbox 1254 1448 1442 1501; x_wconf 84' lang='grc' dir='ltr'>ἐχόντων,</span> <span class='ocrx_word' id='word_1_185' title='bbox 1473 1448 1580 1487; x_wconf 86' lang='grc' dir='ltr'>ἀλλὰ</span> 
     </span>
     <span class='ocr_line' id='line_1_27' title="bbox 252 1514 1577 1568; baseline 0 -14"><span class='ocrx_word' id='word_1_186' title='bbox 252 1514 313 1554; x_wconf 90' lang='grc' dir='ltr'>καὶ</span> <span class='ocrx_word' id='word_1_187' title='bbox 333 1515 733 1567; x_wconf 82' lang='grc' dir='ltr'>προσλαμβάνοντος·</span> <span class='ocrx_word' id='word_1_188' title='bbox 770 1518 806 1556; x_wconf 87' lang='grc' dir='ltr'>οἱ</span> <span class='ocrx_word' id='word_1_189' title='bbox 831 1517 908 1568; x_wconf 77' lang='grc' dir='ltr'>γὰρ</span> <span class='ocrx_word' id='word_1_190' title='bbox 933 1516 1091 1568; x_wconf 84' lang='grc' dir='ltr'>εὔποροι</span> <span class='ocrx_word' id='word_1_191' title='bbox 1109 1514 1253 1556; x_wconf 87' lang='grc' dir='ltr'>πάντες</span> <span class='ocrx_word' id='word_1_192' title='bbox 1277 1514 1461 1568; x_wconf 84' lang='grc' dir='ltr'>ἔρχονται</span> <span class='ocrx_word' id='word_1_193' title='bbox 1483 1516 1577 1565; x_wconf 93' lang='grc' dir='ltr'>μεθ-</span> 
     </span>
     <span class='ocr_line' id='line_1_28' title="bbox 251 1580 1579 1632; baseline -0.002 -10"><span class='ocrx_word' id='word_1_194' title='bbox 251 1580 407 1632; x_wconf 80' lang='grc' dir='ltr'>έξοντες</span> <span class='ocrx_word' id='word_1_195' title='bbox 432 1582 582 1629; x_wconf 82' lang='grc' dir='ltr'>τούτου,</span> <span class='ocrx_word' id='word_1_196' title='bbox 605 1582 668 1622; x_wconf 87' lang='grc' dir='ltr'>καὶ</span> <span class='ocrx_word' id='word_1_197' title='bbox 694 1586 823 1624; x_wconf 88' lang='grc' dir='ltr'>καλῶς</span> <span class='ocrx_word' id='word_1_198' title='bbox 848 1585 1042 1623; x_wconf 84' lang='grc' dir='ltr'>ποιοῦσιν.</span> <span class='ocrx_word' id='word_1_199' title='bbox 1106 1583 1147 1622; x_wconf 88' lang='grc' dir='ltr'>τί</span> <span class='ocrx_word' id='word_1_200' title='bbox 1169 1581 1235 1622; x_wconf 68' lang='grc' dir='ltr'>οὖν</span> <span class='ocrx_word' id='word_1_201' title='bbox 1259 1582 1452 1632; x_wconf 87' lang='grc' dir='ltr'>μαθόντες</span> <span class='ocrx_word' id='word_1_202' title='bbox 1477 1580 1579 1620; x_wconf 84' lang='grc' dir='ltr'>τοῦτ’</span> 
     </span>
     <span class='ocr_line' id='line_1_29' title="bbox 251 1647 1578 1702; baseline 0 -14"><span class='ocrx_word' id='word_1_203' title='bbox 251 1648 490 1699; x_wconf 78' lang='grc' dir='ltr'>ὀνειδίζομεν</span> <span class='ocrx_word' id='word_1_204' title='bbox 505 1647 699 1699; x_wconf 83' lang='grc' dir='ltr'>ἀλλήλοις</span> <span class='ocrx_word' id='word_1_205' title='bbox 717 1649 779 1689; x_wconf 87' lang='grc' dir='ltr'>καὶ</span> <span class='ocrx_word' id='word_1_206' title='bbox 795 1648 998 1702; x_wconf 88' lang='grc' dir='ltr'>προφάσει</span> <span class='ocrx_word' id='word_1_207' title='bbox 1015 1649 1200 1702; x_wconf 84' lang='grc' dir='ltr'>χρώμεθα</span> <span class='ocrx_word' id='word_1_208' title='bbox 1215 1651 1283 1688; x_wconf 83' lang='grc' dir='ltr'>τοῦ</span> <span class='ocrx_word' id='word_1_209' title='bbox 1300 1649 1421 1699; x_wconf 83' lang='grc' dir='ltr'>μηδὲν</span> <span class='ocrx_word' id='word_1_210' title='bbox 1438 1651 1578 1694; x_wconf 85' lang='grc' dir='ltr'>ποιεῖν,</span> 
     </span>
     <span class='ocr_line' id='line_1_30' title="bbox 251 1714 1580 1771; baseline 0.002 -17"><span class='ocrx_word' id='word_1_211' title='bbox 251 1714 356 1765; x_wconf 78' lang='grc' dir='ltr'>πλὴν</span> <span class='ocrx_word' id='word_1_212' title='bbox 386 1716 419 1756; x_wconf 92' lang='grc' dir='ltr'>εἰ</span> <span class='ocrx_word' id='word_1_213' title='bbox 447 1716 493 1771; x_wconf 83' lang='grc' dir='ltr'>τῇ</span> <span class='ocrx_word' id='word_1_214' title='bbox 520 1717 624 1767; x_wconf 79' lang='grc' dir='ltr'>παρὰ</span> <span class='ocrx_word' id='word_1_215' title='bbox 652 1718 720 1766; x_wconf 84' lang='grc' dir='ltr'>τῆς</span> <span class='ocrx_word' id='word_1_216' title='bbox 749 1716 871 1769; x_wconf 86' lang='grc' dir='ltr'>τύχης</span> <span class='ocrx_word' id='word_1_217' title='bbox 900 1717 1069 1770; x_wconf 77' lang='grc' dir='ltr'>βοηθείᾳ</span> <span class='ocrx_word' id='word_1_218' title='bbox 1093 1716 1278 1769; x_wconf 77' lang='grc' dir='ltr'>γεγονυίᾳ</span> <span class='ocrx_word' id='word_1_219' title='bbox 1306 1718 1387 1756; x_wconf 84' lang='grc' dir='ltr'>τοῖς</span> <span class='ocrx_word' id='word_1_220' title='bbox 1416 1715 1580 1767; x_wconf 85' lang='grc' dir='ltr'>ἀπόροις</span> 
     </span>
     <span class='ocr_line' id='line_1_31' title="bbox 251 1780 1581 1834; baseline 0 -13"><span class='ocrx_word' id='word_1_221' title='bbox 251 1783 477 1834; x_wconf 81' lang='grc' dir='ltr'>φθονοῦμεν</span> <span class='ocrx_word' id='word_1_222' title='bbox 484 1798 496 1829; x_wconf 89' lang='lat'>‚·</span> <span class='ocrx_word' id='word_1_223' title='bbox 535 1782 601 1824; x_wconf 82' lang='grc' dir='ltr'>οὓς</span> <span class='ocrx_word' id='word_1_224' title='bbox 625 1781 705 1822; x_wconf 78' lang='grc' dir='ltr'>οὔτ’</span> <span class='ocrx_word' id='word_1_225' title='bbox 724 1781 773 1823; x_wconf 81' lang='grc' dir='ltr'>ἂν</span> <span class='ocrx_word' id='word_1_226' title='bbox 792 1784 1049 1833; x_wconf 87' lang='grc' dir='ltr'>αἰτιασαίμην</span> <span class='ocrx_word' id='word_1_227' title='bbox 1069 1783 1207 1834; x_wconf 84' lang='grc' dir='ltr'>ἔγωγε,</span> <span class='ocrx_word' id='word_1_228' title='bbox 1229 1781 1309 1822; x_wconf 79' lang='grc' dir='ltr'>οὔτ’</span> <span class='ocrx_word' id='word_1_229' title='bbox 1329 1780 1436 1832; x_wconf 81' lang='grc' dir='ltr'>ἀξιῶ.</span> <span class='ocrx_word' id='word_1_230' title='bbox 1490 1781 1581 1822; x_wconf 82' lang='grc' dir='ltr'>οὐδὲ</span> 
     </span>
     <span class='ocr_line' id='line_1_32' title="bbox 251 1848 1580 1903; baseline 0.002 -15"><span class='ocrx_word' id='word_1_231' title='bbox 251 1849 328 1900; x_wconf 81' lang='grc' dir='ltr'>γὰρ</span> <span class='ocrx_word' id='word_1_232' title='bbox 363 1849 405 1889; x_wconf 84' lang='grc' dir='ltr'>ἐν</span> <span class='ocrx_word' id='word_1_233' title='bbox 441 1852 525 1890; x_wconf 84' lang='grc' dir='ltr'>ταῖς</span> <span class='ocrx_word' id='word_1_234' title='bbox 565 1849 681 1891; x_wconf 86' lang='grc' dir='ltr'>ἰδίαις</span> <span class='ocrx_word' id='word_1_235' title='bbox 717 1850 855 1891; x_wconf 86' lang='grc' dir='ltr'>οἰκίαις</span> <span class='ocrx_word' id='word_1_236' title='bbox 892 1850 967 1901; x_wconf 85' lang='grc' dir='ltr'>ὁρῶ</span> <span class='ocrx_word' id='word_1_237' title='bbox 1004 1849 1073 1890; x_wconf 85' lang='grc' dir='ltr'>τὸν</span> <span class='ocrx_word' id='word_1_238' title='bbox 1109 1850 1152 1889; x_wconf 87' lang='grc' dir='ltr'>ἐν</span> <span class='ocrx_word' id='word_1_239' title='bbox 1187 1849 1321 1903; x_wconf 79' lang='grc' dir='ltr'>ἡλικίᾳ</span> <span class='ocrx_word' id='word_1_240' title='bbox 1356 1848 1453 1900; x_wconf 85' lang='grc' dir='ltr'>πρὸς</span> <span class='ocrx_word' id='word_1_241' title='bbox 1488 1848 1580 1890; x_wconf 84' lang='grc' dir='ltr'>τοὺς</span> 
     </span>
     <span class='ocr_line' id='line_1_33' title="bbox 251 1914 1580 1968; baseline 0 -14"><span class='ocrx_word' id='word_1_242' title='bbox 251 1914 547 1968; x_wconf 83' lang='grc' dir='ltr'>πρεσβυτέρους</span> <span class='ocrx_word' id='word_1_243' title='bbox 581 1916 682 1956; x_wconf 83' lang='grc' dir='ltr'>οὕτω</span> <span class='ocrx_word' id='word_1_244' title='bbox 720 1918 963 1967; x_wconf 88' lang='grc' dir='ltr'>διακείμενον</span> <span class='ocrx_word' id='word_1_245' title='bbox 1000 1915 1080 1956; x_wconf 88' lang='grc' dir='ltr'>οὐδ’</span> <span class='ocrx_word' id='word_1_246' title='bbox 1114 1917 1235 1958; x_wconf 84' lang='grc' dir='ltr'>οὕτως</span> <span class='ocrx_word' id='word_1_247' title='bbox 1271 1914 1467 1967; x_wconf 83' lang='grc' dir='ltr'>ἀγνώμον’</span> <span class='ocrx_word' id='word_1_248' title='bbox 1500 1914 1580 1955; x_wconf 89' lang='grc' dir='ltr'>οὐδ’</span> 
     </span>
     <span class='ocr_line' id='line_1_34' title="bbox 250 1980 1580 2034; baseline 0.002 -13"><span class='ocrx_word' id='word_1_249' title='bbox 250 1980 399 2023; x_wconf 85' lang='grc' dir='ltr'>ἄτοπον</span> <span class='ocrx_word' id='word_1_250' title='bbox 424 1986 502 2023; x_wconf 81' lang='grc' dir='ltr'>τῶν</span> <span class='ocrx_word' id='word_1_251' title='bbox 527 1984 652 2023; x_wconf 85' lang='grc' dir='ltr'>ὄντων</span> <span class='ocrx_word' id='word_1_252' title='bbox 678 1982 830 2030; x_wconf 83' lang='grc' dir='ltr'>οὐδένα,</span> <span class='ocrx_word' id='word_1_253' title='bbox 858 1984 974 2030; x_wconf 85' lang='grc' dir='ltr'>ὥστε,</span> <span class='ocrx_word' id='word_1_254' title='bbox 1003 1984 1036 2024; x_wconf 92' lang='grc' dir='ltr'>εἰ</span> <span class='ocrx_word' id='word_1_255' title='bbox 1065 1982 1116 2034; x_wconf 81' lang='grc' dir='ltr'>μὴ</span> <span class='ocrx_word' id='word_1_256' title='bbox 1143 1981 1384 2033; x_wconf 88' lang='grc' dir='ltr'>ποιήσουσιν</span> <span class='ocrx_word' id='word_1_257' title='bbox 1408 1981 1580 2023; x_wconf 82' lang='grc' dir='ltr'>ἅπαντες</span> 
     </span>
    </p>
   </div>
   <div class='ocr_carea' id='block_1_11' title="bbox 296 2092 1577 2135">
    <p class='ocr_par' dir='ltr' id='par_1_11' title="bbox 296 2092 1577 2135">
     <span class='ocr_line' id='line_1_35' title="bbox 296 2092 1577 2135; baseline -0.001 -10"><span class='ocrx_word' id='word_1_258' title='bbox 296 2103 309 2122; x_wconf 93' lang='lat'>1</span> <span class='ocrx_word' id='word_1_259' title='bbox 352 2093 435 2135; x_wconf 81' lang='grc' dir='ltr'>παρά</span> <span class='ocrx_word' id='word_1_260' title='bbox 466 2107 524 2125; x_wconf 85' lang='grc' dir='ltr'>του</span> <span class='ocrx_word' id='word_1_261' title='bbox 556 2093 685 2125; x_wconf 84' lang='lat' dir='ltr'>SAO:</span> <span class='ocrx_word' id='word_1_262' title='bbox 734 2095 818 2134; x_wconf 82' lang='grc' dir='ltr'>παρὰ</span> <span class='ocrx_word' id='word_1_263' title='bbox 849 2096 947 2125; x_wconf 73' lang='grc' dir='ltr'>’τοῦτο</span> <span class='ocrx_word' id='word_1_264' title='bbox 981 2093 1106 2124; x_wconf 82' lang='lat' dir='ltr'>FYP:</span> <span class='ocrx_word' id='word_1_265' title='bbox 1147 2093 1230 2135; x_wconf 85' lang='grc' dir='ltr'>παρά</span> <span class='ocrx_word' id='word_1_266' title='bbox 1266 2106 1323 2125; x_wconf 85' lang='grc' dir='ltr'>του</span> <span class='ocrx_word' id='word_1_267' title='bbox 1359 2095 1456 2124; x_wconf 81' lang='grc' dir='ltr'>τοῦτο</span> <span class='ocrx_word' id='word_1_268' title='bbox 1488 2092 1577 2131; x_wconf 85' lang='lat' dir='ltr'>vulg.</span> 
     </span>
    </p>
   </div>
   <div class='ocr_carea' id='block_1_12' title="bbox 248 2135 1580 2439">
    <p class='ocr_par' dir='ltr' id='par_1_12' title="bbox 248 2135 1580 2439">
     <span class='ocr_line' id='line_1_36' title="bbox 249 2135 1578 2179; baseline 0 -12"><span class='ocrx_word' id='word_1_269' title='bbox 249 2147 268 2166; x_wconf 81' lang='lat'><em>2</em></span> <span class='ocrx_word' id='word_1_270' title='bbox 300 2135 413 2177; x_wconf 80' lang='grc' dir='ltr'>λέγειν</span> <span class='ocrx_word' id='word_1_271' title='bbox 437 2143 514 2176; x_wconf 76' lang='lat' dir='ltr'>post</span> <span class='ocrx_word' id='word_1_272' title='bbox 540 2141 700 2179; x_wconf 82' lang='grc' dir='ltr'>φοβοῦμαι</span> <span class='ocrx_word' id='word_1_273' title='bbox 725 2138 801 2168; x_wconf 81' lang='lat' dir='ltr'>add.</span> <span class='ocrx_word' id='word_1_274' title='bbox 818 2138 929 2176; x_wconf 63' lang='lat' dir='ltr'>vulg:</span> <span class='ocrx_word' id='word_1_275' title='bbox 963 2148 1026 2169; x_wconf 87' lang='lat' dir='ltr'>om.</span> <span class='ocrx_word' id='word_1_276' title='bbox 1048 2138 1071 2168; x_wconf 83' lang='lat' dir='ltr'>S</span> <span class='ocrx_word' id='word_1_277' title='bbox 1097 2138 1188 2167; x_wconf 80' lang='lat' dir='ltr'>solus</span> <span class='ocrx_word' id='word_1_278' title='bbox 1320 2146 1339 2175; x_wconf 87' lang='grc'>5</span> <span class='ocrx_word' id='word_1_279' title='bbox 1373 2138 1508 2168; x_wconf 84' lang='grc' dir='ltr'>ἐπιδεεῖς</span> <span class='ocrx_word' id='word_1_280' title='bbox 1533 2136 1578 2166; x_wconf 86' lang='lat' dir='ltr'>S:</span> 
     </span>
     <span class='ocr_line' id='line_1_37' title="bbox 249 2178 1580 2222; baseline 0 -11"><span class='ocrx_word' id='word_1_281' title='bbox 249 2183 415 2212; x_wconf 76' lang='grc' dir='ltr'>καταδεεῖς</span> <span class='ocrx_word' id='word_1_282' title='bbox 432 2181 521 2220; x_wconf 85' lang='lat' dir='ltr'><strong>vulg.</strong></span> <span class='ocrx_word' id='word_1_283' title='bbox 632 2181 795 2222; x_wconf 81' lang='grc' dir='ltr'>ἐπιδεεῖς.]</span> <span class='ocrx_word' id='word_1_284' title='bbox 815 2181 1027 2220; x_wconf 83' lang='lat' dir='ltr'>interpunxit</span> <span class='ocrx_word' id='word_1_285' title='bbox 1044 2180 1137 2212; x_wconf 85' lang='lat' dir='ltr'>Weil</span> <span class='ocrx_word' id='word_1_286' title='bbox 1296 2181 1316 2210; x_wconf 90' lang='lat'>8</span> <span class='ocrx_word' id='word_1_287' title='bbox 1340 2179 1375 2211; x_wconf 73' lang='grc' dir='ltr'>οὗ</span> <span class='ocrx_word' id='word_1_288' title='bbox 1392 2185 1470 2210; x_wconf 83' lang='lat' dir='ltr'><strong>ante</strong></span> <span class='ocrx_word' id='word_1_289' title='bbox 1489 2178 1580 2211; x_wconf 83' lang='grc' dir='ltr'>οὐδὲν</span> 
     </span>
     <span class='ocr_line' id='line_1_38' title="bbox 248 2221 1579 2266; baseline -0.001 -12"><span class='ocrx_word' id='word_1_290' title='bbox 248 2224 325 2254; x_wconf 83' lang='lat' dir='ltr'>add.</span> <span class='ocrx_word' id='word_1_291' title='bbox 343 2224 432 2263; x_wconf 85' lang='lat' dir='ltr'><strong>vulg.</strong></span> <span class='ocrx_word' id='word_1_292' title='bbox 449 2236 455 2256; x_wconf 74' lang='grc' dir='ltr'>ε</span> <span class='ocrx_word' id='word_1_293' title='bbox 482 2235 547 2255; x_wconf 89' lang='lat' dir='ltr'>om.</span> <span class='ocrx_word' id='word_1_294' title='bbox 569 2224 648 2256; x_wconf 83' lang='lat' dir='ltr'>S¹A</span> <span class='ocrx_word' id='word_1_295' title='bbox 831 2234 865 2254; x_wconf 90' lang='lat'>11</span> <span class='ocrx_word' id='word_1_296' title='bbox 892 2224 1052 2266; x_wconf 81' lang='grc' dir='ltr'>προτέρων</span> <span class='ocrx_word' id='word_1_297' title='bbox 1069 2225 1093 2255; x_wconf 84' lang='lat' dir='ltr'>S</span> <span class='ocrx_word' id='word_1_298' title='bbox 1270 2234 1308 2262; x_wconf 86' lang='lat'>13</span> <span class='ocrx_word' id='word_1_299' title='bbox 1334 2226 1405 2255; x_wconf 85' lang='grc' dir='ltr'>ἐστι</span> <span class='ocrx_word' id='word_1_300' title='bbox 1423 2223 1448 2254; x_wconf 85' lang='lat' dir='ltr'>S</span> <span class='ocrx_word' id='word_1_301' title='bbox 1461 2223 1486 2253; x_wconf 82' lang='lat' dir='ltr'>F</span> <span class='ocrx_word' id='word_1_302' title='bbox 1502 2235 1508 2253; x_wconf 71' lang='grc' dir='ltr'><em>τ</em></span> <span class='ocrx_word' id='word_1_303' title='bbox 1540 2221 1579 2260; x_wconf 81' lang='grc' dir='ltr'>ἦν</span> 
     </span>
     <span class='ocr_line' id='line_1_39' title="bbox 250 2262 1576 2308; baseline 0 -10"><span class='ocrx_word' id='word_1_304' title='bbox 250 2266 338 2305; x_wconf 85' lang='lat' dir='ltr'>vulg.</span> <span class='ocrx_word' id='word_1_305' title='bbox 357 2279 362 2298; x_wconf 75' lang='grc' dir='ltr'>ε</span> <span class='ocrx_word' id='word_1_306' title='bbox 399 2268 481 2298; x_wconf 80' lang='lat' dir='ltr'><strong>secl.</strong></span> <span class='ocrx_word' id='word_1_307' title='bbox 511 2267 611 2299; x_wconf 82' lang='lat' dir='ltr'>Blass</span> <span class='ocrx_word' id='word_1_308' title='bbox 791 2278 829 2306; x_wconf 87' lang='lat'>14</span> <span class='ocrx_word' id='word_1_309' title='bbox 863 2269 912 2308; x_wconf 86' lang='grc' dir='ltr'>ἐφ’</span> <span class='ocrx_word' id='word_1_310' title='bbox 939 2270 1052 2300; x_wconf 82' lang='grc' dir='ltr'>ἑαυτὸν</span> <span class='ocrx_word' id='word_1_311' title='bbox 1085 2268 1108 2298; x_wconf 88' lang='lat' dir='ltr'>S</span> <span class='ocrx_word' id='word_1_312' title='bbox 1122 2268 1146 2298; x_wconf 82' lang='lat' dir='ltr'>F</span> <span class='ocrx_word' id='word_1_313' title='bbox 1175 2278 1260 2299; x_wconf 82' lang='lat' dir='ltr'>corr.</span> <span class='ocrx_word' id='word_1_314' title='bbox 1293 2267 1459 2306; x_wconf 84' lang='lat' dir='ltr'><strong>Harpocr.</strong></span> <span class='ocrx_word' id='word_1_315' title='bbox 1476 2278 1483 2296; x_wconf 76' lang='lat' dir='ltr'>t</span> <span class='ocrx_word' id='word_1_316' title='bbox 1522 2262 1576 2307; x_wconf 82' lang='grc' dir='ltr'>ἀφ’</span> 
     </span>
     <span class='ocr_line' id='line_1_40' title="bbox 250 2309 1576 2351; baseline -0.002 -9"><span class='ocrx_word' id='word_1_317' title='bbox 250 2311 365 2342; x_wconf 80' lang='grc' dir='ltr'>ἑαυτοῦ</span> <span class='ocrx_word' id='word_1_318' title='bbox 382 2311 470 2350; x_wconf 87' lang='lat' dir='ltr'>vulg.</span> <span class='ocrx_word' id='word_1_319' title='bbox 641 2322 682 2342; x_wconf 83' lang='lat'>20</span> <span class='ocrx_word' id='word_1_320' title='bbox 707 2312 1015 2351; x_wconf 80' lang='grc' dir='ltr'>προσλαμβάνοντος</span> <span class='ocrx_word' id='word_1_321' title='bbox 1034 2311 1100 2342; x_wconf 85' lang='lat' dir='ltr'>SA</span> <span class='ocrx_word' id='word_1_322' title='bbox 1119 2323 1126 2342; x_wconf 79' lang='lat' dir='ltr'><em>z</em></span> <span class='ocrx_word' id='word_1_323' title='bbox 1151 2311 1472 2351; x_wconf 83' lang='grc' dir='ltr'>προσλαμβανόντων</span> <span class='ocrx_word' id='word_1_324' title='bbox 1487 2309 1576 2348; x_wconf 86' lang='lat' dir='ltr'>vulg.</span> 
     </span>
     <span class='ocr_line' id='line_1_41' title="bbox 251 2353 1579 2394; baseline 0.001 -11"><span class='ocrx_word' id='word_1_325' title='bbox 251 2364 289 2383; x_wconf 84' lang='lat'>21</span> <span class='ocrx_word' id='word_1_326' title='bbox 315 2354 472 2393; x_wconf 83' lang='grc' dir='ltr'>μαθόντες</span> <span class='ocrx_word' id='word_1_327' title='bbox 491 2356 514 2385; x_wconf 80' lang='lat' dir='ltr'>S</span> <span class='ocrx_word' id='word_1_328' title='bbox 526 2354 556 2385; x_wconf 91' lang='lat' dir='ltr'><strong>A</strong></span> <span class='ocrx_word' id='word_1_329' title='bbox 570 2355 606 2385; x_wconf 82' lang='lat' dir='ltr'>F¹</span> <span class='ocrx_word' id='word_1_330' title='bbox 622 2366 628 2385; x_wconf 91' lang='lat'>:</span> <span class='ocrx_word' id='word_1_331' title='bbox 653 2355 809 2387; x_wconf 84' lang='grc' dir='ltr'>παθόντες</span> <span class='ocrx_word' id='word_1_332' title='bbox 825 2355 916 2393; x_wconf 85' lang='lat' dir='ltr'>vulg.</span> <span class='ocrx_word' id='word_1_333' title='bbox 1081 2365 1123 2385; x_wconf 90' lang='lat'>22</span> <span class='ocrx_word' id='word_1_334' title='bbox 1146 2357 1213 2387; x_wconf 81' lang='grc' dir='ltr'>τῶν</span> <span class='ocrx_word' id='word_1_335' title='bbox 1229 2354 1368 2387; x_wconf 83' lang='grc' dir='ltr'>δεόντων</span> <span class='ocrx_word' id='word_1_336' title='bbox 1385 2359 1462 2394; x_wconf 83' lang='lat' dir='ltr'>post</span> <span class='ocrx_word' id='word_1_337' title='bbox 1477 2353 1579 2393; x_wconf 82' lang='grc' dir='ltr'>μηδὲν</span> 
     </span>
     <span class='ocr_line' id='line_1_42' title="bbox 250 2397 1579 2439; baseline 0 -11"><span class='ocrx_word' id='word_1_338' title='bbox 250 2397 326 2428; x_wconf 84' lang='lat' dir='ltr'>add.</span> <span class='ocrx_word' id='word_1_339' title='bbox 345 2397 434 2436; x_wconf 78' lang='lat' dir='ltr'>vulg.</span> <span class='ocrx_word' id='word_1_340' title='bbox 450 2413 455 2430; x_wconf 91' lang='lat'>:</span> <span class='ocrx_word' id='word_1_341' title='bbox 483 2409 548 2429; x_wconf 91' lang='lat' dir='ltr'>om.</span> <span class='ocrx_word' id='word_1_342' title='bbox 571 2398 637 2429; x_wconf 80' lang='lat' dir='ltr'>SA</span> <span class='ocrx_word' id='word_1_343' title='bbox 785 2408 825 2437; x_wconf 81' lang='lat'>25</span> <span class='ocrx_word' id='word_1_344' title='bbox 850 2398 925 2439; x_wconf 83' lang='grc' dir='ltr'>τὸν]</span> <span class='ocrx_word' id='word_1_345' title='bbox 944 2402 1009 2431; x_wconf 83' lang='grc' dir='ltr'>τῶν</span> <span class='ocrx_word' id='word_1_346' title='bbox 1025 2398 1124 2430; x_wconf 88' lang='lat' dir='ltr'>Vind.</span> <span class='ocrx_word' id='word_1_347' title='bbox 1149 2408 1162 2428; x_wconf 94' lang='lat'>1</span> <span class='ocrx_word' id='word_1_348' title='bbox 1311 2408 1350 2437; x_wconf 85' lang='lat'>27</span> <span class='ocrx_word' id='word_1_349' title='bbox 1376 2399 1498 2430; x_wconf 81' lang='grc' dir='ltr'>ἄτοπον</span> <span class='ocrx_word' id='word_1_350' title='bbox 1513 2400 1579 2429; x_wconf 80' lang='grc' dir='ltr'>τῶν</span> 
     </span>
    </p>
   </div>
   <div class='ocr_carea' id='block_1_13' title="bbox 251 2441 899 2481">
    <p class='ocr_par' dir='ltr' id='par_1_13' title="bbox 251 2441 899 2481">
     <span class='ocr_line' id='line_1_43' title="bbox 251 2441 899 2481; baseline -0.002 -8"><span class='ocrx_word' id='word_1_351' title='bbox 251 2442 353 2473; x_wconf 77' lang='grc' dir='ltr'>ὄντων</span> <span class='ocrx_word' id='word_1_352' title='bbox 371 2442 394 2472; x_wconf 83' lang='lat' dir='ltr'>S</span> <span class='ocrx_word' id='word_1_353' title='bbox 406 2441 437 2472; x_wconf 90' lang='lat' dir='ltr'>A</span> <span class='ocrx_word' id='word_1_354' title='bbox 453 2452 459 2472; x_wconf 89' lang='lat'><strong>:</strong></span> <span class='ocrx_word' id='word_1_355' title='bbox 485 2443 696 2474; x_wconf 83' lang='grc' dir='ltr'>ἀτοπώτατον</span> <span class='ocrx_word' id='word_1_356' title='bbox 713 2441 793 2474; x_wconf 78' lang='grc' dir='ltr'>ὄντα</span> <span class='ocrx_word' id='word_1_357' title='bbox 808 2441 899 2481; x_wconf 82' lang='lat' dir='ltr'><strong>vulg.</strong></span> 
     </span>
    </p>
   </div>
   <div class='ocr_carea' id='block_1_14' title="bbox 1604 861 1642 884">
    <p class='ocr_par' dir='ltr' id='par_1_14' title="bbox 1604 861 1642 884">
     <span class='ocr_line' id='line_1_44' title="bbox 1604 861 1642 884; baseline -0.026 0"><span class='ocrx_word' id='word_1_358' title='bbox 1604 861 1642 884; x_wconf 92' lang='lat'>10</span> 
     </span>
    </p>
   </div>
   <div class='ocr_carea' id='block_1_15' title="bbox 1604 1192 1640 1225">
    <p class='ocr_par' dir='ltr' id='par_1_15' title="bbox 1604 1192 1640 1225">
     <span class='ocr_line' id='line_1_45' title="bbox 1604 1192 1640 1225; baseline 0 0"><span class='ocrx_word' id='word_1_359' title='bbox 1604 1192 1640 1225; x_wconf 87' lang='lat'>15</span> 
     </span>
    </p>
   </div>
   <div class='ocr_carea' id='block_1_16' title="bbox 1602 1527 1642 1551">
    <p class='ocr_par' dir='ltr' id='par_1_16' title="bbox 1602 1527 1642 1551">
     <span class='ocr_line' id='line_1_46' title="bbox 1602 1527 1642 1551; baseline 0.05 -2"><span class='ocrx_word' id='word_1_360' title='bbox 1602 1527 1642 1551; x_wconf 90' lang='lat'>20</span> 
     </span>
    </p>
   </div>
   <div class='ocr_carea' id='block_1_17' title="bbox 1602 1861 1639 1894">
    <p class='ocr_par' dir='ltr' id='par_1_17' title="bbox 1602 1861 1639 1894">
     <span class='ocr_line' id='line_1_47' title="bbox 1602 1861 1639 1894; baseline 0 0"><span class='ocrx_word' id='word_1_361' title='bbox 1602 1861 1639 1894; x_wconf 87' lang='lat'>²5</span> 
     </span>
    </p>
   </div>
  </div>
 </body>
</html>
