1763 2828
82 108 198 163 [239]

152 290 197 327 41

79 812 195 868 [240]

153 896 197 929 42

151 1364 196 1398 43

151 1897 198 1931 44

655 107 1142 145 ΔΗΜΟΣΘΕΝΟὙΣ
1437 102 1557 155 [xvm

229 209 426 264 πράγματ’
446 212 596 252 ἐκεῖνον
619 210 688 264 ὑφ’
714 214 837 265 ἑαυτῷ
863 209 1119 260 ποιήσασθαν
1157 210 1204 261 ἐξ
1226 211 1280 251 ὧν
1304 213 1388 252 ταῖς
1413 209 1556 262 παρού-

229 294 320 320 σαις
362 281 585 330 συμφοραῖς
626 280 662 319 οἱ
703 279 947 329 ταλαίπωροι
989 277 1209 330 κέχρηνται.
1281 277 1301 316 ὁ
1338 279 1379 318 δὲ
1417 277 1559 327 ταύτης

227 347 298 396 τῆς
327 346 498 387 πίστεως
528 344 631 399 αὐτῷ
663 344 853 397 συνεργὸς
885 344 946 384 καὶ
981 343 1281 396 συναγωνιστὴς
1312 344 1376 384 καὶ
1408 344 1429 383 ὁ
1458 342 1559 396 δεῦρ’

229 412 479 464 ἀπαγγείλας
507 413 555 451 τὰ
579 413 707 464 ψευδῆ
740 413 802 452 καὶ
827 413 1047 463 φενακίσας
1075 412 1188 462 ὑμᾶς,
1215 410 1329 453 οὗτός
1353 409 1440 450 ἐσθ’
1465 411 1486 449 ὁ
1509 411 1558 450 τὰ

230 479 427 529 Θηβαίων
456 479 691 531 ὀδυρόμενος
720 482 789 519 νῦν
818 477 922 528 πάθη
955 478 1017 518 καὶ
1050 477 1202 528 διεξιὼν
1233 477 1285 520 ὡς
1314 476 1461 529 οἰκτρά,
1497 477 1559 517 καὶ
1578 494 1596 526 5

228 545 375 586 τούτων
401 546 463 586 καὶ
487 549 565 585 τῶν
586 546 628 586 ἐν
649 548 831 586 Φωκεῦσι
858 549 983 585 κακῶν
1010 546 1071 586 καὶ
1096 544 1160 584 ὅσ’
1180 544 1286 584 ἄλλα
1311 544 1559 584 πεπόνθασιν

228 614 264 653 οἱ
277 611 478 662 ’Έλληνες
494 611 678 653 ἁπάντων
694 611 810 654 αὐτὸς
827 610 879 652 ὢν
897 613 1031 654 αἴτιος.
1103 614 1225 661 δῆλον
1244 613 1319 663 γὰρ
1339 612 1398 651 ὅτι
1418 610 1469 650 σὺ
1487 612 1559 661 μὲν

228 679 365 731 ἀλγεῖς
391 679 454 719 ἐπὶ
478 682 561 721 τοῖς
586 679 906 730 συμβεβηκόσιν,
935 680 1120 731 Αἰσχίνη,
1150 679 1212 718 καὶ
1235 678 1324 720 τοὺς
1350 678 1559 728 Θηβαίους

229 747 366 793 ἐλεεῖς,
386 743 545 796 κτήματ’
562 745 665 798 ἔχων
691 746 732 785 ἐν
756 751 804 802 τῇ
824 746 991 799 Βοιωτίᾳ
1017 745 1080 785 καὶ
1105 748 1292 797 γεωργῶν
1312 746 1358 784 τὰ
1383 746 1556 791 ἐκείνων,

228 813 307 864 ἐγὼ
327 814 368 852 δὲ
387 813 525 865 χαίρω,
543 811 586 854 ὃς
611 811 723 854 εὐθὺς
748 810 965 868 ἐξῃτούμην
990 811 1065 852 ὑπὸ
1089 816 1156 852 τοῦ
1180 815 1299 852 ταῦτα
1325 810 1557 863 πράξαντος.

296 878 427 919 Ἀλλὰ
445 879 521 931 γὰρ
540 877 762 929 ἐμπέπτωκ’
783 879 838 920 εἰς
861 879 1020 931 λόγους,
1041 878 1107 920 οὓς
1126 879 1263 919 αὐτίκα
1286 880 1442 929 μᾶλλον
1461 880 1560 920 ἴσως

228 946 396 998 ἁρμόσει
418 944 565 998 λέγειν.
639 944 819 996 ἐπάνειμι
843 944 890 995 δὴ
916 944 1037 986 πάλιν
1062 945 1126 986 ἐπὶ
1151 946 1220 986 τὰς
1249 943 1480 995 ἀποδείξεις,
1508 945 1560 987 ὡς

227 1014 276 1052 τὰ
300 1013 449 1054 τούτων
475 1011 693 1063 ἀδικήματα
717 1015 795 1053 τῶν
820 1011 904 1053 νυνὶ
930 1012 1137 1063 παρόντων
1161 1010 1402 1064 πραγμάτων
1426 1011 1559 1064 γέγον’

227 1081 345 1121 αἴτια.

294 1146 456 1197 Ἐπειδὴ
478 1149 552 1199 γὰρ
572 1145 825 1198 ἐξηπάτησθε
848 1148 921 1197 μὲν
946 1147 1054 1197 ὑμεῖς
1077 1145 1152 1186 ὑπὸ
1177 1149 1246 1186 τοῦ
1265 1146 1472 1186 Φιλίππου
1497 1147 1560 1186 διὰ

226 1215 376 1255 τούτων
407 1217 486 1254 τῶν
519 1215 561 1255 ἐν
590 1218 675 1257 ταῖς
707 1214 944 1266 πρεσβείαις
976 1212 1271 1265 μισθωσάντων
1304 1212 1464 1255 ἑαυτοὺς
1497 1213 1559 1253 καὶ

227 1282 340 1323 οὐδὲν
365 1282 510 1332 ἀληθὲς
539 1282 628 1332 ὑμῖν
659 1280 1003 1333 ἀπαγγειλάντων,
1030 1278 1276 1330 ἐξηπάτηντο
1306 1279 1340 1320 δ’
1365 1281 1401 1320 οἱ
1425 1280 1560 1320 ταλαί-

227 1366 352 1401 πωροι
377 1351 530 1391 Φωκεῖς
556 1348 618 1389 καὶ
643 1347 828 1405 ἀνῄρηνθ’
847 1349 886 1388 αἱ
912 1348 1049 1389 πόλεις
1074 1347 1215 1394 αὐτῶν,
1242 1348 1283 1388 τί
1306 1346 1484 1399 ἐγένετο;
1523 1348 1560 1387 οἱ

225 1417 298 1466 μὲν
329 1415 597 1457 κατάπτυστοι
627 1415 828 1456 Θετταλοὶ
859 1415 922 1455 καὶ
953 1415 1187 1464 ἀναίσθητοι
1213 1416 1393 1465 Θηβαῖοι
1421 1414 1557 1465 φίλον,

227 1482 447 1536 εὐεργέτην,
476 1485 636 1534 σωτῆρα
660 1482 728 1523 τὸν
754 1483 960 1523 Φίλιππον
984 1482 1165 1533 ἡγοῦντο·
1203 1480 1317 1522 πάντ’
1340 1482 1488 1522 ἐκεῖνος
1513 1479 1561 1530 ἦν

226 1549 370 1592 αὐτοῖς·
408 1549 496 1590 οὐδὲ
521 1549 659 1601 φωνὴν
684 1549 826 1600 ἤκουον
852 1550 889 1589 εἵ
916 1566 973 1590 τις
1000 1548 1103 1588 ἄλλο
1128 1565 1165 1588 τι
1194 1547 1384 1598 βούλοιτο
1408 1546 1557 1599 λέγειν.

224 1617 333 1668 ὑμεῖς
352 1616 385 1657 δ’
402 1617 651 1668 ὑφορώμενοι
669 1617 717 1656 τὰ
735 1615 994 1668 πεπραγμένα
1014 1615 1077 1655 καὶ
1096 1616 1423 1668 δυσχεραίνοντες
1441 1614 1560 1666 ἤγετε

225 1683 296 1734 τὴν
317 1682 472 1736 εἰρήνην
498 1683 613 1734 ὅμως·
653 1682 697 1723 οὐ
716 1684 791 1735 γὰρ
810 1681 859 1733 ἦν
876 1683 898 1722 ὅ
921 1699 957 1722 τι
982 1681 1029 1723 ἂν
1051 1683 1231 1723 ἐποιεῖτε.
1292 1681 1354 1721 καὶ
1379 1683 1415 1722 οῖ
1440 1681 1560 1721 ἄλλοι

227 1750 259 1791 δ’
278 1749 492 1801 “Έλληνες,
520 1751 664 1801 ὁμοίως
687 1751 778 1801 ὑμῖν
803 1747 1141 1802 πεφενακισμένοι
1166 1748 1229 1788 καὶ
1254 1749 1560 1801 διημαρτηκότες

227 1818 281 1858 ὧν
314 1817 505 1868 ἤλπισαν,
538 1816 637 1870 ἦγον
669 1816 741 1867 τὴν
773 1816 931 1869 εἰρήνην
963 1815 1144 1867 ἄσμενοι,
1177 1815 1238 1856 καὶ
1271 1816 1381 1856 αὐτοὶ
1413 1816 1560 1867 τρόπον

228 1884 302 1926 τιν’
332 1886 374 1925 ἐκ
407 1887 562 1925 πολλοῦ
591 1884 893 1935 πολεμούμενοι.
968 1885 1034 1924 ὅτε
1063 1884 1138 1935 γὰρ
1168 1883 1329 1935 περιιὼν
1358 1883 1560 1924 Φίλιππος

271 2006 290 2026 2
326 1997 452 2033 θηβαῖοι
479 1998 558 2024 ante
588 1993 763 2035 κέχρηνται
794 1994 870 2024 add.
900 1993 925 2023 L
948 1992 1060 2032 vulg.:
1096 1998 1172 2033 post
1197 1992 1371 2034 κέχρηνται
1395 1991 1446 2024 Α;
1481 1997 1560 2032 post

227 2039 403 2079 κέχρηνται
421 2039 450 2070 οἵ
466 2038 664 2079 ταλαίπωροι
683 2037 815 2077 Oxyrh.
834 2047 1006 2076 papyrus:
1032 2047 1098 2068 om.
1117 2036 1141 2067 S
1159 2036 1252 2067 solus
1374 2046 1395 2075 9
1419 2037 1559 2075 κτήματ’

227 2083 315 2121 vulg.
331 2094 337 2113 :
362 2082 456 2121 κτῆμ’
476 2082 500 2113 S
518 2082 611 2112 solus
767 2091 802 2111 11
829 2083 905 2112 ἴσως
922 2086 1000 2111 ante
1018 2080 1150 2121 ἁρμόσει
1167 2079 1279 2121 λέγειν
1295 2080 1372 2110 add.
1392 2079 1416 2110 S
1429 2079 1455 2109 L
1469 2079 1536 2110 FO
1553 2092 1560 2110 :

228 2131 304 2166 post
322 2125 454 2168 ἁρμόσει
471 2125 583 2166 λέγειν
599 2124 687 2163 vulg.
704 2136 711 2157 z
738 2134 801 2155 om.
818 2124 920 2154 Vind.
943 2134 956 2153 1
977 2123 1110 2162 Oxyrh.
1129 2133 1205 2163 pap.
1365 2134 1402 2153 12
1428 2123 1495 2163 ἐπὶ]
1515 2125 1560 2156 εἷς

228 2170 328 2201 Vind.
350 2179 362 2199 1
488 2179 526 2208 13
551 2168 730 2208 ἀδικήματα
747 2167 771 2199 5
784 2167 822 2197 Ll
841 2167 972 2207 Oxyrh.
992 2177 1066 2207 pap.
1084 2179 1090 2199 :
1118 2166 1298 2206 ἀδικήματα
1315 2168 1366 2198 καὶ
1383 2167 1558 2208 δωροδοκή·

227 2227 313 2253 ματα
329 2213 360 2243 Α
375 2212 399 2244 S
411 2226 462 2254 γρ.
481 2224 487 2243 z
512 2212 761 2253 δωροδοκήματα
777 2212 827 2243 καὶ
846 2211 1024 2250 ἀδικήματα
1044 2210 1070 2240 F
1084 2211 1175 2250 vulg.
1271 2211 1310 2240 16
1333 2214 1409 2249 post
1427 2211 1559 2242 ἑαυτοὺς

227 2258 301 2288 add.
320 2261 364 2298 τῷ
381 2256 527 2296 Φιλίππῳ
545 2256 569 2287 S
582 2256 608 2285 L
625 2256 714 2294 vulg.
733 2266 738 2284 :
765 2254 909 2297 [εκει]νω
927 2254 1059 2292 Oxyrh.
1079 2264 1155 2294 pap.
1173 2265 1179 2284 :
1204 2263 1267 2284 orn.
1285 2253 1317 2283 A
1415 2263 1457 2292 23
1482 2258 1559 2292 post

228 2303 367 2332 ἐποιεῖτε
384 2300 461 2331 add.
479 2299 569 2339 μόνοι
588 2299 613 2329 L
629 2299 654 2329 F
671 2298 760 2339 vulg.
780 2309 787 2328 :
810 2308 873 2328 om.
893 2297 959 2328 SA
977 2297 1107 2336 Oxyrh.
1126 2308 1201 2337 pap.
1359 2307 1400 2335 25
1426 2299 1558 2337 ἄσμενοι

227 2345 280 2376 καὶ
297 2354 362 2374 om.
383 2344 407 2374 S
426 2343 557 2382 Oxyrh.
577 2352 655 2383 pap.
812 2343 855 2371 26
879 2343 895 2374 ὁ
912 2346 990 2372 ante
1007 2342 1161 2374 Φίλιππος
1178 2341 1252 2372 add.
1273 2340 1298 2370 L
1310 2340 1336 2371 F
1352 2341 1441 2380 vulg.
1458 2352 1464 2371 :
1491 2351 1555 2371 om.

229 2386 296 2418 SA
313 2386 445 2427 Oxyrh.
464 2396 539 2426 pap.

1582 827 1621 850 10

1583 1161 1619 1193 15

1582 1495 1621 1518 20

1583 1830 1620 1862 ²5
