1763 2828
87 154 189 208 [191]

73 1568 183 1660 [1923

645 154 1137 193 ΔΗΜΟΣΘΕΝΟΎΣ
1483 150 1553 206 [xv

218 259 353 309 μόνοις
380 254 456 309 τῆς
492 259 620 299 αὑτῶν
656 259 853 310 σωτηρίας
890 257 998 311 ἔχειν
1029 259 1098 299 τὰς
1131 259 1307 300 ἐλπίδας.
1378 257 1489 309 ἄξιον
1521 259 1555 300 δ’

217 326 389 376 ἡσθῆναι
407 329 459 380 τῷ
481 326 647 378 παρόντι
675 329 807 380 καιρῷ·
847 323 1100 375 συμβήσεται
1120 326 1195 377 γὰρ
1213 326 1316 376 ὑμῖν,
1338 326 1407 366 ἐὰν
1431 326 1456 366 ἃ
1478 325 1556 379 χρὴ

217 392 491 444 βουλεύσησθ’
517 393 613 444 ὑπὲρ
646 391 776 438 αὐτοῦ,
811 393 881 434 τὰς
910 393 1015 444 παρὰ
1043 395 1120 432 τῶν
1150 392 1456 444 διαβαλλόντων
1484 392 1556 444 τὴν

217 460 336 500 πόλιν
361 460 471 511 ἡμῶν
496 460 765 512 βλασφημίας
799 459 900 514 ἔργῳ
927 460 1026 510 μετὰ
1051 457 1167 509 δόξης
1198 461 1320 509 καλῆς
1349 459 1554 500 ἀπολύσα-

218 530 324 568 σθαι.
350 543 351 546 ’
383 526 603 583 ᾐτιάσαντο
622 528 695 577 μὲν
715 528 790 579 γὰρ
814 527 914 578 ἡμᾶς
937 527 1213 577 ἐπιβουλεύειν
1233 527 1363 568 αὐτοῖς
1381 529 1474 567 Χῖοι
1494 526 1557 567 καὶ

217 591 423 645 Βυζάντιοι
455 594 518 634 καὶ
547 592 701 639 Ῥόδιοι,
738 595 799 634 καὶ
833 595 895 634 διὰ
926 596 1047 633 ταῦτα
1075 592 1332 644 συνέστησαν
1361 592 1428 646 ἐφ’
1455 593 1558 645 ἡμᾶς

215 661 285 702 τὸν
309 665 537 702 τελευταῖον
557 662 712 701 τουτονὶ
741 661 933 712 πόλεμον·
973 659 1197 713 φανήσεται
1221 660 1255 701 δ’
1275 661 1295 700 ὁ
1319 663 1392 712 μὲν
1411 677 1554 713 πρυτα-

215 728 360 770 νεύσας
392 731 513 768 ταῦτα
545 727 608 767 καὶ
642 727 786 769 πείσας
826 727 1068 773 Μαύσωλος,
1104 728 1224 780 φίλος
1257 726 1356 768 εἶναι
1388 726 1557 780 φάσκων

213 794 388 841 Ῥοδίων,
407 794 478 844 τὴν
495 795 724 846 ἐλευθερίαν
743 794 870 835 αὐτῶν
892 793 1158 850 ἀφῃρημένος,
1178 796 1214 835 οἶ
1230 793 1262 834 δ’
1278 793 1558 844 ἀποδείξαντες

217 861 377 903 ἑαυτοὺς
403 860 638 914 συμμάχους
666 863 757 901 Χῖοι
785 861 847 901 καὶ
879 860 1085 911 Βυζάντιοι
1105 864 1187 903 τοῖς
1213 860 1463 914 ἀτυχήμασιν
1489 861 1556 901 αὐ·
1579 877 1618 899 10

215 931 292 968 τῶν
322 929 367 970 οὐ
395 928 708 979 βεβοηθηκότες,
744 928 854 978 ὑμεῖς
889 927 935 973 δ’,
969 927 1035 969 οὓς
1066 929 1304 981 ἐφοβοῦντο,
1335 928 1450 979 μόνοι
1478 932 1557 968 τῶν

215 995 376 1036 πάντων
403 997 473 1046 τῆς
506 995 704 1047 σωτηρίας
738 994 870 1037 αὐτοῖς
909 996 1038 1035 αἴτιοι.
1110 995 1153 1035 ἐκ
1183 997 1225 1035 δὲ
1253 997 1322 1034 τοῦ
1349 994 1457 1034 ταῦθ’
1486 994 1556 1047 ὑφ’

1578 545 1596 577 ιη

214 1061 400 1103 ἁπάντων
427 1063 601 1115 ὀφθῆναι
635 1060 826 1112 ποιήσετε
864 1062 955 1104 τοὺς
986 1061 1163 1104 πολλοὺς
1196 1063 1239 1102 ἐν
1269 1061 1442 1103 ἁπάσαις
1471 1065 1558 1103 ταῖς

214 1129 359 1170 πόλεσι
383 1133 498 1170 τοῦτο
523 1131 726 1170 ποιεῖσθαι
758 1129 973 1180 σύμβολον
1002 1131 1071 1179 τῆς
1097 1129 1225 1170 αὑτῶν
1251 1129 1460 1181 σωτηρίας,
1488 1129 1556 1169 ἐὰν

213 1197 304 1248 ὑμῖν
329 1194 404 1237 ὦσι
430 1198 557 1250 φίλοι·
595 1195 641 1236 οὗ
669 1196 806 1247 μεῖζον
838 1195 951 1237 οὐδὲν
982 1195 1031 1237 ἂν
1055 1197 1147 1247 ὑμῖν
1171 1195 1317 1249 γένοιτ’
1342 1195 1505 1248 ἀγαθόν,
1532 1192 1555 1246 ἢ
1579 1213 1617 1246 15

214 1265 319 1315 παρὰ
345 1263 504 1305 πάντων
530 1263 702 1304 ἑκόντων
732 1263 959 1304 ἀνυπόπτου
988 1266 1122 1316 τυχεῖν
1147 1263 1313 1305 εὐνοίας.

282 1329 482 1381 Θαυμάζω
517 1330 551 1370 δ’
585 1331 644 1370 ὅτι
680 1329 770 1372 τοὺς
811 1329 950 1372 αὐτοὺς
986 1330 1061 1382 ὁρῶ
1094 1331 1192 1382 ὑπὲρ
1225 1332 1298 1381 μὲν
1330 1329 1557 1382 Αἰγυπτίων

213 1397 402 1438 τάναντία
421 1396 606 1450 πράττειν
633 1400 807 1448 βασιλεῖ
824 1396 896 1447 τὴν
917 1397 1036 1438 πόλιν
1056 1397 1277 1443 πείθοντας,
1298 1398 1397 1448 ὑπὲρ
1420 1398 1463 1437 δὲ
1486 1400 1557 1437 τοῦ

211 1462 372 1504 Ῥοδίων
398 1463 521 1515 δήμου
547 1462 829 1516 φοβουμένους
853 1463 922 1504 τὸν
952 1463 1075 1516 ἄνδρα
1099 1467 1249 1505 τοῦτον.
1315 1464 1441 1504 καίτοι
1464 1463 1556 1506 τοὺς

212 1532 285 1581 μὲν
302 1529 510 1582 “Έλληνας
539 1532 656 1573 ὄντας
688 1529 861 1572 ἅπαντες
893 1531 1022 1577 ἴσασι,
1049 1530 1138 1573 τοὺς
1169 1530 1202 1570 δ’
1228 1531 1270 1571 ἐν
1297 1535 1346 1587 τῇ
1375 1530 1479 1587 ἀρχῇ
1508 1536 1556 1588 τῇ
1578 1546 1617 1568 20

213 1596 355 1638 ’κείνου
387 1596 716 1650 μεμερισμένους.
790 1597 898 1648 οἶμαι
930 1597 963 1637 δ’
988 1598 1094 1649 ὑμῶν
1124 1597 1383 1649 μνημονεύειν
1411 1597 1551 1643 ἐνίους,

212 1664 272 1704 ὅτι
290 1664 391 1715 ἡνίκ’
409 1663 671 1716 ἐβουλεύεσθ’
695 1664 794 1716 ὑπὲρ
816 1667 894 1705 τῶν
911 1668 1150 1715 βασιλικῶν,
1172 1664 1382 1716 παρελθὼν
1399 1667 1554 1716 πρῶτος

211 1731 290 1783 ἐγὼ
310 1732 527 1788 παρῄνεσα,
550 1730 658 1782 οἶμαι
688 1732 730 1772 δὲ
761 1730 823 1771 καὶ
847 1731 967 1782 μόνος
991 1728 1015 1781 ἢ
1041 1731 1219 1783 δεύτερος
1243 1732 1381 1777 εἰπεῖν,
1403 1731 1462 1770 ὅτι
1486 1747 1553 1781 μοι

213 1801 440 1851 σωφρονεῖν
465 1797 513 1838 ἂν
540 1800 703 1845 δοκεῖτε,
733 1799 766 1839 εἰ
801 1797 873 1849 τὴν
899 1799 1107 1851 πρόφασιν
1131 1799 1200 1848 τῆς
1219 1799 1471 1850 παρασκευῆς
1498 1796 1552 1848 μὴ

211 1864 282 1915 τὴν
315 1864 412 1917 πρὸς
445 1867 598 1906 ἐκεῖνον
633 1864 781 1918 ἔχθρα-ν
820 1869 1015 1913 ποιοῖσθε,
1046 1865 1153 1906 ἀλλὰ
1186 1863 1553 1917 παρασκευάζοισθε
1573 1879 1612 1911 25

210 1933 284 1982 μὲν
307 1931 405 1983 πρὸς
430 1931 520 1974 τοὺς
548 1931 803 1985 ὑπάρχοντας
829 1933 1008 1986 ἐχθρούς,
1037 1933 1253 1984 ἀμύνοισθε
1283 1933 1325 1972 δὲ
1356 1932 1549 1977 κάκεῖνον,

212 2000 280 2039 ἐὰν
295 1999 394 2049 ὑμᾶς
414 2000 562 2040 ἀδικεῖν
583 1999 778 2056 ἐπιχειρῇ.
837 2000 898 2040 καὶ
915 1999 983 2040 οὐκ
1000 2000 1077 2052 ἐγὼ
1092 2001 1165 2050 μὲν
1182 1998 1294 2040 εἶπον
1309 2001 1442 2045 ταῦτα,
1459 1999 1550 2048 ὑμῖν

211 2065 245 2105 δ’
271 2066 340 2107 οὐκ
371 2066 532 2106 ἐδόκουν
561 2066 685 2118 ὀρθῶς
717 2065 863 2119 λέγειν,
891 2068 998 2107 ἀλλὰ
1029 2067 1091 2108 καὶ
1120 2067 1210 2118 ὑμῖν
1239 2064 1384 2119 ἤρεσκε
1413 2067 1547 2105 ταῦτα.

211 2132 430 2176 ἀκόλουθος
466 2134 597 2174 τοίνυν
634 2133 654 2172 ὁ
691 2136 759 2174 νῦν
793 2134 914 2186 λόγος
947 2134 1038 2174 ἐστί
1069 2150 1136 2185 μοι
1169 2136 1222 2188 τῷ
1255 2133 1344 2173 τότε
1374 2131 1546 2184 ῥηθέντι.

256 2255 277 2283 3
313 2244 390 2286 ὑπὲρ
420 2245 533 2284 vulg.:
569 2245 640 2287 περὶ
669 2243 735 2276 SA
914 2254 954 2275 10
989 2243 1213 2285 ἀτυχήμασιν]
1244 2242 1451 2283 ἀτυχήσασιν
1477 2240 1547 2271 AF

217 2297 256 2327 19
280 2289 379 2320 αὐτὸν
396 2293 476 2319 ante
495 2289 593 2330 ἄνδρα
608 2289 683 2319 add.
701 2288 790 2326 vulg.
806 2298 813 2318 ε
839 2297 903 2318 om.
923 2288 946 2318 S
964 2288 1057 2318 solus
1204 2296 1246 2316 22
1271 2284 1347 2327 ὑπὲρ
1366 2284 1449 2316 SA:
1475 2286 1545 2326 περὶ

213 2331 304 2370 vulg.
442 2342 483 2370 23
510 2333 573 2373 ἐγὼ
591 2336 669 2371 post
686 2334 809 2373 πρῶτος
827 2330 850 2361 S
864 2330 891 2361 Β
905 2330 955 2363 O:
980 2336 1059 2362 ante
1076 2334 1200 2372 πρῶτος
1216 2329 1306 2368 vulg.
1397 2329 1447 2360 καὶ
1465 2333 1545 2359 ante

212 2373 308 2414 μόνος
348 2376 424 2406 add.
457 2375 573 2414 vulg.:
610 2385 676 2405 orn.
711 2375 735 2406 S
927 2385 968 2412 24
1008 2377 1133 2407 δοκεῖτε
1164 2372 1253 2405 SO:
1293 2374 1421 2404 δοκοῖτε
1451 2372 1542 2410 vulg.

214 2427 256 2457 25
281 2421 423 2450 ποιοῖσθε
441 2419 530 2457 vulg.
547 2429 553 2448 ε
578 2421 721 2454 ποιεῖσθε
740 2418 806 2449 SA
954 2419 996 2449 26
1020 2418 1191 2458 ἀμύνοισθε
1207 2416 1297 2456 vulg.
1312 2426 1320 2446 ι
1344 2415 1501 2455 ἀμύνεσθε
1519 2415 1543 2446 S

214 2470 255 2500 27
281 2462 371 2494 εἶπον
387 2466 465 2493 ante
482 2463 585 2493 ταῦτα
603 2462 626 2492 S
640 2472 646 2493 :
671 2466 749 2501 post
765 2463 869 2494 ταῦτα
884 2461 975 2501 vulg.
