1747 2844
145 1222 183 1243 10

147 1761 186 1782 20

148 2301 187 2332 30

786 380 937 418 XVIII

196 511 357 552 THEP
395 501 832 553 ΚΤΗΣΙΦΩΝΤΟΣ
867 506 1009 546 ΠΕΡΙ
1043 504 1162 545 ΤΟΤ
1196 499 1522 546 ΣΤΕΦΑΝΟΤ

638 640 832 668 ΛΙΒΑΝῙΟΎ
863 638 1080 667 ὙΠΟΘΕΣῙΣ.

252 718 381 766 Τεῖχος
399 717 467 764 μὲν
487 716 505 752 ὁ
526 715 646 763 ῥήτωρ
666 715 756 762 ὑπὲρ
775 711 983 760 Ἀθηιαιων
1004 711 1244 761 προυβάλετο
1264 727 1335 748 των
1355 710 1525 775 συνήθων

198 771 334 809 τούτων
363 770 422 807 καὶ
450 768 714 820 χειροποιήτων
743 766 1018 818 ἀρραγέστερόν
1049 783 1087 803 τε
1118 766 1177 803 καὶ
1206 766 1371 814 βέλτιον,
1399 765 1466 813 τήν
1494 762 1525 801 τ’

200 827 247 865 εἷς
266 824 333 872 τὴν
349 824 458 861 πόλιι
478 840 619 861 εινοιαν
640 822 698 859 καὶ
718 822 801 870 περὶ
823 821 958 872 λόγους
981 820 1214 868 δεινότητα,
1197 836 1243 859 ως
1263 819 1370 858 αυτὸς
1386 819 1526 867 εἴρηκεν

200 881 264 917 ςοὐ
293 878 410 918 λίθοις
441 878 499 915 καὶ
528 876 697 916 πλίνθοις
720 878 784 915 τὰς
812 874 971 924 Αθήνας
1002 876 1194 925 ι’)χυρωσο,
1218 874 1319 911 ἀλλὰ
1344 873 1525 924 μεγάλαις

200 933 375 982 δυιάμεσι
407 950 466 969 και
498 932 626 982 πολλῇ
658 930 728 968 τινὶ
760 930 968 980 συμμαχία,
1001 931 1048 980 τῇ
1076 931 1144 978 μὲν
1174 931 1213 965 ἐκ
1241 930 1319 979 γῆς,
1350 930 1396 977 τῇ
1426 927 1456 964 ὃ
1487 930 1525 964 ἐκ

202 984 407 1035 θαλάττης
414 1003 421 1010 ·
453 1004 494 1024 ου
517 986 590 1034 μὴν
610 986 712 1022 ἀλλὰ
734 985 792 1021 καὶ
815 986 863 1024 εἷς
889 985 952 1021 τὸν
974 983 1233 1034 χειροποίητον
1253 981 1460 1031 περίβολον
1480 983 1522 1019 οῖ’·

201 1043 313 1091 μικρὰ
350 1042 396 1091 τῇ
433 1040 540 1078 πόλει
574 1040 821 1088 συνεβάλετο.
882 1039 1135 1087 πεπονηκότος
1170 1055 1241 1089 γαρ
1276 1053 1367 1074 κατα
1400 1036 1527 1073 πολλὰ

201 1096 294 1145 μέρη
319 1097 383 1133 τοῦ
411 1095 554 1145 τείχους
580 1096 655 1133 τοῖς
681 1092 901 1142 Ἀθηιαίοις,
929 1092 1052 1140 ἐπειδη
1081 1091 1201 1137 ἔδοξεν
1226 1090 1402 1140 ἀνορθοῦν
1425 1090 1525 1133 αὐτο,

202 1150 426 1200 ᾑρεθησαν’
411 1149 470 1186 επὶ
492 1149 534 1186 τὸ
560 1148 666 1199 ἔργον
691 1147 817 1196 ἄνδρες
848 1147 943 1191 δέκα,
968 1149 1091 1213 φυλῆς
1117 1147 1276 1194 ἑκάστης
1296 1144 1355 1189 εἷς,
1377 1143 1437 1184 οἳς
1458 1144 1527 1181 ἔδει

202 1205 269 1253 τὴν
289 1204 500 1252 ἐπιμέλειαν
523 1202 753 1253 παρεχεσθαι
783 1202 908 1251 ψιλην·
951 1202 993 1239 τὸ
1023 1218 1094 1252 γαρ
1126 1201 1304 1248 ἀνάλωμα
1330 1199 1521 1249 δημόσιον.

204 1257 252 1299 εἷς
271 1275 392 1296 τοινυν
411 1258 548 1295 τούτων
569 1257 628 1294 καὶ
648 1258 667 1294 ὁ
686 1257 806 1306 ρήτωρ
830 1257 1025 1308 γενόμενος
1052 1257 1121 1305 οὐχ
1146 1255 1278 1304 ὁμοίως
1300 1255 1377 1293 τοῖς
1397 1255 1528 1292 ἄλλοις

203 1330 269 1361 την
299 1312 509 1361 ἐπιμέλειαν
538 1311 654 1360 μόνην
684 1312 874 1362 εἰσήνεγκε
908 1312 954 1360 τῇ
983 1310 1099 1360 χρεία,
1127 1310 1229 1345 ἀλλὰ
1256 1308 1298 1346 τὸ
1328 1310 1396 1357 μὲν
1422 1308 1529 1359 ἔργον

204 1367 400 1416 ἀμέμπτως
429 1366 642 1410 ἀπετέλεσε,
670 1367 716 1402 τὰ
745 1365 783 1402 δὲ
813 1364 970 1415 χρήματ’
1005 1364 1133 1401 ἔδωκεν
1163 1362 1305 1400 οἴκοθεν
1333 1364 1380 1412 τῇ
1408 1362 1527 1399 πόλει.

204 1420 381 1471 ἐπῄνεσεν
401 1422 510 1457 αὐτοῦ
534 1420 601 1468 τὴν
621 1420 762 1457 εὔνοιαν
784 1420 921 1467 ταύτην
946 1420 968 1467 ἡ
992 1419 1129 1466 βουλή,
1153 1417 1212 1454 καὶ
1235 1433 1303 1465 την
1322 1416 1530 1465 προθυμίαν

203 1475 386 1525 ἠμείψατο
414 1475 598 1543 Αστεφάνῳ
635 1477 775 1541 χρυσῷ·
830 1474 968 1523 ἕτοιμοι
1006 1474 1078 1524 γὰρ
1111 1470 1302 1520 Ἀθηναῖοι
1339 1471 1429 1519 πρὸς
1466 1472 1531 1509 τὰς

203 1530 355 1580 χάριτας
387 1531 458 1567 τῶν
491 1545 529 1566 ευ
566 1529 777 1567 ποιοίντων.
841 1530 1052 1576 Κτησιφῶν
1086 1524 1115 1564 δ’
1149 1526 1194 1574 ἢν
1229 1527 1248 1563 ὁ
1281 1525 1348 1573 τὴν
1381 1525 1531 1576 γνώμην

204 1585 314 1621 εἰπὼν
341 1584 388 1623 ὡς
416 1583 471 1620 δεῖ
497 1586 739 1650 στεφανῶσαι
769 1583 833 1620 τὸν
866 1581 1125 1631 Δημοσθένην,
1155 1583 1192 1618 ἐν
1219 1581 1287 1629 μὲν
1317 1582 1427 1630 καιρῷ
1455 1581 1531 1618 τοῖς

206 1638 456 1682 Διονυσίοις,’
440 1654 478 1675 εν
490 1637 528 1675 δὲ
543 1638 643 1675 τόπω
658 1641 708 1688 τῷ
723 1640 787 1675 τοῦ
804 1637 991 1675 Διονύσου
1007 1635 1188 1687 θεάτρω,’
1173 1652 1210 1672 εν
1223 1634 1261 1671 δὲ
1277 1633 1422 1673 θεαταῖς
1437 1635 1532 1670 πᾶσι

203 1694 278 1732 τοῖς
298 1690 500 1740 Ελλησιν,
521 1691 582 1731 οὓς
605 1692 628 1740 ἡ
654 1692 856 1744 πανήγυρις
888 1691 1087 1742 συνήγαγε·
1126 1689 1186 1727 καὶ
1209 1689 1346 1726 τούτων
1370 1705 1408 1726 ει
1409 1705 1531 1725 αντιον

206 1747 366 1784 ἀνειπεῖν
397 1747 462 1783 τὸν
496 1746 645 1795 κήρυκα,
678 1747 733 1784 ὅτι
766 1748 951 1795 στεφανοῖ
986 1744 1235 1794 Δημοσθένην
1267 1742 1532 1792 Δημοσθένους

207 1801 386 1838 Παιανιέα
411 1801 433 1848 ἡ
459 1800 569 1840 πόλις
595 1803 725 1850 ἀρετῆς
752 1801 956 1849 συμπάσης
988 1800 1091 1837 ἕνεκα
1116 1798 1175 1836 καὶ
1200 1797 1339 1837 ευνοίας
1358 1799 1423 1845 τῆς
1442 1797 1532 1845 πρὸς

206 1855 330 1903 αὑτήν.
387 1871 432 1902 ην
455 1871 518 1892 ουν
540 1855 772 1905 πανταχόθεν
799 1856 821 1903 ἡ
847 1855 935 1904 τιμὴ
969 1853 1177 1903 θαυμαστή·
1220 1852 1274 1890 διὸ
1305 1851 1365 1889 καὶ
1394 1851 1532 1899 φθόνος

208 1910 319 1957 αὐτῆς
342 1908 475 1958 ἥψατο,
499 1909 558 1946 καὶ
577 1912 641 1947 τοῦ
662 1909 907 1979 ψηφίσματος
933 1908 1127 1959 ἀπηνέχθη
1148 1906 1370 1957 παρανόμων
1389 1905 1530 1956 γραφη

209 1963 389 2013 Αἰσχίνης
422 1964 493 2014 γὰρ
527 1963 656 2014 ἐχθρὸς
690 1963 737 2000 ὢν
765 1966 830 2001 τοῦ
861 1963 1128 2012 Δημοσθένους
1158 1964 1283 2028 ἀγῷνα
1311 1959 1532 2009 παρανόμων

208 2017 406 2069 ἐπήγγειλε
421 2020 678 2066 Κτησιφῶντι,
693 2017 848 2069 λεγων”
826 2034 989 2068 αρχοντα
1009 2016 1190 2069 γεγονότα
1206 2016 1270 2054 τὸν
1284 2013 1533 2079 Δημοσθένην

208 2071 266 2109 καὶ
299 2072 351 2121 μὴ
386 2071 495 2110 δόντα
529 2072 645 2123 λόγον
677 2072 878 2109 ὑπεύθυνον
908 2089 1008 2116 ειναι,
1040 2072 1152 2120 νόμον
1183 2071 1221 2108 δὲ
1257 2069 1417 2106 κελευειν
1449 2067 1532 2106 τοὺς

207 2126 427 2166 ὑπευθύνους
460 2125 512 2175 μὴ
546 2127 768 2173 στεφανουν,
803 2143 862 2163 και
895 2127 1010 2163 πάλιν
1040 2126 1154 2174 νόμον
1185 2123 1435 2174 παρεχόμενος
1468 2122 1532 2159 τὸν

209 2181 415 2225 κελεύοντα,
445 2181 507 2217 ἐὰν
534 2181 602 2228 μέν
629 2178 695 2217 τιν’
725 2181 744 2217 ὁ
774 2179 932 2228 δῆμος
917 2198 936 2218 ο
965 2179 1170 2228 Ἀθηναίων
1199 2179 1392 2225 στεφανοῖ,
1421 2179 1459 2214 ἐν
1487 2176 1533 2225 τῇ

209 2234 391 2285 ἐκκλησίᾳ
420 2235 484 2272 τὸν
508 2234 698 2282 στέφανον
724 2234 1026 2285 ἀναγορεύεσθαι,
1055 2235 1116 2271 ἐὰν
1142 2231 1171 2270 δ’
1200 2233 1222 2281 ἡ
1251 2232 1388 2281 βουλή,
1418 2233 1455 2268 ἐν
1483 2233 1532 2280 τῷ

208 2288 473 2339 βουλευτηρίῳ,
495 2288 683 2338 ἀλλαχόθι
710 2287 747 2326 δὲ
773 2289 824 2338 μὴ
852 2289 994 2334 ἐξεῖναι.
1053 2287 1152 2336 φησὶ
1178 2286 1216 2323 δὲ
1243 2286 1302 2324 καὶ
1325 2286 1408 2325 τοὺς
1433 2285 1539 2334 ε’παίρ

275 2401 315 2421 22
340 2391 439 2430 αὑτήν
456 2391 553 2422 Blass
570 2402 577 2422 τ
602 2392 700 2430 αὐτήν
717 2392 811 2422 codd.
948 2401 988 2430 23
1013 2391 1094 2423 κατὰ
1111 2395 1189 2421 ante
1207 2391 1264 2422 τυῦ
1280 2390 1355 2421 add.
1373 2388 1473 2420 Wolf

277 2458 462 2487 Μετώπη,
482 2460 549 2480 νοι,
580 2461 598 2480 1.
1431 2452 1469 2483 14

1559 1034 1662 1089 [221]

1559 1270 1578 1293 b)

1560 1533 1580 1566 υ.)

1563 2228 1674 2284 [222]
