1731 2844
608 133 1015 175 PRAEFATIO

147 245 252 286 riam
276 253 476 287 revocant
500 259 630 299 quam
650 245 820 287 codices
837 245 910 299 qui
928 246 1265 287 emendatricem
1290 258 1466 286 manum

146 316 335 368 perpessi
359 322 457 356 sunt
474 314 501 354 ¹.

204 383 413 425 Omnium
446 384 573 437 igitur
606 383 691 425 iam
722 396 930 424 consensu
961 382 1175 424 Parisinus
1199 382 1229 424 S
1259 381 1470 435 principa-

145 454 237 489 tum
270 449 466 498 obtinet;
498 463 551 491 ne
578 448 621 490 id
653 456 801 490 tamen
833 449 1160 490 committamus
1193 454 1240 488 ut
1268 446 1367 488 huic
1398 447 1470 488 uni

144 516 213 559 vel
234 517 369 558 codici
391 517 458 559 vel
491 517 690 559 codicum
713 517 902 558 familiae
930 516 1065 558 dediti
1099 522 1142 556 et
1163 516 1285 568 quasi
1306 515 1470 557 addicti

146 591 312 627 ceteros
334 585 624 640 neglegamus.
690 586 883 627 Fuerunt
905 586 978 638 qui
1001 585 1127 626 huius
1149 585 1245 626 libri
1269 584 1471 626 lectiones

144 667 224 707 pro
256 656 540 696 sacrosanctis
581 655 851 704 habuerunt3
895 655 1009 696 hunc
1045 655 1199 695 ducem
1234 654 1366 695 etiam
1410 667 1471 693 re·

143 723 358 765 clamante
405 723 558 765 Graeci
603 724 810 765 sermonis
851 737 928 765 usu
971 724 1106 764 secuti
1147 729 1270 772 sunt3
1319 723 1352 762 si
1387 736 1471 776 qua

143 799 290 834 autem
341 792 594 834 exciderant
634 793 847 835 vocabula
898 807 1073 846 prorsus
1116 791 1364 840 necessaria,
1407 790 1472 831 his

143 861 314 903 omissis
354 869 442 903 tarn
485 869 683 904 contorte
730 870 820 903 tam
873 862 1084 915 perplexe
1126 860 1470 902 Demosthenem

144 930 262 984 loqui
293 931 521 972 voluerunt
554 937 601 972 ut
629 945 682 972 ne
718 931 760 972 in
794 931 1055 985 Thucydide
1087 931 1264 984 quidem
1299 930 1340 970 id
1374 929 1471 970 ferri

144 1000 346 1052 potuerit.
409 1000 524 1042 Sane
566 1001 638 1042 ubi
675 1001 864 1042 dubitari
907 1005 1064 1053 potest,
1100 999 1260 1041 codicis
1306 998 1335 1039 S
1380 1011 1470 1038 mo-

144 1075 292 1109 mento
336 1083 399 1110 res
442 1070 683 1119 inclinatur,
718 1083 794 1110 nec
832 1069 929 1110 ideo
972 1082 1163 1122 unquam
1208 1067 1237 1109 S
1277 1069 1470 1108 deseren-

144 1138 225 1178 dus
261 1138 376 1190 quod
421 1139 701 1180 adversantur
737 1144 869 1179 testes
907 1151 1086 1179 numero
1123 1135 1469 1190 praepollentes;

144 1207 279 1247 immo
300 1207 562 1247 sescentiens
584 1206 711 1247 huius
734 1208 857 1248 unius
880 1207 1116 1248 auctoritas
1139 1212 1289 1247 contra
1306 1211 1471 1245 ceteros

144 1273 272 1317 valet.
333 1274 456 1316 Testi
508 1282 654 1316 tamen
694 1276 893 1328 quamvis
938 1274 1144 1329 locupleti
1186 1286 1272 1314 non
1321 1273 1470 1325 utique

143 1344 407 1385 credendum
438 1351 515 1394 est,
538 1358 614 1384 nec
637 1357 735 1385 cum
760 1346 812 1385 de
835 1358 886 1385 eo
908 1343 1052 1398 agitur
1081 1343 1186 1396 quid
1210 1343 1252 1382 in
1275 1354 1468 1394 unoquo-

143 1425 227 1465 que
250 1412 345 1453 loco
368 1412 598 1467 legendum
628 1413 698 1464 sit,
721 1426 787 1454 res
810 1413 851 1453 in
872 1413 1117 1454 universum
1145 1418 1314 1452 tantum
1339 1410 1470 1450 modo

143 1482 380 1535 spectanda
426 1490 503 1533 est,
554 1483 627 1523 sed
681 1483 723 1522 in
770 1482 951 1536 singulis
993 1481 1161 1535 integro
1204 1481 1265 1520 uti
1313 1477 1471 1519 iudicio

143 1556 326 1603 oportet.

202 1618 414 1660 Codicum
450 1620 525 1671 qui
562 1627 733 1673 praeter
775 1619 805 1661 S
832 1619 870 1660 L
911 1633 1046 1673 prope
1079 1619 1254 1659 ducenti
1294 1623 1469 1658 exstant

144 1688 202 1727 ita
231 1688 342 1728 inter
377 1701 422 1728 se
448 1688 695 1741 discrepant
733 1688 922 1730 familiae
964 1695 1009 1728 ut
1044 1700 1200 1740 magna
1232 1694 1377 1727 tamen
1414 1686 1468 1725 sit

143 1757 338 1798 omnium
376 1756 617 1799 similitudo
651 1758 684 1798 si
711 1771 809 1798 cum
844 1757 875 1799 S
907 1756 1148 1798 contuleris.
1212 1756 1330 1796 Inter
1361 1768 1470 1807 quos

143 1826 305 1867 eminet
347 1826 633 1881 Augustanus
675 1827 840 1881 primus
881 1826 974 1881 (A),
1014 1826 1101 1879 qui,
1139 1825 1336 1879 quamvis
1378 1824 1469 1877 ipse

143 1895 354 1949 integram
402 1909 607 1949 persaepe
649 1903 789 1937 servet
837 1896 1080 1946 lectionem,
1119 1909 1215 1936 eam
1260 1893 1465 1934 familiam

142 1965 262 2006 ducit
300 1978 412 2019 quae
448 1972 639 2006 veterem
672 1966 998 2007 memoriam—⁶
1014 1964 1237 2017 vulgatam
1257 1962 1264 1977 '
1288 1963 1467 2003 fortasse

141 2034 365 2087 antiquam
394 2034 799 2076 dixeris—tradidit
827 2049 852 2076 a
875 2034 1065 2075 Parisino
1096 2033 1126 2075 S
1149 2033 1334 2073 alienam
1359 2031 1469 2071 mul-

141 2109 272 2155 taque
303 2103 658 2156 interpolantium
692 2117 823 2157 opera
848 2110 1034 2145 auctam.
1099 2102 1347 2142 Marcianus
1369 2101 1404 2140 F
1426 2107 1468 2140 et

143 2171 358 2212 Parisinus
399 2172 454 2223 Y,
489 2172 671 2214 aliarum
714 2172 973 2214 familiarum
1011 2173 1151 2222 duces,
1193 2184 1292 2211 cum
1332 2169 1467 2210 multa

141 2239 329 2281 habeant
361 2254 458 2282 cum
487 2241 532 2281 A
559 2242 821 2293 communia,
843 2241 1013 2283 vinculo
1045 2240 1148 2281 olim
1183 2240 1342 2280 artiore
1369 2250 1467 2279 cum

186 2359 196 2378 ¹
222 2370 250 2391 e.
264 2369 295 2399 g.
325 2360 356 2390 iv
383 2371 425 2399 40
453 2359 577 2391 οὐδενὸς
604 2361 630 2391 δ’
658 2359 858 2400 ἀπολείπετε,
886 2359 941 2391 xvi
970 2370 989 2400 5
1018 2370 1051 2389 τε
1080 2357 1285 2399 γενήσονται,
1315 2356 1397 2386 xviii
1425 2366 1466 2395 32

140 2401 291 2443 ἀπίωμεν,
317 2404 397 2435 xviii
421 2414 461 2444 91
488 2403 595 2436 πάντ-ε.

790 2457 822 2492 ix
