1763 2828
99 101 211 157 [405]
667 102 1150 141 ΔΗΜΟΣΘΕΝΟὙΣ
1475 97 1561 153 [xxx

245 209 312 245 τοῦ
339 205 399 246 καὶ
425 205 695 257 ἀτολμοτάτου
714 204 872 246 πάντων
899 206 991 257 ἐμοῦ
1018 206 1078 246 καὶ
1104 205 1260 248 οὐδενὸς
1284 207 1416 257 μεῖζον
1438 210 1562 261 φθεγ-

94 277 214 332 [406]
247 272 414 325 γομένου
460 277 653 313 τοσοῦτον
700 273 911 324 ἡττῶνται,·
966 273 1025 313 ὅτι
1066 274 1234 323 τάληθὲς
1278 274 1455 327 ἰσχυρόν,
1502 274 1564 316 καὶ

245 339 473 380 τούναντίον
516 340 681 382 ἀσθενὲς
719 340 763 380 τὸ
803 339 1022 381 συνειδέναι
1061 339 1308 392 πεπρακόσιν
1348 341 1478 383 αὐτοῖς
1515 342 1564 382 τὰ

244 405 467 459 πράγματα.
537 411 649 448 τοῦτο
674 411 919 459 παραιρεῖται
943 407 1013 457 τὴν
1048 407 1272 459 θρασύτητα
1301 406 1371 457 τὴν
1401 407 1561 455 τούτων,

244 472 346 513 τοῦτ’
373 473 618 526 ἀποστρέφει
642 473 712 524 τὴν
737 478 932 526 γλῶτταν,
954 473 1170 527 ἐμφράττει
1195 473 1237 514 τὸ
1263 473 1404 525 στόμα,
1432 473 1561 529 ἄγχει,
1583 492 1601 525 5

145 559 214 594 ²09
245 541 399 580 σιωπᾶν
426 543 541 581 ποιεῖ.
613 541 657 580 τὸ
683 542 813 581 τοίνυν
837 544 1064 582 τελευταῖον
1092 542 1178 581 ἴστε
1208 539 1331 591 δήπου
1360 541 1494 594 πρώην
1520 543 1563 583 ἐν

246 610 434 658 Πειραιεῖ,
462 606 518 646 ὅτ’
539 607 655 648 αὐτὸν
681 606 748 647 οὐκ
775 609 878 648 εἰᾶτε
903 608 1155 659 πρεσβεύειν,
1178 611 1288 659 βοῶν
1316 606 1325 621 ’
1347 606 1398 650 ὧς
1424 609 1560 661 εἰσαγ-

243 677 356 725 γελεῖ
376 690 425 724 με
451 674 513 714 καὶ
538 673 737 727 γράψεται
763 674 824 714 καὶ
850 674 908 714 ἰοὺ
935 675 1004 715 ἰού.
1078 676 1201 715 καίτοι
1225 677 1345 715 ταῦτα
1376 674 1449 726 μέν
1475 675 1563 716 ἐστι

240 743 398 792 μακρῶν
420 741 481 781 καὶ
501 744 663 781 πολλῶν
684 741 847 793 ἀγώνων
869 741 930 781 καὶ
957 742 1089 794 λόγων
1115 740 1230 794 ἀρχή,
1252 742 1381 782 ἐκεῖνα
1400 741 1433 782 δ’
1453 743 1562 783 ἇπλᾶ

243 807 305 846 καὶ
331 805 391 846 δύ’
418 803 440 856 ἢ
466 806 543 859 τρί’
569 808 665 849 ἴσως
688 806 855 859 ῥήματα,
883 808 906 848 ἃ
931 807 1002 848 κᾶν
1028 809 1142 862 ἐχθὲς
1168 807 1387 859 ἐωνημένος
1411 808 1560 861 ἄνθρω-
1586 824 1625 847 ῐο

242 889 313 914 πος
351 874 473 913 εἰπεῖν
509 872 692 924 ἠδυνήθη,
733 873 896 925 ’ἄνδρες
929 873 1144 924 Ἀθηναῖοι,
1180 875 1289 915 τουτὶ
1320 874 1365 915 τὸ
1402 878 1562 928 πρᾶγμα

242 938 448 980 πάνδεινόν
491 941 614 980 ἐστιν·
671 941 806 981 οὑτοσὶ
844 944 1053 993 κατηγορεῖ
1085 940 1190 981 ταῦτ’
1228 943 1321 991 ἐμοῦ
1356 942 1409 982 ὧν
1445 941 1562 984 αὐτὸς

242 1006 424 1048 κοινωνὸς
459 1006 612 1059 γέγονε,
648 1008 710 1047 καὶ
744 1006 910 1061 χρήματ’
937 1007 1145 1060 εἰληφέναι
1178 1008 1305 1060 φησὶν
1338 1006 1419 1059 ἐμέ,
1447 1007 1562 1050 αὐτὸς

142 1089 210 1115 210
241 1074 414 1125 εἰληφὼς
447 1070 470 1124 ἢ
505 1074 782 1127 μετειληφώς.’
852 1074 999 1115 τούτων
1034 1078 1106 1126 μὲν
1138 1076 1271 1115 τοίνυν
1303 1073 1416 1116 οὐδὲν
1451 1074 1562 1116 εἶπεν

240 1139 318 1180 οὐδ’
345 1139 580 1193 ἐφθέγξατο,
607 1139 686 1180 οὐδ’
712 1139 882 1191 ἤκουσεν
906 1142 1014 1192 ὑμῶν
1039 1142 1176 1188 οὐδείς,
1203 1141 1311 1182 ἄλλα
1335 1140 1367 1182 δ’
1391 1141 1559 1192 ἠπείλει.
1583 1157 1620 1191 15

239 1208 301 1246 διὰ
326 1208 383 1253 τί;
420 1207 481 1248 ὅτι
504 1210 625 1247 ταῦτα
648 1210 721 1258 μὲν
740 1208 841 1263 αὐτῷ
864 1209 1023 1264 συνῄδει
1041 1207 1311 1261 πεπραγμένα,
1333 1208 1396 1249 καὶ
1421 1211 1561 1252 δοῦλος

237 1271 284 1322 ἦν
320 1276 397 1313 τῶν
432 1273 615 1325 ῥημάτων
651 1274 812 1315 τούτων.
884 1276 1023 1316 οὔκουν
1057 1273 1227 1332 προσῄει
1263 1275 1358 1327 πρὸς
1393 1274 1503 1316 ταῦθ’
1533 1275 1558 1328 ἡ

237 1339 402 1385 διάνοια,
431 1339 520 1380 ἀλλ’
547 1341 744 1382 ἀνεδύετο·
782 1341 1085 1393 ἐπελαμβάνετο
1111 1344 1186 1395 γὰρ
1211 1342 1329 1392 αὐτῆς
1353 1341 1399 1382 τὸ
1425 1358 1555 1384 συνει·

237 1405 359 1447 δέναι.
418 1410 687 1459 λοιδορεῖσθαι
713 1407 745 1447 δ’
773 1407 864 1449 ἄλλ’
889 1407 970 1448 ἄττ’
996 1409 1108 1449 οὐδὲν
1134 1408 1304 1449 ἐκώλυεν
1329 1408 1445 1449 αὐτὸν
1471 1408 1559 1450 οὐδὲ

139 1485 202 1511 211
236 1476 513 1525 βλασφημεῖν.
585 1473 605 1513 ὃ
637 1475 768 1515 τοίνυν
804 1474 997 1527 μέγιστον
1030 1475 1227 1521 ἁπάντων,
1264 1475 1327 1516 καὶ
1361 1475 1406 1515 οὗ
1436 1475 1558 1528 λόγος
1580 1491 1620 1512 20

236 1537 329 1579 ἀλλ’
354 1539 481 1591 ἔργον·
520 1540 768 1591 βουλομένου
801 1543 876 1593 γὰρ
908 1543 1002 1592 ἐμοῦ
1030 1543 1078 1581 τὰ
1109 1542 1249 1588 δίκαια,
1276 1542 1411 1594 ὥσπερ
1443 1542 1554 1594 ἐπρέ-

237 1609 397 1656 σβευσα
428 1607 498 1652 δίς,
534 1607 633 1647 οὕτω
668 1608 729 1648 καὶ
764 1609 888 1660 λόγον
923 1608 1012 1658 ὑμῖν
1049 1610 1182 1649 δοῦναι
1216 1610 1285 1654 δίς,
1320 1609 1557 1661 προσελθὼν

236 1672 431 1726 Αἰσχίνης
469 1673 604 1714 οὑτοσὶ
646 1677 727 1716 τοῖς
762 1678 969 1727 λογισταῖς
1005 1675 1108 1727 ἔχων
1144 1674 1340 1727 μάρτυρας
1380 1675 1557 1717 πολλοὺς

234 1739 455 1792 ἀπηγόρευε
488 1740 541 1791 μὴ
578 1743 711 1781 καλεῖν
742 1741 800 1792 ἔμ’
836 1742 891 1783 εἰς
922 1740 966 1781 τὸ
1003 1740 1257 1794 δικαστήριον
1292 1741 1343 1783 ὡς
1375 1741 1556 1782 δεδωκότ’

234 1805 396 1848 εὐθύνας
429 1806 492 1846 καὶ
524 1806 592 1846 οὐκ
625 1806 706 1847 ὄνθ’
737 1808 968 1848 ὑπεύθυνον·
1008 1809 1068 1848 καὶ
1101 1807 1145 1849 τὸ
1179 1808 1324 1861 πρᾶγμ’
1358 1807 1405 1859 ἦν
1436 1808 1553 1861 ὑπερ·
1578 1822 1616 1855 25

84 1870 203 1926 [407]
233 1872 406 1925 γέλοιον.
464 1874 505 1913 τί
525 1873 593 1914 οῦν
613 1872 660 1924 ἦν
679 1877 811 1921 τοῦτο;
843 1876 911 1924 τῆς
929 1874 1119 1927 προτέρας
1145 1876 1295 1926 ἐκείνης
1320 1876 1553 1928 πρεσβείας,

233 1938 277 1989 ἧς
308 1940 435 1982 οὐδεὶς
466 1941 685 1993 κατηγόρει,
713 1940 801 1983 δοὺς
825 1941 948 1993 λόγον
975 1941 1099 1983 οὐκέτ’
1126 1941 1309 1994 ἐβούλετ’
1334 1942 1444 1985 αὗθις
1470 1943 1553 1983 εἰσ-

234 2005 332 2046 ιέναι
359 2007 447 2060 περὶ
472 2008 613 2058 ταύτης
637 2007 683 2059 ἧς
707 2011 776 2049 νῦν
802 2008 1038 2062 εἰσέρχεται,
1060 2010 1102 2050 ἐν
1127 2007 1150 2066 ᾗ
1176 2008 1304 2050 πάντα
1327 2007 1554 2060 τάδικήματ’

276 2125 296 2155 5
320 2116 516 2162 ἀποστρέφει
533 2117 621 2158 vulg.
638 2130 644 2150 ε
680 2117 916 2161 ἀποστρέφεται
937 2118 960 2149 S
975 2118 999 2148 L
1010 2117 1039 2149 Y
1262 2128 1278 2159 7
1304 2121 1359 2152 οὐκ
1377 2121 1447 2152 εἴων
1463 2118 1555 2151 Weil

234 2160 439 2201 εἰσαγγελεῖ]
465 2162 676 2203 εἰσαγγέλλει
703 2161 817 2201 SLY,
844 2162 884 2193 cs.
913 2164 928 2199 ξ
956 2172 997 2201 59
1201 2163 1221 2193 8
1262 2166 1331 2195 ἐστι
1356 2163 1435 2194 secl.
1462 2162 1554 2193 Weil

236 2211 270 2233 11
297 2205 435 2242 ἠδυνήθη
454 2203 477 2234 S
491 2203 557 2235 LA
569 2204 599 2235 Y
615 2218 620 2236 ε
647 2207 792 2244 δυνηθείη
809 2205 897 2244 vulg.
1092 2216 1127 2245 14
1154 2207 1294 2248 εἰληφὼς
1311 2207 1330 2245 ἢ
1347 2206 1426 2237 secl.
1446 2205 1485 2237 G.
1508 2204 1550 2238 H.

235 2247 398 2278 Schaefer
475 2249 494 2286 ἢ
510 2251 714 2289 μετειληφώς
730 2259 792 2279 om.
816 2249 842 2279 B
858 2260 864 2279 :
889 2248 966 2279 secl.
988 2249 1115 2279 Reiske
1193 2250 1280 2282 εἶπεν
1295 2250 1375 2280 secl.
1387 2247 1556 2279 Weidner

238 2291 273 2320 18
311 2292 373 2332 γὰρ
398 2291 509 2330 vulg.:
548 2292 611 2323 del.
642 2292 758 2323 Blass:
798 2293 869 2334 παρ’
896 2292 958 2322 SL
987 2295 1063 2334 (γὰρ
1088 2303 1190 2332 supra
1218 2293 1342 2332 scripto
1369 2302 1387 2323 a
1415 2302 1464 2331 pr.
1494 2294 1552 2331 m.)

237 2344 274 2372 19
298 2335 390 2366 οὐδὲν
406 2345 508 2373 marg.
529 2334 671 2371 Morelii,
691 2335 783 2366 weil
800 2347 806 2366 :
831 2337 931 2367 οὐδεὶς
950 2337 1046 2367 codd.
1225 2347 1263 2367 21
1290 2337 1350 2374 ἥδη
1367 2341 1443 2375 post
1461 2337 1555 2376 ἔργον

232 2378 306 2408 add.
329 2377 359 2406 A
373 2377 409 2414 Ρ,
428 2378 471 2409 cs.
486 2379 542 2407 xxi
564 2388 602 2417 79
