1747 2844
186 142 307 196 xvm}
501 145 645 182 ΠΕΡΙ
694 144 814 181 ΤΟΎ
863 143 1197 181 ΣΤΕΦΑΝΟΎ
1539 141 1654 196 [226]

184 249 291 303 λέγω
326 251 374 289 τὰ
410 247 654 301 πεπραγμέν’
691 249 856 302 ἐμαυτῷ,
891 246 959 285 οὐκ
996 245 1103 298 ἔχειν
1140 245 1422 285 ἀπολύσασθαι
1459 246 1506 285 τὰ

186 315 483 369 κατηγορημένα
516 315 629 366 δόξω,
661 314 740 354 οὐδ’
772 313 835 366 ἐφ’
861 313 919 355 οἶς
951 311 1044 362 ἀξιῶ
1075 314 1265 361 τιμᾶσθαι
1296 311 1503 352 δεικνύναι·

187 386 254 424 ἐὰν
284 383 316 423 δ’
343 383 406 436 ἐφ’
432 383 456 423 ἃ
486 382 547 422 καὶ
577 382 770 431 πεποίηκα
803 380 865 420 καὶ
895 379 1179 429 πεπολίτευμαι
1212 378 1375 429 βαδίζω,
1404 384 1503 418 πολ-

184 450 299 493 λάκις
334 449 469 502 λέγειν
505 446 860 500 ἀναγκασθήσομαι
896 446 984 497 περὶ
1018 447 1196 496 ἐμαυτοῦ.
1266 443 1505 496 πειράσομαι
1536 447 1646 502 [227]

148 537 164 568 5
184 519 256 569 μὲν
281 517 348 557 οὖν
374 516 425 558 ὡς
447 515 691 567 μετριώτατα
715 517 826 553 τοῦτο
852 516 992 553 ποιεῖν·
1030 513 1051 551 ὅ
1083 529 1120 552 τι
1145 511 1176 551 δ’
1203 511 1251 552 ἂν
1275 511 1319 551 τὸ
1346 514 1505 563 πρᾶγμα

186 583 269 624 αὔτ’
295 582 507 638 ἀναγκάζῃ,
532 581 670 621 τούτου
702 580 773 630 τὴν
803 580 931 621 αἰτίαν
961 579 1075 621 οὗτός
1104 580 1190 619 ἐστι
1220 578 1368 620 δίκαιος
1398 579 1506 631 ἔχειν

186 652 206 689 ὁ
231 653 409 690 τοιοῦτον
434 647 552 700 ἀγῶν’
579 646 886 697 ἐνστησάμενος,

252 716 374 767 Οἶμαι
407 715 439 755 δ’
467 716 577 765 ὑμᾶς,
612 712 641 753 ὦ
675 713 813 766 ἄνδρες
846 713 1063 763 Ἀθηναῖοι,
1097 712 1248 754 πάντας
1281 712 1329 753 ἂν
1362 714 1504 763 ὁμολο-
1538 724 1555 760 5

185 786 307 836 γῆσαι
332 782 462 822 κοινὸν
489 782 588 822 εἶναι
611 782 764 822 τουτονὶ
793 781 861 821 τὸν
892 780 1011 832 ἀγῶν’
1041 782 1125 830 ἐμοὶ
1160 780 1222 820 καὶ
1249 782 1506 831 Κτησιφῶντι

128 868 166 890 10
187 850 248 890 καὶ
278 850 391 890 οὐδὲν
421 847 632 889 ἐλάττονος
660 847 772 899 ἄξιον
798 849 972 897 σπουδῆς
1000 848 1098 897 ἐμοί·
1136 846 1295 887 πάντων
1329 848 1399 897 μὲν
1432 848 1508 898 γὰρ

185 917 494 967 ἀποστερεῖσθαι
528 915 704 967 λυπηρόν
741 916 828 955 ἐστι
865 915 927 954 καὶ
963 914 1155 967 χαλεπόν,
1190 913 1324 955 ἄλλως
1360 930 1401 954 τε
1439 912 1509 953 κᾶν

185 983 248 1023 ὑπ’
276 984 418 1035 ἐχθροῦ
444 999 496 1037 τῳ
527 985 639 1021 τοῦτο
669 982 886 1036 συμβαίνῃ,
913 979 1090 1032 μάλιστα
1120 983 1161 1021 δὲ
1191 982 1259 1030 τῆς
1289 979 1378 1032 παρ’
1403 981 1509 1030 ὑμῶν

187 1049 339 1090 εὐνοίας
376 1049 438 1089 καὶ
470 1049 780 1101 φιλανθρωπίας,
819 1048 977 1101 ὅσῳπερ
1014 1047 1076 1087 καὶ
1112 1046 1157 1086 τὸ
1192 1050 1326 1099 τυχεῖν
1361 1047 1509 1086 τούτων

186 1115 377 1168 μέγιστόν
402 1117 525 1155 ἐστιν.
597 1115 685 1165 περὶ
710 1114 857 1154 τούτων
884 1113 916 1153 δ’
941 1115 1054 1154 ὄντος
1078 1114 1230 1153 τουτουὶ
1261 1116 1327 1152 τοῦ
1357 1114 1508 1164 ἀγῶνος
1538 1119 1560 1153 6

129 1201 165 1232 15
187 1181 281 1232 ἀξιῶ
307 1182 370 1222 καὶ
396 1181 530 1232 δέομαι
556 1180 715 1221 πάντων
742 1181 884 1231 ὁμοίως
907 1181 1014 1231 ὑμῶν
1041 1181 1209 1220 ἀκοῦσαί
1230 1196 1304 1230 μου
1324 1180 1411 1231 περὶ
1430 1183 1508 1220 τῶν

189 1248 515 1301 κατηγορημένων
562 1246 884 1300 ἀπολογουμένου
926 1248 1097 1292 δικαίως,
1141 1247 1277 1298 ὥσπερ
1319 1248 1354 1286 οἱ
1395 1247 1509 1297 νόμοι

188 1316 429 1361 κελεύουσιν,
458 1315 524 1357 οὓς
560 1314 580 1353 ὁ
612 1314 730 1355 τιθεὶς
765 1313 811 1364 ἐξ
839 1314 964 1365 ἀρχῆς
990 1314 1140 1364 Σόλων,
1169 1314 1301 1354 εὔνους
1335 1312 1387 1353 ὢν
1419 1314 1508 1363 ὑμῖν

188 1383 248 1422 καὶ
273 1382 493 1432 δημοτικός,
520 1381 564 1421 οὐ
589 1381 711 1431 μόνον
736 1384 786 1434 τῷ
812 1379 966 1432 γράψαι
993 1381 1143 1431 κυρίους
1168 1379 1263 1434 ᾤετο
1289 1383 1369 1420 δεῖν
1395 1380 1507 1426 εἶναι,

186 1449 292 1489 ἀλλὰ
318 1448 380 1488 καὶ
398 1452 450 1503 τῷ
471 1448 560 1489 τοὺς
584 1446 810 1497 δικάζοντας
829 1446 1088 1498 ὀμωμοκέναι,
1110 1446 1176 1486 οὐκ
1203 1447 1381 1487 ἀπιστῶν
1405 1448 1507 1497 ὑμῖν,

129 1534 166 1554 20
185 1516 237 1557 ὥς
262 1515 298 1567 γ’
324 1515 409 1566 ἐμοὶ
435 1516 630 1567 φαίνεται,
659 1514 751 1554 ἀλλ’
778 1515 878 1567 ὁρῶν
904 1515 964 1553 ὅτι
989 1516 1057 1555 τὰς
1083 1514 1209 1555 αἰτίας
1241 1514 1302 1554 καὶ
1332 1515 1400 1555 τὰς
1426 1516 1506 1553 δια·
1539 1525 1559 1560 7

185 1581 328 1633 βολάς,
355 1583 416 1624 αἶς
440 1583 482 1622 ἐκ
507 1585 575 1621 τοῦ
600 1582 789 1633 πρότερος
813 1580 947 1633 λέγειν
973 1581 993 1620 ὁ
1018 1581 1167 1621 διώκων
1193 1581 1336 1633 ἰσχύει,
1359 1579 1426 1619 οὐκ
1451 1581 1509 1620 ἔνι

185 1653 238 1703 τῷ
265 1649 453 1701 φεύγοντι
477 1651 702 1701 παρελθεῖν,
725 1650 758 1689 εἰ
783 1648 834 1699 μὴ
860 1651 938 1688 τῶν
962 1648 1198 1697 δικαζόντων
1218 1648 1384 1688 ἕκαστος
1402 1648 1509 1698 ὑμῶν

185 1716 255 1765 τὴν
286 1716 382 1767 πρὸς
414 1716 503 1758 τοὺς
533 1715 644 1757 θεοὺς
674 1715 886 1766 εὐσέβειαν
921 1713 1133 1766 φυλάττων
1167 1714 1229 1754 καὶ
1261 1715 1309 1754 τὰ
1342 1718 1409 1753 τοῦ
1440 1714 1506 1754 λε’-

186 1799 326 1834 γοντος
351 1782 516 1833 ὑστέρου
541 1784 670 1822 δίκαια
696 1782 879 1824 εὐνοϊκῶς
907 1780 1179 1833 προσδέξεται,
1203 1782 1264 1820 καὶ
1290 1782 1508 1833 παρασχὼν

129 1868 164 1898 25
186 1849 304 1889 αὑτὸν
329 1851 419 1889 ἴσον
445 1850 508 1889 καὶ
538 1849 669 1889 κοινὸν
699 1848 938 1901 ἀμφοτέροις
973 1848 1168 1900 ἀκροατὴν
1199 1849 1299 1888 οὕτω
1329 1848 1399 1898 τὴν
1425 1847 1506 1887 διά-

186 1933 336 1968 γνωσιν
362 1915 569 1966 ποιήσεται
592 1916 680 1967 περὶ
706 1915 902 1956 ἁπάντων.

255 1982 431 2023 Μέλλων
463 1985 503 2023 δὲ
535 1986 603 2022 τοῦ
635 1982 667 2022 τ’
699 1984 796 2023 ἰδίου
831 1983 923 2033 βίου
955 1983 1115 2028 παντός,
1151 1982 1201 2023 ὡς
1235 1982 1348 2027 ἔοικε,
1386 1982 1509 2033 λόγον
1541 1988 1561 2022 8

187 2050 335 2090 διδόναι
368 2048 537 2102 τήμερον
571 2051 632 2090 καὶ
666 2052 743 2089 τῶν
779 2055 887 2106 κοινῇ
920 2049 1276 2100 πεπολιτευμένων,
1312 2049 1510 2099 ,Βούλομαι

187 2115 308 2156 πάλιν
333 2117 423 2158 τοὺς
449 2116 561 2157 θεοὺς
591 2115 880 2168 παρακαλέσαι,
909 2117 971 2156 καὶ
1002 2117 1180 2156 ἐναντίον
1210 2117 1315 2166 ὑμῶν
1346 2115 1509 2168 εὔχομαι

229 2227 250 2256 6
275 2226 367 2259 οὗτος
383 2226 463 2257 secl.
485 2226 690 2265 Rosenberg
797 2227 817 2256 8
841 2224 978 2265 πάντας]
997 2231 1072 2264 post
1091 2228 1166 2264 ὑμᾶς
1186 2225 1208 2255 S
1225 2225 1250 2254 L
1267 2224 1327 2254 soli
1430 2234 1450 2262 9
1474 2237 1510 2255 τε

188 2276 264 2309 post
282 2272 349 2310 ἐμοὶ
366 2271 440 2302 add.
461 2270 549 2308 vulg.
566 2282 572 2300 z
601 2280 663 2300 om.
686 2269 721 2300 S¹
739 2269 830 2300 solus
953 2279 986 2299 11
1008 2268 1267 2308 &vrooerepefffeafi
1287 2269 1468 2309 ἀπορεῖσθαι
1488 2268 1511 2297 S

191 2323 228 2351 17
262 2314 375 2354 τιθεὶς]
405 2315 467 2345 θεὶς
498 2313 632 2343 Dobree
755 2323 796 2351 23
830 2313 1004 2353 φυλάττων
1035 2312 1135 2341 81,ι;
1171 2311 1397 2352 διαφυλάττων
1422 2311 1512 2349 vulg.

189 2366 228 2394 24
262 2356 396 2397 ὑστέρου
421 2357 458 2387 5ι
472 2357 575 2387 L2A:
606 2358 740 2397 ὕστερον
767 2356 804 2386 L¹
831 2356 919 2394 vulg.
1033 2366 1074 2393 29
1106 2355 1244 2395 καθάπερ
1270 2357 1303 2386 ἐν
1328 2356 1411 2396 ἀρχῇ
1437 2359 1512 2394 post

189 2400 285 2431 πάλιν
302 2401 376 2431 add.
399 2401 486 2438 vulg.
508 2412 514 2430 t
540 2410 602 2430 om.
626 2400 648 2429 S
666 2400 744 2429 ΗΑ
