1763 2828
44 134 161 188 [200]

117 662 160 697 33

117 1128 161 1164 34

118 1528 159 1566 35

53 1582 160 1638 [201]

195 136 480 174 ΔΗΜΟΣΘ.
513 137 656 175 ΠΕΡΙ
693 134 815 174 ΤΗΣ
853 134 984 173 ΡΟΔ.
1019 135 1414 175 ΕΛΕΎΘΕΡΙΑΣ
1449 131 1520 186 [xv

192 240 532 284 τούντωνάὐτοὺς
562 240 754 294 ὠφέλειαι
785 239 950 291 μάλιστ’
980 241 1112 287 αἴτιαι,
1144 241 1189 281 οὐ
1216 241 1295 292 μὴν
1323 242 1429 283 ἀλλὰ
1460 242 1522 283 καὶ

191 308 291 359 ὑμᾶς
322 307 370 349 ἄν
394 325 452 350 τις
482 308 569 363 ἔχοι
600 309 757 350 δικαίως
786 308 1000 348 αἰτιᾶσθαι.
1073 309 1193 360 ἐχρῆν
1217 307 1305 361 γάρ,
1332 306 1362 348 ὦ
1385 308 1523 361 ἄνδρες

193 374 410 426 Ἀθηναῖοι,
445 375 517 426 τὴν
547 375 667 426 αὐτὴν
701 375 809 429 ἔχειν
839 373 1016 415 διάνοιαν
1049 375 1147 426 ὑμᾶς
1178 376 1267 427 περὶ
1298 378 1368 427 τῆς
1401 377 1443 418 ἐν
1475 383 1523 434 τῇ

192 443 374 497 πολιτείᾳ
405 441 553 494 τάξεως
585 443 708 495 ἥνπερ
741 442 829 494 περὶ
858 444 927 492 τῆς
956 443 998 482 ἐν
1027 445 1114 484 ταῖς
1144 444 1366 494 στρατείαις
1395 443 1520 497 ἔχετε.

192 511 252 552 τίς
281 509 349 550 οὖν
379 510 490 550 ἐστιν
520 511 636 561 aih-77,-
674 511 783 561 ὑμεῖς
813 509 880 550 τὸν
909 509 1080 549 λιπόντα
1109 509 1180 559 τὴν
1203 509 1278 550 ὑπὸ
1307 513 1376 550 τοῦ
1400 527 1519 563 στρα-

193 580 315 629 τηγοῦ
344 576 455 627 τάξιν
484 580 717 631 ταχθεῖσαν,
749 576 888 628 ἄτιμον
919 578 1052 617 οἴεσθε
1084 575 1300 628 προσήκειν
1330 577 1430 618 εἶναι
1459 579 1522 619 καὶ

191 644 358 695 μηδενὸς
390 647 468 684 τῶν
502 648 642 685 κοινῶν
674 643 870 697 μετέχειν.
939 646 1042 697 χρῆν
1073 645 1204 684 τοίνυν
1235 644 1297 684 καὶ
1329 644 1419 686 τοὺς
1450 644 1523 695 τὴν

191 711 267 751 ὑπὸ
307 714 385 751 τῶν
420 712 628 763 προγόνων
662 709 774 762 τάξιν
810 712 853 751 ἐν
894 711 940 767 τῇ
983 711 1164 765 πολιτείᾳ
1204 711 1523 763 παραδεδομένην

191 778 381 820 λιπόντας
408 778 469 818 καὶ
499 777 826 829 πολιτευομένους
857 779 1120 831 ὀλιγαρχικῶς
1145 779 1303 829 ἀτίμους
1326 782 1395 819 τοῦ
1422 795 1520 830 συμ-

192 845 402 896 βουλεύειν
427 845 517 896 ὑμῖν
543 845 675 887 αὐτοῖς
699 847 913 886 ποιεῖσθαι·
951 848 1019 885 νῦν
1045 847 1086 885 δὲ
1110 848 1187 885 τῶν
1210 848 1282 896 μὲν
1303 845 1523 899 συμμάχων

192 911 281 953 τοὺς
300 911 368 952 τὸν
388 911 506 953 αὐτὸν
527 911 671 966 ἐχθρὸν
692 911 754 952 καὶ
775 912 897 964 φίλον
918 915 1062 963 κρινεῖν
1082 912 1335 963 ὀμωμοκότας
1354 913 1522 964 νομίζετ’

192 978 490 1026 εὐνουστάτους,
521 982 600 1020 τῶν
629 981 671 1020 δὲ
701 977 1018 1030 πολιτευομένων
1046 979 1113 1021 οὓς
1141 980 1229 1019 ἴστε
1263 983 1404 1032 σαφῶς
1433 980 1524 1023 τοὺς

191 1047 260 1096 τῆς
279 1046 435 1088 πόλεως
452 1046 617 1099 ἐχθροὺς
635 1045 862 1103 ᾑρημένους,
884 1045 1042 1088 τούτους
1067 1045 1327 1089 πιστοτάτους
1344 1046 1522 1099 ἡγεῖσθε.

261 1112 391 1153 Ἀλλὰ
410 1115 485 1166 γὰρ
504 1113 578 1167 οὐχ
603 1114 625 1153 ὅ
648 1130 685 1154 τι
704 1130 762 1155 τις
783 1112 1047 1166 κατηγορήσει
1071 1113 1219 1154 τούτων
1239 1110 1262 1164 ἢ
1282 1116 1364 1156 τοῖς
1382 1113 1524 1157 ἄλλοις

191 1180 281 1231 ὑμῖν
311 1179 520 1231 ἐπιπλήξει
548 1179 732 1234 χαλεπὸν
760 1181 898 1232 εὑρεῖν,
930 1180 1022 1221 ἀλλ’
1051 1180 1122 1233 ἀφ’
1155 1181 1301 1222 ὁποίων
1332 1181 1468 1235 λόγων
1499 1178 1523 1232 ἢ

193 1244 372 1299 πράξεως
404 1248 520 1290 ποίας
552 1247 878 1300 ἐπανορθώσεταί
906 1263 964 1289 τις
996 1248 1021 1288 ἃ
1055 1250 1125 1288 νῦν
1160 1247 1229 1288 οὐκ
1264 1248 1389 1300 ὀρθῶς
1424 1248 1521 1302 ἔχει,

192 1313 295 1354 τοῦτ’
321 1315 439 1367 ἔργον
464 1315 602 1367 εὑρεῖν.
666 1316 764 1357 ἴσως
787 1316 859 1366 μὲν
879 1314 948 1355 οῧν
967 1314 1056 1356 οὐδὲ
1079 1318 1148 1355 τοῦ
1171 1315 1366 1367 παρόντος
1390 1318 1525 1369 καιροῦ

193 1381 281 1433 περὶ
305 1380 464 1422 πάντων
487 1380 636 1435 λέγειν·
673 1381 766 1422 ἀλλ’
793 1383 862 1422 ἐᾶν
885 1382 910 1422 ἃ
933 1383 1160 1439 προῄρησθε
1184 1381 1365 1433 δυνηθῆτ’
1390 1384 1520 1424 ἐπικυ-

192 1452 321 1500 ρῶσαι
351 1449 614 1505 συμφερούσῃ
643 1449 720 1490 τινὶ
750 1446 900 1502 πράξει,
933 1449 997 1489 καὶ
1026 1448 1141 1489 τᾶλλ’
1165 1448 1214 1490 ἂν
1243 1450 1340 1492 ἴσως
1369 1449 1455 1490 καθ’
1481 1449 1523 1490 ἓν

193 1516 253 1556 ἀεὶ
277 1514 445 1567 βέλτιον
470 1517 603 1569 σχοίη.
675 1516 753 1568 ἐγὼ
781 1518 853 1567 μὲν
878 1515 947 1556 οὖν
971 1515 1078 1567 οἶμαι
1102 1518 1184 1557 δεῖν
1207 1517 1307 1567 ὑμᾶς
1331 1517 1520 1568 ἀντιλαμ-

193 1581 392 1634 βάνεσθαι
421 1587 499 1623 τῶν
528 1582 768 1635 πραγμάτων
797 1583 946 1623 τούτων
976 1583 1215 1636 ἐρρωμένως,
1245 1584 1306 1624 καὶ
1335 1583 1523 1637 πράττειν

192 1649 283 1701 ἄξια
307 1652 376 1701 τῆς
400 1651 567 1696 πόλεως,
589 1649 898 1701 ἐνθυμουμένους
921 1650 982 1690 ὅτι
1005 1650 1156 1703 χαίρετ’
1182 1650 1401 1697 ἀκούοντες,
1427 1652 1523 1692 ὅταν

191 1734 250 1759 τις
276 1717 416 1773 ἐπαινῇ
441 1717 532 1759 τοὺς
556 1718 774 1769 προγόνους
798 1717 905 1768 ὑμῶν
931 1717 993 1757 καὶ
1017 1719 1065 1757 τὰ
1089 1717 1332 1770 πεπραγμέν’
1357 1719 1522 1760 ἐκείνοις

191 1783 314 1841 διεξίῃ
334 1785 396 1825 καὶ
416 1785 463 1825 τὰ
481 1784 649 1837 τρόπαια
668 1783 781 1840 λέγῃ.
847 1785 1024 1835 νομίζετε
1043 1785 1176 1825 τοίνυν
1195 1784 1300 1825 ταῦτ’
1318 1786 1521 1826 ἀναθεῖναι

189 1851 279 1893 τοὺς
310 1852 527 1904 προγόνους
557 1852 666 1902 ὑμῶν
695 1851 767 1905 οὐχ
801 1852 865 1892 ἵνα
898 1850 1107 1903 θαυμάζητ’
1140 1853 1238 1893 αὐτὰ
1271 1855 1519 1906 θεωροῦντες,

190 1918 283 1960 ἀλλ’
309 1920 372 1959 ἵνα
397 1919 459 1959 καὶ
483 1921 657 1970 μιμῆσθε
681 1920 752 1960 τὰς
776 1922 853 1960 τῶν
880 1918 1103 1959 ἀναθέντων
1127 1918 1280 1972 ἀρετάς.

233 2038 252 2067 5
277 2028 417 2060 λιπόντα
435 2028 601 2060 Dindorf:
625 2028 782 2062 λειπόντα
799 2029 822 2060 S
839 2041 846 2060 :
870 2030 1028 2062 λείποντα
1044 2029 1132 2069 vulg.
1263 2038 1280 2068 7
1305 2031 1389 2071 χρῆν
1404 2029 1497 2060 Weil
1513 2041 1520 2061 ε

191 2074 292 2114 ἐχρῆν
319 2071 451 2104 Cobet:
482 2073 548 2115 χρὴ
573 2073 669 2104 codd.
849 2084 870 2112 9
902 2073 1058 2106 λιπόντας
1082 2072 1197 2112 vulg.:
1228 2080 1404 2106 λειποντας
1430 2073 1521 2114 (sine

190 2116 344 2156 accentu)
365 2116 389 2147 S
407 2127 414 2147 t
438 2117 611 2149 λείποντας
629 2116 694 2147 FA
856 2126 891 2147 11
918 2119 1037 2158 κρινεῖν
1055 2117 1152 2147 Blass
1169 2127 1238 2148 sec.
1256 2117 1396 2149 Aristid.
1417 2117 1425 2147 i
1443 2118 1519 2155 662,

190 2161 275 2198 829:
305 2162 376 2199 ὑμῖν
400 2160 521 2191 codd.:
553 2163 624 2200 ὑμῖν
648 2163 767 2200 νομιεῖν
791 2160 908 2199 Cobet,
932 2161 1006 2191 coll.
1033 2160 1119 2192 Xen.
1142 2161 1252 2192 Anab.
1277 2162 1298 2191 ii
1323 2171 1352 2200 5,
1380 2171 1432 2201 39,
1457 2163 1518 2192 διε.

190 2202 336 2242 νομίζετε
353 2204 449 2234 codd.
466 2215 473 2235 :
497 2203 637 2244 νομίζειν
652 2203 793 2235 Voemel
951 2205 990 2234 16
1013 2204 1152 2246 πράξεως
1169 2209 1248 2236 ante
1264 2205 1354 2237 ποίας
1373 2204 1397 2235 S
1413 2216 1420 2235 :
1445 2209 1520 2244 post

190 2247 282 2279 ποίας
299 2252 376 2278 cett.
528 2248 567 2278 18
598 2250 753 2286 δυνηθῆτε
779 2247 825 2278 S:
857 2247 993 2287 δύνησθε
1018 2248 1106 2288 vulg.
1262 2258 1304 2279 20
1336 2249 1383 2280 ἀεὶ
1408 2247 1520 2279 SAY

191 2300 275 2322 corr.
292 2303 300 2322 ι
324 2292 362 2323 ἂν
379 2291 469 2330 vulg.
604 2292 704 2333 σχοίη
722 2291 809 2331 vulg.
826 2303 832 2322 ε
865 2291 936 2332 ἔχοι
955 2291 979 2322 S
996 2292 1088 2322 solus
1264 2301 1306 2331 25
1329 2291 1427 2332 μόνον
1444 2296 1521 2332 post

191 2336 380 2376 θεωροῦντες
397 2335 472 2366 add.
494 2333 581 2375 vulg.
603 2335 640 2366 S¹
658 2345 760 2374 marg.
779 2346 786 2366 :
811 2346 875 2367 om.
896 2335 919 2366 S
936 2336 1027 2367 solus
1045 2340 1078 2366 et
1094 2335 1153 2367 xiii
1170 2337 1213 2366 26

263 2380 300 2411 In
320 2380 344 2411 S
362 2379 587 2420 subscriptum

552 2427 655 2455 ‘rm-:P
678 2426 758 2455 ΤΗΣ
783 2426 938 2453 ΡΟΔΙΩΝ
963 2426 1212 2456 ΕΛΕΥΘΕΡΙΑΣ

683 2471 707 2497 Η
728 2471 753 2497 H
773 2471 798 2497 H
817 2473 843 2497 Δ
863 2472 890 2497 Δ
910 2473 935 2497 Δ
954 2473 980 2497 Δ
1001 2471 1028 2496 1·1
1048 2472 1059 2497 1
1080 2472 1091 2498 1

700 2501 752 2557 43
772 2509 804 2550 (i.
821 2520 850 2540 e.
875 2510 1064 2550 διώρθωται)

1543 529 1560 561 5

1546 864 1585 887 10

1545 1198 1584 1232 15

1545 1537 1585 1559 20

1544 1871 1581 1903 ²5
