1747 2844
175 531 192 563 5

155 861 192 883 10

156 1193 191 1226 15

151 1524 191 1546 20

217 138 285 192 xv]
355 144 497 181 ΠΕΡΙ
546 143 670 181 ΤΗΣ
719 141 957 180 ΡΟΔΙΩΝ
1008 141 1402 179 ΕΛΕΥΘΕΡΙΑΣ

214 246 384 300 αἰσχρὸν
416 246 516 297 ἡμᾶς
547 247 690 297 μόνους
720 245 773 296 μὴ
803 244 961 289 ’θέλειν,
996 242 1181 284 ἁπάντων
1214 245 1255 284 δὲ
1288 247 1365 283 τῶν
1399 243 1534 284 ἄλλων

214 315 319 355 ὅπως
345 314 493 353 ἀδικεῖν
512 311 747 363 δυνήσονται
770 309 1173 364 παρασκευαζομένων
1197 310 1338 360 μόνους
1362 310 1463 360 ἡμᾶς
1487 311 1535 350 τὰ

214 381 342 421 δίκαια
366 380 651 431 προτείνεσθαι,
677 378 842 429 μηδενὸς
868 375 1298 428 ἀντιλαμβανομένους,
1320 376 1364 416 οὐ
1388 379 1533 417 δικαιο-

214 447 338 497 σύνην
363 445 454 486 ἀλλ’
482 446 690 497 ἀνανδρίαν
713 445 894 497 ἡγοῦμαι·
933 445 1008 496 ὁρῶ
1034 444 1110 496 γὰρ
1134 442 1309 484 ἅπαντας
1339 442 1435 494 πρὸς
1463 443 1535 493 τὴν

214 516 415 565 παροῦσαν
435 513 595 562 δύναμιν
611 515 688 552 τῶν
708 512 867 552 δικαίων
888 510 1153 561 ἀξιουμένους.
1209 510 1269 550 καὶ
1288 509 1535 562 παράδειγμα

212 580 347 632 λέγειν
381 579 458 632 ἔχω
491 579 628 618 τούτου
663 580 787 618 πᾶσιν
822 579 913 628 ὑμῖν
949 577 1158 629 γνώριμον.
1230 577 1309 617 εἶσὶ
1346 578 1536 626 συνθῆκαι

212 649 294 687 τοῖς
311 645 490 695 “Έλλησι
509 642 661 697 [διτταὶ]
682 644 776 696 πρὸς
803 643 994 695 βασιλέα,
1022 645 1067 685 δις
1092 642 1298 694 ἐποιήσαθ’
1322 643 1344 694 ἡ
1372 644 1487 684 πόλις
1512 644 1534 694 ἡ

211 711 392 763 ἡμετέρα,
419 712 463 753 ἃς
493 711 663 753 ἅπαντες
693 710 996 763 ἐγκωμιάζουσι,
1024 711 1084 751 καὶ
1113 712 1211 761 μετὰ
1235 709 1343 750 ταῦθ’
1369 710 1535 762 ὕστερον

211 779 512 829 Λακεδαιμόνιοι
535 778 676 820 ταύτας
705 779 760 818 ὧν
785 778 830 828 δὴ
858 781 1131 830 κατηγοροῦσι·
1170 778 1240 818 κᾶν
1264 778 1421 818 ταύταις
1446 776 1534 829 οὐχὶ

211 845 330 885 ταύτὰ
349 845 463 886 δίκαι’
481 844 722 897 ἀμφοτέραις
741 845 919 897 ὥρισται.
975 849 1052 885 τῶν
1070 847 1143 895 μὲν
1159 845 1234 897 γὰρ
1250 845 1356 884 ἰδίων
1376 844 1536 884 δικαίων

210 916 289 953 τῶν
309 913 350 953 ἐν
369 916 452 954 ταῖς
471 912 687 954 πολιτείαις
713 914 748 952 οἱ
773 912 886 962 νόμοι
912 911 1045 961 κοινὴν
1063 911 1136 961 τὴν
1153 911 1368 962 μετουσίαν
1388 910 1535 951 ἔδοσαν

214 979 275 1019 καὶ
312 980 405 1029 ἵσην
444 979 506 1020 καὶ
543 982 624 1021 τοῖς
666 977 881 1019 ἀσθενέσιν
925 978 986 1018 καὶ
1025 981 1106 1019 τοῖς
1145 979 1336 1031 ἰσχυροῖς·
1386 981 1464 1018 τῶν
1502 976 1535 1017 δ’

211 1044 459 1096 Ἑλληνικῶν
502 1047 660 1086 δικαίων
703 1047 740 1086 οἱ
789 1048 1019 1098 κρατοῦντες
1066 1044 1221 1096 ὁρισταὶ
1267 1047 1348 1086 τοῖς
1393 1044 1536 1095 ἥττοσι

212 1113 427 1164 γίγνονται.

279 1178 438 1229 Ἐπειδὴ
459 1180 589 1220 τοίνυν
607 1180 697 1230 ὑμῖν
717 1178 929 1232 ἐγνωκέναι
953 1181 1002 1219 τὰ
1027 1179 1155 1219 δίκαια
1177 1174 1336 1231 [ποιεῖν]
1353 1177 1533 1231 ὑπάρχει,

211 1246 316 1288 ὅπως
343 1246 404 1286 καὶ
429 1244 572 1298 πρᾶξαι
597 1245 703 1286 ταῦτ’
728 1245 792 1298 ἐφ’
810 1247 902 1297 ὑμῖν
925 1245 1038 1286 ἔσται
1062 1248 1123 1286 δεῖ
1145 1249 1322 1286 σκοπεῖν.
1381 1245 1468 1286 ἔστι
1493 1246 1535 1285 δὲ

211 1311 329 1358 ταῦτ’,
357 1313 425 1353 ἐὰν
448 1313 705 1365 ὑποληφθῆτε
736 1313 857 1352 κοινοὶ
892 1311 1111 1364 προστάται
1140 1313 1209 1362 τῆς
1242 1311 1398 1353 πάντων
1424 1312 1534 1352 ἐλευ-

211 1380 341 1430 θερίας
365 1378 476 1419 εἶναι.
543 1379 701 1421 εἰκότως
725 1378 768 1419 δέ
790 1396 857 1430 μοι
882 1382 991 1419 δοκεῖ
1011 1378 1297 1431 χαλεπώτατον
1320 1379 1410 1429 ὑμῖν
1436 1378 1535 1419 εἶναι

209 1442 352 1497 πρᾶξαι
376 1447 423 1485 τὰ
448 1444 600 1487 δέοντα.
670 1449 752 1488 τοῖς
775 1448 848 1496 μὲν
873 1447 948 1498 γὰρ
973 1444 1112 1487 ἄλλοις
1142 1444 1292 1486 ἅπασιν
1316 1445 1535 1497 ἀνθρώποις

210 1512 265 1554 εἷς
283 1512 390 1564 ἀγών
416 1513 526 1554 ἐστιν
545 1514 566 1553 ὁ
591 1512 687 1565 πρὸς
705 1512 796 1554 τοὺς
814 1511 1034 1564 προδήλους
1053 1513 1230 1565 ἐχθρούς,
1252 1513 1306 1553 ὧν
1324 1511 1372 1553 ἂν
1393 1511 1532 1564 κρατή-

210 1595 351 1626 σωσιν,
389 1579 501 1620 οὐδὲν
537 1581 718 1631 ἐμποδὼν
753 1580 884 1622 αὐτοῖς
921 1579 1064 1631 κυρίοις
1104 1582 1182 1620 τῶν
1218 1579 1378 1632 ἀγαθῶν
1421 1578 1533 1620 εῖναι·

208 1646 297 1696 ὑμῖν
322 1645 367 1692 δ’,
395 1644 424 1686 ὦ
449 1645 585 1699 ἄνδρες
611 1647 826 1697 Ἀθηναῖοι,
853 1646 933 1693 δύο,
960 1645 1073 1688 οὗτός
1098 1645 1132 1686 θ’
1158 1646 1178 1685 ὁ
1204 1646 1265 1686 καὶ
1290 1650 1372 1688 τοῖς
1396 1645 1535 1688 ἄλλοις

212 1712 272 1751 καὶ
304 1713 495 1765 πρόσεσθ’
529 1714 660 1766 ἕτερος
691 1713 829 1755 τούτου
862 1713 1050 1767 πρότερος
1083 1713 1144 1753 καὶ
1176 1713 1331 1764 μείζων·
1370 1716 1430 1753 δεῖ
1460 1715 1534 1765 γὰρ

209 1779 307 1829 ὑμᾶς
335 1780 648 1832 βουλευομένους
677 1784 870 1833 κρατῆσαι
897 1784 976 1822 τῶν
1005 1781 1192 1822 τάναντία
1220 1787 1268 1838 τῇ
1297 1781 1413 1821 πόλει
1443 1779 1533 1831 παρ’

209 1846 300 1896 ὑμῖν
324 1846 508 1898 πράττειν
532 1848 826 1904 προῃρημένων.
885 1848 979 1888 ὅταν
1004 1848 1072 1889 οὖν
1094 1850 1216 1900 μηδὲν
1240 1847 1263 1904 ᾗ
1286 1849 1349 1888 διὰ
1374 1847 1533 1889 τούτους

211 1912 378 1953 ἀκονιτεὶ
407 1917 484 1954 τῶν
509 1915 678 1956 δεόντων
706 1915 906 1968 γενέσθαι,
937 1919 1100 1957 πολλῶν
1131 1913 1406 1967 διαμαρτάνειν
1434 1914 1533 1964 ὑμᾶς

212 1980 370 2022 εἰκότως
394 1982 620 2032 συμβαίνει.
689 1985 757 2022 τοῦ
785 1982 920 2034 μέντοι
949 1983 1124 2024 πολλοὺς
1150 1983 1271 2023 ἀδεῶς
1296 1981 1438 2031 ταύτην
1463 1979 1533 2030 τὴν

211 2045 323 2097 τάξιν
339 2049 536 2099 αἱρεῖσθαι
551 2050 620 2099 τῆς
635 2051 849 2096 πολιτείας,
869 2051 967 2092 ἴσως
985 2052 1058 2102 μὲν
1074 2051 1112 2090 αἱ
1131 2051 1235 2101 παρὰ
1252 2051 1330 2089 τῶν
1344 2049 1531 2098 μισθοδο-

254 2164 274 2194 5
298 2157 348 2188 καὶ
365 2161 443 2188 ante
460 2160 524 2189 τῶν
541 2157 618 2189 add.
636 2158 725 2197 vulg.
742 2169 749 2189 ε
774 2168 838 2190 om.
859 2158 938 2190 S¹A
1085 2160 1106 2189 6
1128 2159 1244 2191 τούτου
1263 2163 1339 2199 post
1358 2158 1423 2199 ἔχω
1442 2158 1465 2189 S
1479 2156 1511 2188 A
1526 2170 1533 2189 :

211 2204 290 2230 ante
313 2199 425 2241 λέγειν
449 2201 538 2240 vulg.
653 2211 670 2240 7
703 2203 808 2234 διτταὶ
833 2207 910 2241 post
927 2201 1072 2240 ’Ἐλλησι
1098 2202 1259 2233 SFBY:
1292 2207 1369 2242 post
1393 2201 1534 2239 βασιλέα

211 2242 242 2272 Α
257 2254 264 2273 2
288 2249 366 2274 ante
384 2247 450 2276 τοῖς
467 2245 555 2284 vulg.
573 2256 579 2275 :
604 2245 682 2276 secl.
700 2245 797 2276 Blass
956 2256 993 2276 10
1017 2246 1211 2287 ἀμφοτέραις
1229 2245 1252 2276 S
1265 2245 1296 2276 A
1312 2258 1318 2276 :
1343 2244 1533 2287 ἀμφοτέροις

213 2285 238 2316 F
252 2285 281 2316 Y
295 2287 324 2317 O
341 2299 347 2318 :
372 2288 556 2329 ἀμφοτέρως
574 2288 661 2328 vulg.
828 2299 864 2328 15
889 2292 991 2321 ποιεῖν
1009 2289 1031 2319 S
1045 2288 1075 2318 A
1091 2301 1097 2319 :
1123 2289 1200 2320 secl.
1219 2289 1338 2320 Wolf:
1363 2290 1414 2321 καὶ
1431 2292 1534 2321 ποιεῖν

213 2329 299 2369 vulg.
453 2332 491 2361 16
516 2332 606 2363 ἔσται
623 2332 711 2371 vulg.
727 2343 734 2362 t
759 2332 830 2364 ἔστι
848 2333 872 2363 S
889 2332 982 2363 solus
1128 2342 1169 2371 23
1193 2332 1343 2374 πρόσεσθ’
1362 2332 1385 2363 S
1398 2333 1429 2363 A
1445 2333 1468 2363 F
1481 2332 1511 2362 Y
1526 2344 1532 2363 :

212 2373 340 2414 προσέθ’
356 2374 397 2406 al.
498 2376 540 2405 26
564 2376 702 2407 ἀκονιτεὶ
721 2375 817 2406 Blass
838 2376 893 2416 (cs.
910 2376 1139 2407 Meisterhans
1151 2376 1220 2407 Att.
1237 2376 1365 2407 Inschr.
1384 2387 1415 2416 p.
1434 2376 1508 2416 147)
1525 2387 1532 2406 :

213 2416 344 2488 ἀκιῖνητὶ
373 2417 418 2448 S:
454 2418 575 2450 ἀκονιτὶ
604 2418 692 2458 vulg.
828 2420 870 2449 28
903 2418 1180 2459 μισθοδοτούντων
1208 2419 1299 2450 SA:
1333 2423 1532 2459 μισθοδοτῶν

214 2469 254 2488 vu
271 2469 301 2498 g.

1568 140 1681 194 [199]

1566 526 1610 561 29

1567 1193 1612 1227 30

1565 1658 1605 1693 31

1564 1849 1680 1905 [200]

1564 1993 1607 2027 32
