1731 2844
618 147 1029 187 PRAEFATIO

162 273 266 300 num
310 260 503 301 novitate
545 259 651 300 haec
688 259 917 314 splendent
957 274 1041 300 non
1076 260 1175 300 ideo
1207 266 1351 301 tamen
1387 260 1489 300 1111111

162 328 263 370 inde
303 328 468 370 addisci
513 335 668 382 potest.
750 328 869 370 Illud
912 329 1101 383 primum
1146 343 1230 370 non
1274 329 1488 370 mediocre

163 404 307 439 movet
343 398 536 439 studium
573 398 691 451 quod
725 398 1052 451 antiquissimae
1079 398 1313 439 memoriae
1341 405 1487 439 aucto-

162 481 227 508 res
271 467 354 508 iam
399 467 609 508 habemus
653 482 679 508 a
726 467 844 508 libris
891 469 1048 509 nostris
1090 468 1310 518 diversae3
1348 481 1487 521 neque

158 537 271 577 enim
295 549 393 577 cum
424 536 573 578 codice
596 536 684 577 ullo
705 543 780 577 aut
813 537 1012 578 codicum
1043 536 1204 578 familia
1235 536 1364 590 plane
1386 550 1485 577 con-

158 610 343 658 gruunt3
388 605 520 647 modo
555 605 621 646 his
655 605 787 646 modo
821 605 904 646 illis
937 605 1234 660 suffragantur,
1267 607 1400 647 modo
1431 605 1487 647 ab

157 673 360 714 omnibus
411 674 572 727 pariter
613 674 848 725 dissident;
898 689 1038 728 neque
1080 675 1236 715 desunt
1281 674 1363 715 loci
1412 675 1486 717 ubi

157 756 305 783 veram
338 742 567 784 lectionem
601 744 725 784 unice
746 750 932 785 tuentur.
997 744 1150 797 Itaque
1183 744 1339 784 nostris
1364 744 1485 784 testi—

159 812 312 852 moniis
363 812 432 852 hic
487 812 572 852 11116
614 811 899 866 locupletiora
942 813 1055 854 nacti
1096 814 1382 854 admonemur
1434 826 1486 853 ne

158 880 291 934 ipsius
326 880 356 922 S
394 881 642 922 auctoritati
680 882 861 923 nimium
897 882 1178 923 confidamus.
1257 883 1356 922 Non
1399 895 1486 935 quo

156 949 448 991 vetustissima
489 964 686 1004 quaeque
728 957 770 991 et
814 951 1090 1004 integerrima
1132 950 1229 998 sint,
1262 951 1379 1003 quod
1417 950 1484 990 vel

158 1016 263 1060 illud
302 1033 435 1060 unum
471 1019 625 1060 refellit
661 1020 903 1060 Phaedonis
946 1019 1157 1060 Platonici
1193 1018 1485 1073 fragmentum

157 1101 464 1141 papyraceum‚
488 1088 669 1139 saeculo,
694 1096 739 1129 ut
766 1088 947 1137 videtur,
972 1098 1016 1129 A.
1035 1099 1071 1129 C.
1098 1088 1226 1129 tertio
1261 1089 1486 1142 scriptum,

157 1156 399 1199 Bodleiano
463 1158 577 1198 idem
640 1158 787 1198 codice
839 1158 939 1199 noni
994 1167 1030 1198 1‘.
1049 1168 1088 1199 C.
1141 1157 1300 1198 saeculi
1348 1158 1486 1198 multo

156 1215 368 1275 deterius;
400 1227 473 1267 sed
496 1227 838 1268 Demosthenica
860 1227 966 1268 haec
998 1241 1097 1267 cum
1127 1232 1344 1268 vetustate
1365 1241 1484 1267 com-

157 1296 417 1336 mendantur
440 1302 533 1336 tum
557 1310 633 1349 per
654 1311 698 1337 se
717 1296 848 1337 fidem
871 1296 1104 1349 plurimam
1129 1295 1303 1336 faciunt.
1354 1296 1483 1337 Alte-

157 1377 250 1404 rum
282 1371 345 1405 est
379 1366 494 1417 quod
524 1365 589 1405 vel
623 1365 762 1418 magis
794 1365 1071 1406 admiremur.
1133 1365 1193 1405 Vt
1230 1365 1411 1418 singulis
1443 1366 1484 1406 in

156 1433 411 1474 lectionibus
441 1434 635 1476 codicum
674 1435 813 1487 quivis
848 1449 872 1475 a
909 1448 1077 1488 papyro
1109 1435 1338 1487 discrepat,
1362 1435 1420 1476 ita
1450 1435 1484 1475 si

156 1516 245 1543 rem
271 1508 410 1543 totam
435 1503 671 1555 respexeris
699 1503 855 1543 mirum
890 1504 931 1543 111
961 1504 1140 1544 modum
1175 1517 1272 1544 cum
1307 1504 1485 1556 optimis

156 1571 272 1612 libris
295 1572 508 1613 consentit
530 1585 797 1625 papyrorum
820 1573 1129 1613 testimonium.
1191 1573 1341 1625 Vsque
1373 1574 1484 1614 adeo

154 1647 252 1695 post
286 1641 563 1682 millesimum
598 1641 683 1682 fere
715 1655 874 1682 annum
897 1648 971 1682 aut
1001 1642 1105 1682 nihil
1138 1649 1211 1683 aut
1243 1643 1482 1683 admodum

155 1709 382 1762 paululum
408 1710 557 1751 damni
580 1710 742 1764 cepisse
771 1717 922 1752 textus
945 1710 1126 1752 videtur.
1189 1711 1359 1752 Vitiosa
1381 1725 1484 1752 sane

155 1778 292 1819 multa
335 1779 592 1820 invexerunt
644 1779 877 1833 aliquando
928 1780 1016 1821 sive
1068 1781 1325 1833 interpretes
1372 1780 1484 1821 male

153 1848 289 1889 seduli
322 1849 409 1889 sive
453 1848 726 1890 librariorum
760 1849 922 1890 incuria
954 1848 1264 1890 inculcantium
1297 1863 1409 1902 quae
1442 1850 1484 1889 in

155 1918 349 1972 margine
390 1919 611 1972 adscripta
650 1925 783 1967 erant,
816 1933 894 1959 nec
929 1933 1024 1960 raro
1058 1918 1214 1959 horum
1258 1919 1484 1960 manifesta

152 1987 335 2040 vestigia
375 1993 585 2028 tenemus.
648 1988 748 2028 Non
783 1994 928 2028 tamen
972 1988 1186 2029 Romanis
1230 1988 1271 2028 id
1306 1989 1480 2029 demum

152 2055 421 2109 temporibus
468 2057 543 2097 sed
587 2056 732 2109 potius
773 2056 1083 2098 Alexandrinis
1126 2057 1333 2097 accidisse
1373 2057 1483 2097 arbi-

153 2126 371 2175 trandum,
393 2125 461 2166 vel
489 2126 621 2167 etiam
654 2126 785 2178 ipsius
818 2126 1000 2167 oratoris
1030 2126 1162 2167 aetati
1193 2124 1481 2179 propioribus.

154 2194 310 2246 Neque
333 2195 374 2233 in
398 2194 489 2234 dies
513 2194 651 2248 magis
677 2195 861 2235 crevisse
884 2195 1049 2236 malum
1073 2195 1253 2244 videtur,
1281 2195 1357 2235 sed
1381 2207 1478 2235 cum

152 2263 343 2303 maxime
395 2262 612 2305 rhetorum
672 2264 843 2305 scholae
892 2264 1086 2317 vigerent
1139 2263 1480 2304 Demosthenem

154 2331 454 2381 lectitantium,
490 2332 880 2387 interpretantium,
922 2333 1215 2380 ediscentium,
1254 2339 1386 2386 atque
1419 2332 1480 2372 in-

152 2415 256 2454 gens
290 2408 455 2455 pateret
488 2402 758 2455 corruptelae
796 2402 926 2453 locus,
960 2402 1190 2443 cessavisse
1226 2401 1479 2442 industriam

797 2481 829 2504 Χ]
