1763 2828
113 130 228 183 [446]

167 448 234 484 329

685 127 1166 166 ΔΗΜΟΣΘΕΝΟΎΣ
1498 120 1582 175 [xlx

263 249 419 278 σαντες,
446 233 636 273 τάναντία
670 233 818 273 τούτων
855 231 1040 284 ἑοράκατε
1076 232 1303 284 γιγνόμενα,
1339 230 1400 271 καὶ
1436 233 1586 272 δοκεῖτε

261 302 332 350 μὲν
367 299 522 352 εἰρήνην
555 299 678 351 ἄγειν,
710 300 930 340 πεπόνθατε
967 301 1004 338 ὀὲ
1040 298 1224 351 δεινότερ’
1252 295 1276 348 ἢ
1307 301 1584 348 πολεμοῦντες·

265 366 371 406 οὗτοι
396 369 436 407 δὲ
462 365 629 419 χρήματ’
648 366 813 419 ἔχουσιν
839 366 902 406 ἐπὶ
927 365 1078 407 τούτοις
1104 365 1166 405 καὶ
1188 364 1306 417 μέχρι
1330 366 1399 414 τῆς
1418 363 1586 416 τήμερον

263 432 408 485 ἡμέρας
428 434 537 483 δίκην
557 432 602 472 οὐ
621 433 852 473 δεδώκασιν.
911 433 971 472 ὅτι
992 433 1065 483 γὰρ
1086 431 1193 471 ταῦθ’
1212 432 1348 472 ἁπλῶς
1373 431 1583 483 δεδωροδό-

265 517 377 550 κηται
401 500 464 539 καὶ
489 499 603 550 τιμὴν
629 500 791 552 ἔχουσιν
817 498 1000 539 ἁπάντων
1019 499 1166 538 τούτων
1190 497 1308 543 οὗτοι,
1330 497 1587 550 πολλαχόθεν

262 569 335 617 μὲν
367 566 481 619 ἔγωγ’
516 566 623 617 οἶμαι
659 568 781 616 δῆλον
812 567 904 617 ὑμῖν
939 565 1038 606 εἶναι
1073 565 1208 611 πάλαι,
1248 565 1309 605 καὶ
1343 563 1500 604 δέδοικα
1534 563 1587 614 μὴ

263 633 491 674 τούναντίον
528 632 572 672 οὗ
610 633 810 684 βούλομαι
849 636 959 678 ποιῶ,
997 631 1141 685 σφόδρ’
1179 633 1354 684 ἀκριβῶς
1391 630 1587 671 δεικνύναι

263 700 502 753 πειρώμενος
532 703 680 753 διοχλῶ
706 698 829 740 πάλαι
857 698 960 739 τοῦτ’
987 699 1125 739 αὐτοὺς
1155 699 1252 748 ὑμᾶς
1281 699 1445 740 εἰδότας·
1484 699 1587 748 ὅμως

264 766 297 806 δ’
340 766 396 806 ἔτι
438 767 500 807 καὶ
542 766 622 806 τόδ’
664 766 870 806 ἀκούσατε.
943 765 1025 806 ἔσθ’
1065 765 1184 806 ὅντιν’
1221 766 1343 815 ὑμεῖς,
1382 763 1412 804 ὦ
1450 764 1588 816 ἄνδρες

264 834 459 879 δικασταί,
503 837 580 873 τῶν
621 832 833 885 πρέσβεων
875 833 928 873 ὧν
970 833 1127 884 ἔπεμψε
1167 832 1368 873 Φίλιππος
1410 834 1588 884 χαλκοῦν

265 899 448 950 στήσαιτ’
488 900 536 940 ἂν
578 901 620 940 ἐν
658 901 801 955 ἀγορᾷ,·
857 900 896 939 τί
931 898 992 945 δέ,·
1044 897 1164 948 δοίητ’
1203 897 1251 937 ἂν
1291 900 1332 938 ἐν
1370 898 1588 951 πρυτανείῳ

265 968 425 1017 σίτησιν
454 964 477 1017 ἦ
509 966 638 1016 ἄλλην
668 968 755 1007 τινα
784 965 960 1018 δωρειάν,
989 965 1049 1006 αῖς
1079 967 1215 1015 τιμᾶτε
1244 964 1333 1006 τοὺς
1363 963 1586 1016 εὐεργέτας,-

266 1035 344 1085 ἐγὼ
359 1037 430 1085 μὲν
447 1033 513 1073 οὐκ
535 1033 653 1084 οἶμαι.
715 1035 777 1073 διὰ
796 1033 852 1079 τί,·
887 1032 991 1084 (οὔτε
1010 1033 1083 1084 γὰρ
1098 1033 1208 1082 ὑμεῖς
1223 1030 1259 1083 γ’
1277 1030 1489 1085 ἀχάριστοί
1505 1029 1588 1070 ἐστ’

266 1100 345 1140 οὔτ’
365 1100 491 1141 ἄδικοι
515 1100 714 1152 ἄνθρωποι
740 1100 828 1140 οὔτε
854 1097 995 1149 κακοί.)
1050 1100 1111 1138 ὅτι
1136 1097 1250 1138 πάνθ’
1269 1098 1368 1149 ὑπὲρ
1385 1098 1590 1138 Φιλίππου

267 1167 328 1207 καὶ
347 1167 427 1207 οὐδ’
448 1168 576 1208 ὁτιοῦν
594 1168 690 1219 ὑπὲρ
709 1168 817 1218 ὑμῶν
836 1165 1022 1219 ἔπραξαν,
1045 1164 1182 1206 εἴποιτ’
1204 1164 1264 1210 ἄν,
1286 1165 1348 1205 καὶ
1373 1164 1501 1214 ἀληθῆ
1528 1163 1589 1204 καὶ

265 1235 408 1274 δίκαια.
479 1233 547 1275 εἶτ’
573 1234 696 1275 οἴεσθ’
721 1235 829 1284 ὑμεῖς
858 1235 929 1284 μὲν
955 1233 1054 1272 οὕτω
1080 1232 1328 1285 γιγνώσκειν,
1354 1230 1423 1271 τὸν
1449 1232 1490 1271 δὲ
1516 1230 1587 1270 Φί-

265 1306 415 1342 λιππον
453 1301 526 1354 οὐχ
565 1302 678 1347 οὕτω,
719 1302 824 1340 ἀλλὰ
864 1300 1016 1341 τούτοις
1055 1299 1205 1339 διδόναι
1251 1297 1486 1348 τηλικαύτας
1527 1297 1589 1336 καὶ

266 1369 461 1410 τοσαύτας
486 1369 647 1420 δωρειὰς
673 1369 772 1408 διότι
795 1368 892 1419 ὑπὲρ
916 1368 1023 1417 ὑμῶν
1050 1369 1179 1407 καλῶς
1205 1365 1266 1405 καὶ
1292 1365 1450 1406 δικαίως
1476 1363 1587 1415 ἐπρέ-

267 1440 468 1486 σβευσαν;
508 1435 575 1475 οὐκ
600 1434 686 1475 ἔστι
713 1438 845 1474 ταῦτα.
909 1433 978 1474 τὸν
1004 1434 1077 1486 γὰρ
1101 1431 1362 1485 ζΗγήσιππον
1387 1431 1501 1482 ὁρᾶτε
1529 1430 1590 1470 καὶ

266 1501 356 1543 τοὺς
373 1501 456 1552 μετ’
477 1502 596 1542 αὐτοῦ
615 1501 808 1553 πρέσβεις
828 1504 907 1542 πῶς
927 1500 1100 1549 ἐδέυατο.
1153 1500 1201 1538 τὰ
1219 1501 1291 1550 μὲν
1311 1498 1417 1538 ἄλλα
1438 1501 1588 1542 σιωπῶ,

267 1569 373 1608 ἀλλὰ
393 1570 659 1618 Ξενοκλείδην
675 1569 827 1608 τουτονὶ
846 1567 913 1607 τὸν
932 1566 1095 1616 ποιητὴν
1112 1564 1355 1616 ἐξεκήρυξεν,
1374 1566 1433 1604 ὅτι
1452 1563 1590 1604 αὐτοὺς

266 1634 482 1685 ὑπεδέξατο
508 1635 672 1675 πολίτας
698 1636 826 1675 ὄντας.
887 1637 967 1674 τοῖς
991 1635 1063 1684 μὲν
1083 1634 1158 1684 γὰρ
1177 1633 1274 1683 ὑπὲρ
1292 1632 1398 1681 ὑμῶν
1423 1630 1590 1683 λέγουσι

267 1702 424 1743 δικαίως
460 1701 523 1740 ὅσ’
557 1701 604 1740 ἂν
638 1705 819 1753 φρονῶσι
854 1703 989 1739 τοῦτον
1023 1699 1091 1739 τὸν
1124 1699 1268 1751 τρόπον
1306 1697 1589 1750 προσφέρεται,

267 1772 348 1809 τοῖς
368 1771 409 1808 δὲ
429 1768 675 1820 πεπρακόσιν
694 1767 834 1808 αὐτοὺς
859 1767 909 1807 ὡς
935 1766 1097 1807 τούτοις.
1153 1764 1258 1805 ταῦτ’
1280 1764 1347 1805 οὖν
1372 1764 1589 1816 μαρτύρων,

267 1835 371 1874 ταῦτ’
394 1835 574 1889 ἐλέγχων
593 1838 710 1875 τινῶν
727 1835 786 1875 ἔτι
811 1837 930 1874 δεῖται
955 1833 1162 1884 μειζόνωΡί
1200 1831 1305 1872 Ταῦτ’
1327 1829 1596 1884 ἆφαιΡήσεταί

267 1919 324 1944 τις
349 1903 475 1952 ὑμῶν;

338 1968 438 2010 Εῖπε
461 1970 592 2009 τοίνυν
616 1969 686 2019 μοί
704 1984 762 2009 τις
787 1967 872 2019 ἄρτι
898 1967 1131 2019 προσελθὼν
1151 1965 1225 2017 πρὸ
1250 1968 1318 2006 τοῦ
1342 1965 1594 2016 δικαστηρίου

268 2038 428 2088 πρᾶγμα
449 2036 679 2076 καινότατον
699 2033 867 2080 πάντων,
886 2034 1067 2085 Χάρητος
1088 2035 1316 2085 κατηγορεῖν
1336 2032 1453 2072 αὐτὸν
1473 2048 1590 2082 παρε-

269 2102 500 2150 σκευάσθαι,
523 2103 585 2143 καὶ
610 2104 672 2142 δια
696 2103 833 2141 τούτου
858 2104 924 2141 τοῦ
949 2102 1094 2152 τρόπου
1116 2099 1177 2140 καὶ
1197 2099 1345 2140 τούτων
1363 2102 1441 2139 τῶν
1460 2098 1592 2150 λόγωι·

311 2223 329 2251 4
356 2211 480 2252 ἁπλῶς]
499 2213 598 2244 οὕτως
617 2212 686 2252 ἔχει
704 2212 754 2243 καὶ
775 2210 810 2241 L¹
823 2210 847 2240 S
859 2224 909 2251 γρ.
927 2209 957 2248 Q
970 2223 1021 2251 γρ.
1115 2208 1365 2250 δεδωροδόκηται
1382 2206 1451 2237 ΑΡ
1469 2219 1475 2238 :
1500 2210 1592 2239 δεδω·

269 2256 456 2299 ροδόκηνται
474 2255 498 2286 S
512 2255 536 2285 L
554 2255 641 2294 vulg.
778 2264 794 2292 7
819 2257 896 2285 ποιῶ
915 2253 937 2283 S
952 2253 976 2283 L
994 2252 1080 2292 vulg.
1097 2264 1103 2284 :
1129 2253 1251 2289 ποιήσω
1268 2251 1298 2281 Α
1314 2263 1320 2281 :
1345 2250 1424 2282 secl.
1445 2249 1592 2282 Dobree.

270 2300 384 2330 nescio
402 2309 444 2330 an
463 2304 554 2330 recte
687 2299 707 2328 8
732 2300 853 2337 διοχλῶ
872 2297 895 2327 S
909 2297 933 2326 L
952 2296 1038 2335 vulg.
1053 2308 1059 2326 t
1088 2298 1216 2336 ἐνοχλῶ
1233 2295 1263 2325 Α
1352 2293 1459 2334 τοῦτ’]
1476 2295 1551 2327 τοὺς
1568 2294 1593 2324 S

268 2358 319 2385 -γρ,
337 2343 410 2373 sort.
433 2348 523 2373 recte
663 2352 699 2380 14
726 2342 878 2381 ἄνθρωποι
895 2345 1091 2378 suspectum
1111 2339 1211 2369 habet
1227 2337 1369 2369 Voemel
1390 2339 1474 2370 ffffiffi‘a
1495 2347 1592 2377 repe-

270 2388 365 2418 titum
384 2397 426 2417 ex
444 2387 556 2420 ιἰἰδικοι”γ
651 2385 726 2417 ἀλλ’
744 2389 822 2415 ante
841 2385 889 2415 ὅτι
906 2384 981 2413 add.
1004 2383 1028 2412 Ι,
1047 2383 1134 2421 vulg.
1152 2394 1157 2413 :
1184 2392 1248 2413 orn.
1270 2381 1335 2412 SA
1494 2382 1532 2411 16
1556 2383 1594 2413 ἂν

272 2433 390 2462 εἴποιτε
408 2435 484 2469 post
503 2430 607 2461 δίκαια
624 2428 700 2459 add.
717 2427 747 2457 Α
880 2436 919 2465 25
944 2429 1038 2457 τινῶν
1055 2436 1117 2456 om.
1141 2426 1166 2455 F

1611 845 1650 868 10

1614 1511 1653 1533 20

1617 1844 1654 1875 ²5
