<?xml version="1.0" encoding="UTF-8"?>
<!DOCTYPE html PUBLIC "-//W3C//DTD XHTML 1.0 Transitional//EN"
    "http://www.w3.org/TR/xhtml1/DTD/xhtml1-transitional.dtd">
<html xmlns="http://www.w3.org/1999/xhtml" xml:lang="en" lang="en">
 <head>
  <title>
</title>
<meta http-equiv="Content-Type" content="text/html;charset=utf-8" />
  <meta name='ocr-system' content='tesseract 3.04.00' />
  <meta name='ocr-capabilities' content='ocr_page ocr_carea ocr_par ocr_line ocrx_word'/>
</head>
<body>
  <div class='ocr_page' id='page_1' title='image "./orationesrecogno01demouoft_0400.png"; bbox 0 0 1763 2828; ppageno 0'>
   <div class='ocr_carea' id='block_1_1' title="bbox 149 796 216 831">
    <p class='ocr_par' dir='ltr' id='par_1_1' title="bbox 149 796 216 831">
     <span class='ocr_line' id='line_1_1' title="bbox 149 796 216 831; baseline 0.015 -1"><span class='ocrx_word' id='word_1_1' title='bbox 149 796 216 831; x_wconf 82' lang='lat'>245</span> 
     </span>
    </p>
   </div>
   <div class='ocr_carea' id='block_1_2' title="bbox 112 1531 218 1646">
    <p class='ocr_par' dir='ltr' id='par_1_2' title="bbox 112 1531 218 1646">
     <span class='ocr_line' id='line_1_2' title="bbox 151 1531 218 1573; baseline 0.015 -8"><span class='ocrx_word' id='word_1_2' title='bbox 151 1531 218 1573; x_wconf 80' lang='lat'>246</span> 
     </span>
     <span class='ocr_line' id='line_1_3' title="bbox 112 1592 217 1646; baseline 0.01 -2"><span class='ocrx_word' id='word_1_3' title='bbox 112 1592 217 1646; x_wconf 87' lang='lat'>[418]</span> 
     </span>
    </p>
   </div>
   <div class='ocr_carea' id='block_1_3' title="bbox 674 134 1569 189">
    <p class='ocr_par' dir='ltr' id='par_1_3' title="bbox 674 134 1569 189">
     <span class='ocr_line' id='line_1_4' title="bbox 674 134 1569 189; baseline 0.002 -15"><span class='ocrx_word' id='word_1_4' title='bbox 674 136 1155 175; x_wconf 71' lang='grc' dir='ltr'>ΔΗΜΟΣΘΕΝΟΎΣ</span> <span class='ocrx_word' id='word_1_5' title='bbox 1481 134 1569 189; x_wconf 84' lang='lat' dir='ltr'>[x1x</span> 
     </span>
    </p>
   </div>
   <div class='ocr_carea' id='block_1_4' title="bbox 250 237 1576 493">
    <p class='ocr_par' dir='ltr' id='par_1_4' title="bbox 250 237 1576 493">
     <span class='ocr_line' id='line_1_5' title="bbox 252 237 1572 295; baseline 0.002 -15"><span class='ocrx_word' id='word_1_6' title='bbox 252 244 333 295; x_wconf 81' lang='grc' dir='ltr'>ὅσῳ</span> <span class='ocrx_word' id='word_1_7' title='bbox 350 244 425 294; x_wconf 77' lang='grc' dir='ltr'>γὰρ</span> <span class='ocrx_word' id='word_1_8' title='bbox 443 241 489 280; x_wconf 80' lang='grc' dir='ltr'>αὖ</span> <span class='ocrx_word' id='word_1_9' title='bbox 506 243 552 281; x_wconf 83' lang='grc' dir='ltr'>σὲ</span> <span class='ocrx_word' id='word_1_10' title='bbox 569 241 728 281; x_wconf 91' lang='grc' dir='ltr'>πλείους</span> <span class='ocrx_word' id='word_1_11' title='bbox 748 237 770 290; x_wconf 73' lang='grc' dir='ltr'>ἢ</span> <span class='ocrx_word' id='word_1_12' title='bbox 789 239 930 280; x_wconf 82' lang='grc' dir='ltr'>’κεῖνον</span> <span class='ocrx_word' id='word_1_13' title='bbox 947 241 1157 285; x_wconf 73' lang='grc' dir='ltr'>αἰτιῶνται,</span> <span class='ocrx_word' id='word_1_14' title='bbox 1176 240 1377 291; x_wconf 81' lang='grc' dir='ltr'>θεώρησον</span> <span class='ocrx_word' id='word_1_15' title='bbox 1394 241 1444 282; x_wconf 86' lang='grc' dir='ltr'>ὡς</span> <span class='ocrx_word' id='word_1_16' title='bbox 1461 243 1572 282; x_wconf 85' lang='grc' dir='ltr'>εἴσει.</span> 
     </span>
     <span class='ocr_line' id='line_1_6' title="bbox 251 306 1575 360; baseline -0.001 -12"><span class='ocrx_word' id='word_1_17' title='bbox 251 308 318 348; x_wconf 81' lang='grc' dir='ltr'>τὸν</span> <span class='ocrx_word' id='word_1_18' title='bbox 337 311 409 358; x_wconf 82' lang='grc' dir='ltr'>μὲν</span> <span class='ocrx_word' id='word_1_19' title='bbox 425 309 630 360; x_wconf 77' lang='grc' dir='ltr'>Τίμαρχον</span> <span class='ocrx_word' id='word_1_20' title='bbox 647 306 725 346; x_wconf 81' lang='grc' dir='ltr'>οὐδ’</span> <span class='ocrx_word' id='word_1_21' title='bbox 742 308 777 347; x_wconf 84' lang='grc' dir='ltr'>οἱ</span> <span class='ocrx_word' id='word_1_22' title='bbox 794 307 1024 360; x_wconf 79' lang='grc' dir='ltr'>πρόσχωροι</span> <span class='ocrx_word' id='word_1_23' title='bbox 1040 306 1184 348; x_wconf 88' lang='grc' dir='ltr'>πάντες</span> <span class='ocrx_word' id='word_1_24' title='bbox 1202 307 1460 358; x_wconf 80' lang='grc' dir='ltr'>ἐγίγνωσκον,</span> <span class='ocrx_word' id='word_1_25' title='bbox 1476 308 1575 358; x_wconf 78' lang='grc' dir='ltr'>ὑμᾶς</span> 
     </span>
     <span class='ocr_line' id='line_1_7' title="bbox 251 372 1576 426; baseline 0.001 -13"><span class='ocrx_word' id='word_1_26' title='bbox 251 377 291 415; x_wconf 79' lang='grc' dir='ltr'>δὲ</span> <span class='ocrx_word' id='word_1_27' title='bbox 311 374 398 417; x_wconf 84' lang='grc' dir='ltr'>τοὺς</span> <span class='ocrx_word' id='word_1_28' title='bbox 418 374 610 426; x_wconf 79' lang='grc' dir='ltr'>πρέσβεις</span> <span class='ocrx_word' id='word_1_29' title='bbox 635 373 761 414; x_wconf 81' lang='grc' dir='ltr'>οὐδεὶς</span> <span class='ocrx_word' id='word_1_30' title='bbox 779 372 989 422; x_wconf 77' lang='grc' dir='ltr'>Ἑλλήνων</span> <span class='ocrx_word' id='word_1_31' title='bbox 1009 373 1096 414; x_wconf 82' lang='grc' dir='ltr'>οὐδὲ</span> <span class='ocrx_word' id='word_1_32' title='bbox 1120 372 1340 424; x_wconf 85' lang='grc' dir='ltr'>βαρβάρων</span> <span class='ocrx_word' id='word_1_33' title='bbox 1358 373 1444 414; x_wconf 83' lang='grc' dir='ltr'>ἔσθ’</span> <span class='ocrx_word' id='word_1_34' title='bbox 1462 374 1576 417; x_wconf 86' lang='grc' dir='ltr'>ὅστις</span> 
     </span>
     <span class='ocr_line' id='line_1_8' title="bbox 250 438 1576 493; baseline 0 -12"><span class='ocrx_word' id='word_1_35' title='bbox 250 442 293 481; x_wconf 82' lang='grc' dir='ltr'>οὔ</span> <span class='ocrx_word' id='word_1_36' title='bbox 319 446 420 493; x_wconf 89' lang='grc' dir='ltr'>φησι</span> <span class='ocrx_word' id='word_1_37' title='bbox 445 439 612 493; x_wconf 85' lang='grc' dir='ltr'>χρήματ’</span> <span class='ocrx_word' id='word_1_38' title='bbox 639 442 681 479; x_wconf 85' lang='grc' dir='ltr'>ἐκ</span> <span class='ocrx_word' id='word_1_39' title='bbox 706 442 774 490; x_wconf 85' lang='grc' dir='ltr'>τῆς</span> <span class='ocrx_word' id='word_1_40' title='bbox 799 441 1016 491; x_wconf 77' lang='grc' dir='ltr'>πρεσβείας</span> <span class='ocrx_word' id='word_1_41' title='bbox 1042 438 1263 491; x_wconf 92' lang='grc' dir='ltr'>εἰληφέναι.</span> <span class='ocrx_word' id='word_1_42' title='bbox 1329 439 1438 486; x_wconf 85' lang='grc' dir='ltr'>ὥστ’,</span> <span class='ocrx_word' id='word_1_43' title='bbox 1466 442 1576 492; x_wconf 85' lang='grc' dir='ltr'>εἴπερ</span> 
     </span>
    </p>
   </div>
   <div class='ocr_carea' id='block_1_5' title="bbox 251 505 1614 558">
    <p class='ocr_par' dir='ltr' id='par_1_5' title="bbox 251 505 1614 558">
     <span class='ocr_line' id='line_1_9' title="bbox 251 505 1614 558; baseline 0 -11"><span class='ocrx_word' id='word_1_44' title='bbox 251 507 334 547; x_wconf 85' lang='grc' dir='ltr'>ἐστ’</span> <span class='ocrx_word' id='word_1_45' title='bbox 361 507 510 557; x_wconf 74' lang='grc' dir='ltr'>ἀληθὴς</span> <span class='ocrx_word' id='word_1_46' title='bbox 535 507 556 556; x_wconf 87' lang='grc' dir='ltr'>ἡ</span> <span class='ocrx_word' id='word_1_47' title='bbox 585 505 709 558; x_wconf 84' lang='grc' dir='ltr'>φήμη,</span> <span class='ocrx_word' id='word_1_48' title='bbox 738 505 822 546; x_wconf 81' lang='grc' dir='ltr'>καθ’</span> <span class='ocrx_word' id='word_1_49' title='bbox 847 507 953 557; x_wconf 87' lang='grc' dir='ltr'>ὑμῶν</span> <span class='ocrx_word' id='word_1_50' title='bbox 977 507 1087 546; x_wconf 85' lang='grc' dir='ltr'>ἐστιν</span> <span class='ocrx_word' id='word_1_51' title='bbox 1113 506 1135 555; x_wconf 86' lang='grc' dir='ltr'>ὴ</span> <span class='ocrx_word' id='word_1_52' title='bbox 1161 507 1265 557; x_wconf 82' lang='grc' dir='ltr'>παρὰ</span> <span class='ocrx_word' id='word_1_53' title='bbox 1289 509 1367 547; x_wconf 88' lang='grc' dir='ltr'>τῶν</span> <span class='ocrx_word' id='word_1_54' title='bbox 1396 510 1573 554; x_wconf 84' lang='grc' dir='ltr'>πολλῶν,</span> <span class='ocrx_word' id='word_1_55' title='bbox 1595 522 1614 554; x_wconf 84' lang='grc'><strong><em>5</em></strong></span> 
     </span>
    </p>
   </div>
   <div class='ocr_carea' id='block_1_6' title="bbox 248 571 1577 1033">
    <p class='ocr_par' dir='ltr' id='par_1_6' title="bbox 248 571 1577 1033">
     <span class='ocr_line' id='line_1_10' title="bbox 248 571 1577 623; baseline 0.001 -11"><span class='ocrx_word' id='word_1_56' title='bbox 248 573 296 623; x_wconf 87' lang='grc' dir='ltr'>ἢν</span> <span class='ocrx_word' id='word_1_57' title='bbox 321 575 380 614; x_wconf 87' lang='grc' dir='ltr'>ὅτι</span> <span class='ocrx_word' id='word_1_58' title='bbox 405 573 552 623; x_wconf 79' lang='grc' dir='ltr'>πιστὴν</span> <span class='ocrx_word' id='word_1_59' title='bbox 572 573 672 613; x_wconf 81' lang='grc' dir='ltr'>εῖναι</span> <span class='ocrx_word' id='word_1_60' title='bbox 697 575 758 612; x_wconf 90' lang='grc' dir='ltr'>δεῖ</span> <span class='ocrx_word' id='word_1_61' title='bbox 781 573 843 612; x_wconf 89' lang='grc' dir='ltr'>καὶ</span> <span class='ocrx_word' id='word_1_62' title='bbox 871 575 880 590; x_wconf 88' lang='lat'><em>‘</em></span> <span class='ocrx_word' id='word_1_63' title='bbox 898 573 985 614; x_wconf 89' lang='grc' dir='ltr'>θεός</span> <span class='ocrx_word' id='word_1_64' title='bbox 1010 573 1055 613; x_wconf 85' lang='grc' dir='ltr'>νύ</span> <span class='ocrx_word' id='word_1_65' title='bbox 1080 573 1137 613; x_wconf 87' lang='grc' dir='ltr'>τίς</span> <span class='ocrx_word' id='word_1_66' title='bbox 1164 573 1251 612; x_wconf 85' lang='grc' dir='ltr'>ἐστι</span> <span class='ocrx_word' id='word_1_67' title='bbox 1278 572 1340 612; x_wconf 84' lang='grc' dir='ltr'>καὶ</span> <span class='ocrx_word' id='word_1_68' title='bbox 1364 571 1488 622; x_wconf 84' lang='grc' dir='ltr'>αὐτή,’</span> <span class='ocrx_word' id='word_1_69' title='bbox 1515 573 1577 613; x_wconf 87' lang='grc' dir='ltr'>καὶ</span> 
     </span>
     <span class='ocr_line' id='line_1_11' title="bbox 249 637 1577 691; baseline 0.003 -13"><span class='ocrx_word' id='word_1_70' title='bbox 249 640 309 679; x_wconf 86' lang='grc' dir='ltr'>ὅτι</span> <span class='ocrx_word' id='word_1_71' title='bbox 349 639 478 691; x_wconf 87' lang='grc' dir='ltr'>σοφὸς</span> <span class='ocrx_word' id='word_1_72' title='bbox 521 637 568 688; x_wconf 85' lang='grc' dir='ltr'>ἦν</span> <span class='ocrx_word' id='word_1_73' title='bbox 610 639 630 677; x_wconf 89' lang='grc' dir='ltr'>ὁ</span> <span class='ocrx_word' id='word_1_74' title='bbox 672 638 834 688; x_wconf 78' lang='grc' dir='ltr'>ποιητὴς</span> <span class='ocrx_word' id='word_1_75' title='bbox 876 639 896 677; x_wconf 86' lang='grc' dir='ltr'><em>ὁ</em></span> <span class='ocrx_word' id='word_1_76' title='bbox 935 642 1054 679; x_wconf 85' lang='grc' dir='ltr'>ταῦτα</span> <span class='ocrx_word' id='word_1_77' title='bbox 1078 637 1260 688; x_wconf 84' lang='grc' dir='ltr'>ποιήσας,</span> <span class='ocrx_word' id='word_1_78' title='bbox 1301 639 1352 679; x_wconf 89' lang='grc' dir='ltr'>σὺ</span> <span class='ocrx_word' id='word_1_79' title='bbox 1391 639 1577 691; x_wconf 77' lang='grc' dir='ltr'>διώρισας</span> 
     </span>
     <span class='ocr_line' id='line_1_12' title="bbox 250 706 377 747; baseline 0.008 -3"><span class='ocrx_word' id='word_1_80' title='bbox 250 706 377 747; x_wconf 85' lang='grc' dir='ltr'>αὐτός.</span> 
     </span>
     <span class='ocr_line' id='line_1_13' title="bbox 343 781 1508 835; baseline 0.001 -13"><span class='ocrx_word' id='word_1_81' title='bbox 343 783 435 822; x_wconf 82' lang='grc' dir='ltr'>’Έτι</span> <span class='ocrx_word' id='word_1_82' title='bbox 460 783 591 823; x_wconf 85' lang='grc' dir='ltr'>τοίνυν</span> <span class='ocrx_word' id='word_1_83' title='bbox 618 783 782 833; x_wconf 82' lang='grc' dir='ltr'>ἰαμβεῖα</span> <span class='ocrx_word' id='word_1_84' title='bbox 807 781 930 832; x_wconf 84' lang='grc' dir='ltr'>δήπου</span> <span class='ocrx_word' id='word_1_85' title='bbox 956 781 1154 833; x_wconf 83' lang='grc' dir='ltr'>συλλέξας</span> <span class='ocrx_word' id='word_1_86' title='bbox 1180 782 1395 835; x_wconf 83' lang='grc' dir='ltr'>ἐπέραινεν,</span> <span class='ocrx_word' id='word_1_87' title='bbox 1423 783 1508 824; x_wconf 79' lang='grc' dir='ltr'>οἷον</span> 
     </span>
     <span class='ocr_line' id='line_1_14' title="bbox 449 848 1243 900; baseline 0.001 -13"><span class='ocrx_word' id='word_1_88' title='bbox 449 849 561 890; x_wconf 84' lang='grc' dir='ltr'>ὅστις</span> <span class='ocrx_word' id='word_1_89' title='bbox 587 848 619 888; x_wconf 90' lang='grc' dir='ltr'>δ’</span> <span class='ocrx_word' id='word_1_90' title='bbox 645 849 794 899; x_wconf 84' lang='grc' dir='ltr'>ὁμιλῶν</span> <span class='ocrx_word' id='word_1_91' title='bbox 817 849 951 898; x_wconf 82' lang='grc' dir='ltr'>ἥδεται</span> <span class='ocrx_word' id='word_1_92' title='bbox 977 851 1108 890; x_wconf 87' lang='grc' dir='ltr'>κακοῖς</span> <span class='ocrx_word' id='word_1_93' title='bbox 1133 848 1243 900; x_wconf 84' lang='grc' dir='ltr'>ἁνήρ,</span> 
     </span>
     <span class='ocr_line' id='line_1_15' title="bbox 449 914 1240 966; baseline 0 -13"><span class='ocrx_word' id='word_1_94' title='bbox 449 915 492 955; x_wconf 82' lang='grc' dir='ltr'>οὐ</span> <span class='ocrx_word' id='word_1_95' title='bbox 520 914 669 954; x_wconf 90' lang='grc' dir='ltr'>πώποτ’</span> <span class='ocrx_word' id='word_1_96' title='bbox 694 914 894 966; x_wconf 84' lang='grc' dir='ltr'>ἠρώτησα,</span> <span class='ocrx_word' id='word_1_97' title='bbox 921 914 1156 966; x_wconf 83' lang='grc' dir='ltr'>γιγνώσκων</span> <span class='ocrx_word' id='word_1_98' title='bbox 1180 915 1240 954; x_wconf 87' lang='grc' dir='ltr'>ὅτι</span> 
     </span>
     <span class='ocr_line' id='line_1_16' title="bbox 449 979 1265 1033; baseline 0.001 -13"><span class='ocrx_word' id='word_1_99' title='bbox 449 982 625 1023; x_wconf 82' lang='grc' dir='ltr'>τοιοῦτός</span> <span class='ocrx_word' id='word_1_100' title='bbox 650 981 737 1022; x_wconf 88' lang='grc' dir='ltr'>ἐσθ’</span> <span class='ocrx_word' id='word_1_101' title='bbox 763 982 944 1033; x_wconf 82' lang='grc' dir='ltr'>οἵοισπερ</span> <span class='ocrx_word' id='word_1_102' title='bbox 969 981 1103 1031; x_wconf 84' lang='grc' dir='ltr'>ἥδεται</span> <span class='ocrx_word' id='word_1_103' title='bbox 1127 979 1265 1031; x_wconf 78' lang='grc' dir='ltr'>ξυνών.</span> 
     </span>
    </p>
   </div>
   <div class='ocr_carea' id='block_1_7' title="bbox 247 1063 1580 2382">
    <p class='ocr_par' dir='ltr' id='par_1_7' title="bbox 247 1063 1580 2382">
     <span class='ocr_line' id='line_1_17' title="bbox 248 1063 1579 1116; baseline 0 -11"><span class='ocrx_word' id='word_1_104' title='bbox 248 1064 332 1105; x_wconf 79' lang='grc' dir='ltr'>εἶτα</span> <span class='ocrx_word' id='word_1_105' title='bbox 365 1064 458 1105; x_wconf 64' lang='grc' dir='ltr'>’τὸν</span> <span class='ocrx_word' id='word_1_106' title='bbox 496 1066 551 1107; x_wconf 86' lang='grc' dir='ltr'>εἰς</span> <span class='ocrx_word' id='word_1_107' title='bbox 587 1064 678 1106; x_wconf 86' lang='grc' dir='ltr'>τοὺς</span> <span class='ocrx_word' id='word_1_108' title='bbox 715 1066 841 1116; x_wconf 86' lang='grc' dir='ltr'>ὄρνεις</span> <span class='ocrx_word' id='word_1_109' title='bbox 878 1065 1056 1105; x_wconf 88' lang='grc' dir='ltr'>εἰσιόντα</span> <span class='ocrx_word' id='word_1_110' title='bbox 1092 1064 1154 1104; x_wconf 84' lang='grc' dir='ltr'>καὶ</span> <span class='ocrx_word' id='word_1_111' title='bbox 1187 1065 1287 1115; x_wconf 79' lang='grc' dir='ltr'>μετὰ</span> <span class='ocrx_word' id='word_1_112' title='bbox 1323 1063 1579 1105; x_wconf 89' lang='grc' dir='ltr'>Πιτταλάκου</span> 
     </span>
     <span class='ocr_line' id='line_1_18' title="bbox 248 1130 1579 1183; baseline -0.001 -11"><span class='ocrx_word' id='word_1_113' title='bbox 248 1131 474 1183; x_wconf 88' lang='grc' dir='ltr'>περιιόντα,’</span> <span class='ocrx_word' id='word_1_114' title='bbox 506 1131 569 1171; x_wconf 86' lang='grc' dir='ltr'>καὶ</span> <span class='ocrx_word' id='word_1_115' title='bbox 605 1130 750 1171; x_wconf 81' lang='grc' dir='ltr'>τοιαῦτ’</span> <span class='ocrx_word' id='word_1_116' title='bbox 790 1131 924 1177; x_wconf 85' lang='grc' dir='ltr'>εἰπών,</span> <span class='ocrx_word' id='word_1_117' title='bbox 954 1134 963 1148; x_wconf 91' lang='lat'>‘</span> <span class='ocrx_word' id='word_1_118' title='bbox 981 1130 1179 1183; x_wconf 85' lang='grc' dir='ltr'>ἀγνοεῖτ’,’</span> <span class='ocrx_word' id='word_1_119' title='bbox 1210 1131 1300 1183; x_wconf 89' lang='grc' dir='ltr'>ἔφη,</span> <span class='ocrx_word' id='word_1_120' title='bbox 1331 1130 1340 1148; x_wconf 89' lang='lat'>‘</span> <span class='ocrx_word' id='word_1_121' title='bbox 1358 1131 1472 1171; x_wconf 92' lang='grc' dir='ltr'>ποῖόν</span> <span class='ocrx_word' id='word_1_122' title='bbox 1507 1130 1579 1171; x_wconf 88' lang='grc' dir='ltr'>τιν’</span> 
     </span>
     <span class='ocr_line' id='line_1_19' title="bbox 247 1197 1580 1250; baseline -0.001 -13"><span class='ocrx_word' id='word_1_123' title='bbox 247 1198 431 1250; x_wconf 85' lang='grc' dir='ltr'>ἡγεῖσθαι</span> <span class='ocrx_word' id='word_1_124' title='bbox 462 1200 538 1244; x_wconf 89' lang='grc' dir='ltr'>δεῖ,·</span> <span class='ocrx_word' id='word_1_125' title='bbox 557 1197 566 1211; x_wconf 91' lang='grc'><em>’</em></span> <span class='ocrx_word' id='word_1_126' title='bbox 611 1197 761 1243; x_wconf 79' lang='grc' dir='ltr'>οὐκοῦν,</span> <span class='ocrx_word' id='word_1_127' title='bbox 792 1198 977 1250; x_wconf 85' lang='grc' dir='ltr'>Αἰσχίνη,</span> <span class='ocrx_word' id='word_1_128' title='bbox 1006 1199 1070 1238; x_wconf 89' lang='grc' dir='ltr'>καὶ</span> <span class='ocrx_word' id='word_1_129' title='bbox 1104 1199 1201 1237; x_wconf 81' lang='grc' dir='ltr'>κατὰ</span> <span class='ocrx_word' id='word_1_130' title='bbox 1235 1201 1308 1237; x_wconf 84' lang='grc' dir='ltr'>σοῦ</span> <span class='ocrx_word' id='word_1_131' title='bbox 1340 1199 1387 1237; x_wconf 80' lang='grc' dir='ltr'>τὰ</span> <span class='ocrx_word' id='word_1_132' title='bbox 1418 1198 1580 1248; x_wconf 82' lang='grc' dir='ltr'>ἰαμβεῖα</span> 
     </span>
     <span class='ocr_line' id='line_1_20' title="bbox 248 1263 1580 1316; baseline 0.001 -12"><span class='ocrx_word' id='word_1_133' title='bbox 248 1263 355 1304; x_wconf 78' lang='grc' dir='ltr'>ταῦθ’</span> <span class='ocrx_word' id='word_1_134' title='bbox 381 1265 548 1315; x_wconf 82' lang='grc' dir='ltr'>ἁρμόσει</span> <span class='ocrx_word' id='word_1_135' title='bbox 578 1268 646 1305; x_wconf 83' lang='grc' dir='ltr'>νῦν</span> <span class='ocrx_word' id='word_1_136' title='bbox 672 1266 770 1315; x_wconf 84' lang='grc' dir='ltr'>ἐμοί,</span> <span class='ocrx_word' id='word_1_137' title='bbox 802 1264 872 1304; x_wconf 83' lang='grc' dir='ltr'>κᾶν</span> <span class='ocrx_word' id='word_1_138' title='bbox 899 1265 976 1316; x_wconf 85' lang='grc' dir='ltr'>ἐγὼ</span> <span class='ocrx_word' id='word_1_139' title='bbox 1005 1263 1111 1316; x_wconf 85' lang='grc' dir='ltr'>λέγω</span> <span class='ocrx_word' id='word_1_140' title='bbox 1137 1264 1232 1316; x_wconf 87' lang='grc' dir='ltr'>πρὸς</span> <span class='ocrx_word' id='word_1_141' title='bbox 1257 1264 1428 1310; x_wconf 84' lang='grc' dir='ltr'>τούτους,</span> <span class='ocrx_word' id='word_1_142' title='bbox 1455 1265 1580 1316; x_wconf 84' lang='grc' dir='ltr'>ὀρθῶς</span> 
     </span>
     <span class='ocr_line' id='line_1_21' title="bbox 250 1329 1580 1382; baseline 0.001 -13"><span class='ocrx_word' id='word_1_143' title='bbox 250 1331 311 1370; x_wconf 90' lang='grc' dir='ltr'>καὶ</span> <span class='ocrx_word' id='word_1_144' title='bbox 341 1332 623 1382; x_wconf 86' lang='grc' dir='ltr'>προσηκόντως</span> <span class='ocrx_word' id='word_1_145' title='bbox 653 1332 741 1382; x_wconf 87' lang='grc' dir='ltr'>ε’ρῶ·</span> <span class='ocrx_word' id='word_1_146' title='bbox 783 1332 918 1372; x_wconf 68' lang='grc' dir='ltr'>’ὅστις</span> <span class='ocrx_word' id='word_1_147' title='bbox 949 1330 981 1370; x_wconf 87' lang='grc' dir='ltr'>δ’</span> <span class='ocrx_word' id='word_1_148' title='bbox 1008 1331 1157 1380; x_wconf 84' lang='grc' dir='ltr'>ὁμιλῶν</span> <span class='ocrx_word' id='word_1_149' title='bbox 1182 1329 1342 1380; x_wconf 87' lang='grc' dir='ltr'>ἥδεται,’</span> <span class='ocrx_word' id='word_1_150' title='bbox 1369 1330 1430 1370; x_wconf 88' lang='grc' dir='ltr'>καὶ</span> <span class='ocrx_word' id='word_1_151' title='bbox 1459 1333 1580 1370; x_wconf 87' lang='grc' dir='ltr'>ταῦτα</span> 
     </span>
     <span class='ocr_line' id='line_1_22' title="bbox 249 1396 1577 1449; baseline 0.001 -13"><span class='ocrx_word' id='word_1_152' title='bbox 249 1397 497 1449; x_wconf 73' lang='grc' dir='ltr'>πρεσβεύων,</span> <span class='ocrx_word' id='word_1_153' title='bbox 513 1396 766 1448; x_wconf 84' lang='grc' dir='ltr'>Φιλοκράτει,</span> <span class='ocrx_word' id='word_1_154' title='bbox 788 1397 852 1437; x_wconf 69' lang='grc' dir='ltr'>ίοὐ</span> <span class='ocrx_word' id='word_1_155' title='bbox 869 1396 1017 1438; x_wconf 88' lang='grc' dir='ltr'>πώποτ’</span> <span class='ocrx_word' id='word_1_156' title='bbox 1033 1397 1231 1448; x_wconf 87' lang='grc' dir='ltr'>ἠρώτησα,</span> <span class='ocrx_word' id='word_1_157' title='bbox 1250 1397 1484 1449; x_wconf 87' lang='grc' dir='ltr'>γιγνώσκων</span> <span class='ocrx_word' id='word_1_158' title='bbox 1499 1396 1577 1437; x_wconf 86' lang='grc' dir='ltr'>ὅτι’</span> 
     </span>
     <span class='ocr_line' id='line_1_23' title="bbox 250 1463 1477 1516; baseline 0.001 -13"><span class='ocrx_word' id='word_1_159' title='bbox 250 1464 434 1514; x_wconf 83' lang='grc' dir='ltr'>ἀργύριον</span> <span class='ocrx_word' id='word_1_160' title='bbox 461 1463 593 1514; x_wconf 80' lang='grc' dir='ltr'>εἴληφ’</span> <span class='ocrx_word' id='word_1_161' title='bbox 620 1464 743 1509; x_wconf 78' lang='grc' dir='ltr'>οὗτος,</span> <span class='ocrx_word' id='word_1_162' title='bbox 773 1464 908 1516; x_wconf 84' lang='grc' dir='ltr'>ὥσπερ</span> <span class='ocrx_word' id='word_1_163' title='bbox 936 1463 1186 1515; x_wconf 84' lang='grc' dir='ltr'>Φιλοκράτης</span> <span class='ocrx_word' id='word_1_164' title='bbox 1212 1464 1232 1503; x_wconf 89' lang='grc' dir='ltr'>ὁ</span> <span class='ocrx_word' id='word_1_165' title='bbox 1257 1464 1477 1515; x_wconf 86' lang='grc' dir='ltr'>ὁμολογῶν.</span> 
     </span>
     <span class='ocr_line' id='line_1_24' title="bbox 317 1529 1580 1582; baseline 0.003 -14"><span class='ocrx_word' id='word_1_166' title='bbox 317 1529 605 1582; x_wconf 50' lang='grc' dir='ltr'>,λογογράφους</span> <span class='ocrx_word' id='word_1_167' title='bbox 641 1531 771 1570; x_wconf 89' lang='grc' dir='ltr'>τοίνυν</span> <span class='ocrx_word' id='word_1_168' title='bbox 808 1530 870 1570; x_wconf 89' lang='grc' dir='ltr'>καὶ</span> <span class='ocrx_word' id='word_1_169' title='bbox 909 1532 1110 1582; x_wconf 77' lang='grc' dir='ltr'>σοφιστὰς</span> <span class='ocrx_word' id='word_1_170' title='bbox 1148 1533 1278 1570; x_wconf 88' lang='grc' dir='ltr'>καλῶν</span> <span class='ocrx_word' id='word_1_171' title='bbox 1310 1529 1398 1571; x_wconf 87' lang='grc' dir='ltr'>τοὺς</span> <span class='ocrx_word' id='word_1_172' title='bbox 1433 1529 1580 1572; x_wconf 84' lang='grc' dir='ltr'>ἄλλους</span> 
     </span>
     <span class='ocr_line' id='line_1_25' title="bbox 251 1595 1579 1649; baseline 0.002 -15"><span class='ocrx_word' id='word_1_173' title='bbox 251 1595 312 1634; x_wconf 86' lang='grc' dir='ltr'>καὶ</span> <span class='ocrx_word' id='word_1_174' title='bbox 341 1596 516 1647; x_wconf 78' lang='grc' dir='ltr'>ὑβρίζειν</span> <span class='ocrx_word' id='word_1_175' title='bbox 549 1596 798 1647; x_wconf 86' lang='grc' dir='ltr'>πειρώμενος,</span> <span class='ocrx_word' id='word_1_176' title='bbox 830 1595 944 1637; x_wconf 83' lang='grc' dir='ltr'>αὐτὸς</span> <span class='ocrx_word' id='word_1_177' title='bbox 978 1595 1315 1649; x_wconf 82' lang='grc' dir='ltr'>ἐξελεγχθήσεται</span> <span class='ocrx_word' id='word_1_178' title='bbox 1344 1596 1495 1638; x_wconf 82' lang='grc' dir='ltr'>τούτοις</span> <span class='ocrx_word' id='word_1_179' title='bbox 1525 1595 1579 1636; x_wconf 83' lang='grc' dir='ltr'>ὢν</span> 
     </span>
     <span class='ocr_line' id='line_1_26' title="bbox 249 1661 1576 1714; baseline 0.001 -14"><span class='ocrx_word' id='word_1_180' title='bbox 249 1661 398 1714; x_wconf 83' lang='grc' dir='ltr'>ἔνοχος.</span> <span class='ocrx_word' id='word_1_181' title='bbox 462 1665 582 1701; x_wconf 78' lang='grc' dir='ltr'>ταῦτα</span> <span class='ocrx_word' id='word_1_182' title='bbox 605 1664 678 1712; x_wconf 84' lang='grc' dir='ltr'>μὲν</span> <span class='ocrx_word' id='word_1_183' title='bbox 703 1664 778 1713; x_wconf 82' lang='grc' dir='ltr'>γὰρ</span> <span class='ocrx_word' id='word_1_184' title='bbox 804 1663 851 1701; x_wconf 78' lang='grc' dir='ltr'>τὰ</span> <span class='ocrx_word' id='word_1_185' title='bbox 878 1662 1027 1713; x_wconf 79' lang='grc' dir='ltr'>ἰαμβεῖ’</span> <span class='ocrx_word' id='word_1_186' title='bbox 1053 1663 1093 1701; x_wconf 87' lang='grc' dir='ltr'>ἐκ</span> <span class='ocrx_word' id='word_1_187' title='bbox 1120 1664 1304 1704; x_wconf 86' lang='grc' dir='ltr'>Φοίνικός</span> <span class='ocrx_word' id='word_1_188' title='bbox 1330 1664 1439 1702; x_wconf 82' lang='grc' dir='ltr'>ἐστιν</span> <span class='ocrx_word' id='word_1_189' title='bbox 1462 1662 1576 1714; x_wconf 81' lang='grc' dir='ltr'>Εὐρι-</span> 
     </span>
     <span class='ocr_line' id='line_1_27' title="bbox 250 1727 1578 1779; baseline -0.001 -11"><span class='ocrx_word' id='word_1_190' title='bbox 250 1728 374 1768; x_wconf 90' lang='grc' dir='ltr'>πίδου·</span> <span class='ocrx_word' id='word_1_191' title='bbox 412 1731 526 1767; x_wconf 87' lang='grc' dir='ltr'>τοῦτο</span> <span class='ocrx_word' id='word_1_192' title='bbox 560 1730 601 1769; x_wconf 81' lang='grc' dir='ltr'>δὲ</span> <span class='ocrx_word' id='word_1_193' title='bbox 634 1728 678 1767; x_wconf 85' lang='grc' dir='ltr'>τὸ</span> <span class='ocrx_word' id='word_1_194' title='bbox 712 1728 824 1779; x_wconf 78' lang='grc' dir='ltr'>δρᾶμ’</span> <span class='ocrx_word' id='word_1_195' title='bbox 860 1728 1100 1769; x_wconf 78' lang='grc' dir='ltr'>οὐδεπώποτ’</span> <span class='ocrx_word' id='word_1_196' title='bbox 1133 1729 1221 1769; x_wconf 81' lang='grc' dir='ltr'>οὔτε</span> <span class='ocrx_word' id='word_1_197' title='bbox 1256 1729 1464 1779; x_wconf 89' lang='grc' dir='ltr'>Θεόδωρος</span> <span class='ocrx_word' id='word_1_198' title='bbox 1500 1727 1578 1768; x_wconf 79' lang='grc' dir='ltr'>οὔτ’</span> 
     </span>
     <span class='ocr_line' id='line_1_28' title="bbox 249 1793 1576 1846; baseline 0.001 -14"><span class='ocrx_word' id='word_1_199' title='bbox 249 1793 534 1845; x_wconf 82' lang='grc' dir='ltr'>Ἀριστόδημος</span> <span class='ocrx_word' id='word_1_200' title='bbox 564 1795 834 1845; x_wconf 85' lang='grc' dir='ltr'>ὑπεκρίναντο,</span> <span class='ocrx_word' id='word_1_201' title='bbox 863 1795 920 1836; x_wconf 79' lang='grc' dir='ltr'>οἶς</span> <span class='ocrx_word' id='word_1_202' title='bbox 953 1795 1064 1836; x_wconf 76' lang='grc' dir='ltr'>οὗτος</span> <span class='ocrx_word' id='word_1_203' title='bbox 1089 1797 1136 1834; x_wconf 82' lang='grc' dir='ltr'>τὰ</span> <span class='ocrx_word' id='word_1_204' title='bbox 1162 1795 1270 1846; x_wconf 91' lang='grc' dir='ltr'>τρίτα</span> <span class='ocrx_word' id='word_1_205' title='bbox 1299 1794 1431 1846; x_wconf 89' lang='grc' dir='ltr'>λέγων</span> <span class='ocrx_word' id='word_1_206' title='bbox 1456 1794 1576 1835; x_wconf 84' lang='grc' dir='ltr'>διετέ-</span> 
     </span>
     <span class='ocr_line' id='line_1_29' title="bbox 248 1860 1578 1912; baseline 0.001 -13"><span class='ocrx_word' id='word_1_207' title='bbox 248 1865 382 1906; x_wconf 87' lang='grc' dir='ltr'>λεσεν,</span> <span class='ocrx_word' id='word_1_208' title='bbox 417 1861 524 1900; x_wconf 80' lang='grc' dir='ltr'>ἀλλὰ</span> <span class='ocrx_word' id='word_1_209' title='bbox 562 1861 712 1901; x_wconf 78' lang='grc' dir='ltr'>Μόλων</span> <span class='ocrx_word' id='word_1_210' title='bbox 749 1860 962 1912; x_wconf 78' lang='grc' dir='ltr'>ἠγωνίζετο</span> <span class='ocrx_word' id='word_1_211' title='bbox 1000 1861 1061 1901; x_wconf 86' lang='grc' dir='ltr'>καὶ</span> <span class='ocrx_word' id='word_1_212' title='bbox 1099 1862 1131 1901; x_wconf 89' lang='grc' dir='ltr'>εἰ</span> <span class='ocrx_word' id='word_1_213' title='bbox 1167 1860 1213 1910; x_wconf 88' lang='grc' dir='ltr'>δή</span> <span class='ocrx_word' id='word_1_214' title='bbox 1249 1877 1306 1902; x_wconf 89' lang='grc' dir='ltr'>τις</span> <span class='ocrx_word' id='word_1_215' title='bbox 1341 1860 1466 1903; x_wconf 84' lang='grc' dir='ltr'>ἄλλος</span> <span class='ocrx_word' id='word_1_216' title='bbox 1501 1864 1578 1900; x_wconf 88' lang='grc' dir='ltr'>τῶν</span> 
     </span>
     <span class='ocr_line' id='line_1_30' title="bbox 248 1926 1579 1979; baseline 0.002 -13"><span class='ocrx_word' id='word_1_217' title='bbox 248 1930 428 1967; x_wconf 90' lang='grc' dir='ltr'>παλαιῶν</span> <span class='ocrx_word' id='word_1_218' title='bbox 456 1928 687 1977; x_wconf 85' lang='grc' dir='ltr'>ὑποκριτῶν.</span> <span class='ocrx_word' id='word_1_219' title='bbox 759 1926 993 1979; x_wconf 87' lang='grc' dir='ltr'>Ἀντιγόνην</span> <span class='ocrx_word' id='word_1_220' title='bbox 1026 1930 1068 1968; x_wconf 82' lang='grc' dir='ltr'>δὲ</span> <span class='ocrx_word' id='word_1_221' title='bbox 1101 1927 1354 1979; x_wconf 86' lang='grc' dir='ltr'>Σοφοκλέους</span> <span class='ocrx_word' id='word_1_222' title='bbox 1384 1926 1579 1969; x_wconf 81' lang='grc' dir='ltr'>πολλάκις</span> 
     </span>
     <span class='ocr_line' id='line_1_31' title="bbox 247 1991 1580 2048; baseline 0.002 -16"><span class='ocrx_word' id='word_1_223' title='bbox 247 1995 319 2042; x_wconf 84' lang='grc' dir='ltr'>μὲν</span> <span class='ocrx_word' id='word_1_224' title='bbox 346 1994 565 2044; x_wconf 85' lang='grc' dir='ltr'>Θεόδωρος,</span> <span class='ocrx_word' id='word_1_225' title='bbox 596 1992 790 2035; x_wconf 84' lang='grc' dir='ltr'>πολλάκις</span> <span class='ocrx_word' id='word_1_226' title='bbox 821 1993 853 2033; x_wconf 83' lang='grc' dir='ltr'>δ’</span> <span class='ocrx_word' id='word_1_227' title='bbox 878 1993 1162 2044; x_wconf 85' lang='grc' dir='ltr'>Ἀριστόδημος</span> <span class='ocrx_word' id='word_1_228' title='bbox 1192 1993 1454 2045; x_wconf 85' lang='grc' dir='ltr'>ὑποκέκριται,</span> <span class='ocrx_word' id='word_1_229' title='bbox 1482 1995 1524 2034; x_wconf 83' lang='grc' dir='ltr'>ἐν</span> <span class='ocrx_word' id='word_1_230' title='bbox 1553 1991 1580 2048; x_wconf 73' lang='grc' dir='ltr'><em>ᾗ</em></span> 
     </span>
     <span class='ocr_line' id='line_1_32' title="bbox 250 2059 1578 2111; baseline 0 -11"><span class='ocrx_word' id='word_1_231' title='bbox 250 2059 477 2110; x_wconf 83' lang='grc' dir='ltr'>πεποιημέν’</span> <span class='ocrx_word' id='word_1_232' title='bbox 507 2061 670 2111; x_wconf 83' lang='grc' dir='ltr'>ἰαμβεῖα</span> <span class='ocrx_word' id='word_1_233' title='bbox 704 2063 831 2101; x_wconf 87' lang='grc' dir='ltr'>καλῶς</span> <span class='ocrx_word' id='word_1_234' title='bbox 863 2060 924 2100; x_wconf 85' lang='grc' dir='ltr'>καὶ</span> <span class='ocrx_word' id='word_1_235' title='bbox 956 2060 1240 2111; x_wconf 91' lang='grc' dir='ltr'>συμφερόντως</span> <span class='ocrx_word' id='word_1_236' title='bbox 1267 2060 1357 2110; x_wconf 89' lang='grc' dir='ltr'>ὑμῖν</span> <span class='ocrx_word' id='word_1_237' title='bbox 1383 2059 1578 2100; x_wconf 88' lang='grc' dir='ltr'>πολλάκις</span> 
     </span>
     <span class='ocr_line' id='line_1_33' title="bbox 296 2168 1577 2209; baseline 0.001 -11"><span class='ocrx_word' id='word_1_238' title='bbox 296 2180 307 2198; x_wconf 90' lang='lat' dir='ltr'>I</span> <span class='ocrx_word' id='word_1_239' title='bbox 335 2171 375 2201; x_wconf 85' lang='grc' dir='ltr'>ὡς</span> <span class='ocrx_word' id='word_1_240' title='bbox 398 2171 476 2201; x_wconf 78' lang='grc' dir='ltr'>εἴσει</span> <span class='ocrx_word' id='word_1_241' title='bbox 502 2169 636 2209; x_wconf 84' lang='lat' dir='ltr'>scripsi,</span> <span class='ocrx_word' id='word_1_242' title='bbox 656 2168 696 2199; x_wconf 90' lang='lat' dir='ltr'>cf.</span> <span class='ocrx_word' id='word_1_243' title='bbox 715 2169 797 2199; x_wconf 81' lang='lat' dir='ltr'>xxiv</span> <span class='ocrx_word' id='word_1_244' title='bbox 818 2169 878 2207; x_wconf 88' lang='lat'>146</span> <span class='ocrx_word' id='word_1_245' title='bbox 901 2170 939 2201; x_wconf 84' lang='grc' dir='ltr'>ὡς</span> <span class='ocrx_word' id='word_1_246' title='bbox 963 2168 997 2200; x_wconf 86' lang='grc' dir='ltr'>δὲ</span> <span class='ocrx_word' id='word_1_247' title='bbox 1021 2171 1131 2209; x_wconf 79' lang='grc' dir='ltr'>σαφῶς</span> <span class='ocrx_word' id='word_1_248' title='bbox 1151 2169 1318 2209; x_wconf 73' lang='grc' dir='ltr'>γνώσεσθε</span> <span class='ocrx_word' id='word_1_249' title='bbox 1337 2191 1343 2198; x_wconf 93' lang='grc'><em>.</em></span> <span class='ocrx_word' id='word_1_250' title='bbox 1366 2193 1372 2199; x_wconf 96' lang='grc'><em>.</em></span> <span class='ocrx_word' id='word_1_251' title='bbox 1391 2193 1397 2199; x_wconf 98' lang='grc'><em>.</em></span> <span class='ocrx_word' id='word_1_252' title='bbox 1419 2169 1482 2209; x_wconf 76' lang='grc' dir='ltr'>ἐγὼ</span> <span class='ocrx_word' id='word_1_253' title='bbox 1506 2169 1577 2207; x_wconf 80' lang='grc' dir='ltr'>ὑμῖν</span> 
     </span>
     <span class='ocr_line' id='line_1_34' title="bbox 249 2211 1576 2253; baseline -0.002 -9"><span class='ocrx_word' id='word_1_254' title='bbox 249 2214 329 2253; x_wconf 71' lang='grc' dir='ltr'>ε’ρῶτ</span> <span class='ocrx_word' id='word_1_255' title='bbox 354 2214 394 2244; x_wconf 82' lang='grc' dir='ltr'>ὡς</span> <span class='ocrx_word' id='word_1_256' title='bbox 413 2224 495 2250; x_wconf 86' lang='grc' dir='ltr'>εισηι</span> <span class='ocrx_word' id='word_1_257' title='bbox 515 2213 539 2243; x_wconf 89' lang='lat' dir='ltr'>S</span> <span class='ocrx_word' id='word_1_258' title='bbox 559 2215 595 2252; x_wconf 82' lang='lat' dir='ltr'>(o-</span> <span class='ocrx_word' id='word_1_259' title='bbox 616 2213 651 2242; x_wconf 89' lang='lat' dir='ltr'>in</span> <span class='ocrx_word' id='word_1_260' title='bbox 673 2213 826 2252; x_wconf 80' lang='lat' dir='ltr'>rasura):</span> <span class='ocrx_word' id='word_1_261' title='bbox 851 2214 891 2243; x_wconf 86' lang='grc' dir='ltr'>ὡς</span> <span class='ocrx_word' id='word_1_262' title='bbox 915 2214 984 2253; x_wconf 71' lang='grc' dir='ltr'>εἴσῃ</span> <span class='ocrx_word' id='word_1_263' title='bbox 1009 2212 1107 2242; x_wconf 84' lang='lat' dir='ltr'>Blass</span> <span class='ocrx_word' id='word_1_264' title='bbox 1129 2216 1293 2242; x_wconf 86' lang='lat' dir='ltr'>commate</span> <span class='ocrx_word' id='word_1_265' title='bbox 1316 2215 1393 2250; x_wconf 85' lang='lat' dir='ltr'>post</span> <span class='ocrx_word' id='word_1_266' title='bbox 1417 2211 1576 2252; x_wconf 81' lang='grc' dir='ltr'>θεώρησον</span> 
     </span>
     <span class='ocr_line' id='line_1_35' title="bbox 249 2254 1576 2295; baseline 0.001 -11"><span class='ocrx_word' id='word_1_267' title='bbox 249 2256 375 2293; x_wconf 85' lang='lat' dir='ltr'>posito:</span> <span class='ocrx_word' id='word_1_268' title='bbox 397 2254 449 2287; x_wconf 76' lang='grc' dir='ltr'>ὧδ’</span> <span class='ocrx_word' id='word_1_269' title='bbox 470 2258 548 2287; x_wconf 72' lang='grc' dir='ltr'>εἴσει</span> <span class='ocrx_word' id='word_1_270' title='bbox 568 2256 675 2286; x_wconf 87' lang='lat' dir='ltr'>Cobet</span> <span class='ocrx_word' id='word_1_271' title='bbox 692 2255 824 2286; x_wconf 84' lang='lat' dir='ltr'><strong>secluso</strong></span> <span class='ocrx_word' id='word_1_272' title='bbox 840 2256 1016 2295; x_wconf 82' lang='grc' dir='ltr'>θεώρησον;</span> <span class='ocrx_word' id='word_1_273' title='bbox 1042 2257 1081 2286; x_wconf 85' lang='grc' dir='ltr'>ὡς</span> <span class='ocrx_word' id='word_1_274' title='bbox 1099 2256 1169 2295; x_wconf 84' lang='grc' dir='ltr'>ἔχει</span> <span class='ocrx_word' id='word_1_275' title='bbox 1187 2255 1275 2293; x_wconf 87' lang='lat' dir='ltr'>vulg.</span> <span class='ocrx_word' id='word_1_276' title='bbox 1365 2264 1384 2293; x_wconf 86' lang='lat'>5</span> <span class='ocrx_word' id='word_1_277' title='bbox 1410 2254 1478 2286; x_wconf 83' lang='grc' dir='ltr'>ἐστ’</span> <span class='ocrx_word' id='word_1_278' title='bbox 1496 2259 1576 2285; x_wconf 84' lang='lat' dir='ltr'><strong>ante</strong></span> 
     </span>
     <span class='ocr_line' id='line_1_36' title="bbox 250 2297 1576 2338; baseline -0.001 -9"><span class='ocrx_word' id='word_1_279' title='bbox 250 2300 370 2336; x_wconf 83' lang='grc' dir='ltr'>ἀληθὴς</span> <span class='ocrx_word' id='word_1_280' title='bbox 386 2309 450 2329; x_wconf 90' lang='lat' dir='ltr'>om.</span> <span class='ocrx_word' id='word_1_281' title='bbox 470 2298 557 2337; x_wconf 88' lang='lat' dir='ltr'><strong>vulg.</strong></span> <span class='ocrx_word' id='word_1_282' title='bbox 573 2310 579 2329; x_wconf 73' lang='grc' dir='ltr'><strong><em>ε</em></strong></span> <span class='ocrx_word' id='word_1_283' title='bbox 605 2299 682 2329; x_wconf 86' lang='lat' dir='ltr'>add.</span> <span class='ocrx_word' id='word_1_284' title='bbox 701 2297 725 2330; x_wconf 87' lang='lat' dir='ltr'>S</span> <span class='ocrx_word' id='word_1_285' title='bbox 739 2298 763 2328; x_wconf 94' lang='lat' dir='ltr'><strong>L</strong></span> <span class='ocrx_word' id='word_1_286' title='bbox 775 2297 806 2327; x_wconf 84' lang='lat' dir='ltr'><strong>A</strong></span> <span class='ocrx_word' id='word_1_287' title='bbox 908 2308 929 2336; x_wconf 90' lang='grc'>9</span> <span class='ocrx_word' id='word_1_288' title='bbox 953 2298 1054 2335; x_wconf 80' lang='grc' dir='ltr'>δήπου</span> <span class='ocrx_word' id='word_1_289' title='bbox 1071 2307 1134 2329; x_wconf 90' lang='lat' dir='ltr'>om.</span> <span class='ocrx_word' id='word_1_290' title='bbox 1153 2298 1184 2328; x_wconf 89' lang='lat' dir='ltr'><strong>A</strong></span> <span class='ocrx_word' id='word_1_291' title='bbox 1288 2307 1325 2327; x_wconf 86' lang='lat'>12</span> <span class='ocrx_word' id='word_1_292' title='bbox 1350 2297 1418 2329; x_wconf 82' lang='grc' dir='ltr'>ἐσθ’</span> <span class='ocrx_word' id='word_1_293' title='bbox 1435 2298 1576 2338; x_wconf 79' lang='grc' dir='ltr'>οἵοισπερ</span> 
     </span>
     <span class='ocr_line' id='line_1_37' title="bbox 250 2340 1574 2382; baseline -0.001 -11"><span class='ocrx_word' id='word_1_294' title='bbox 250 2341 294 2372; x_wconf 86' lang='lat' dir='ltr'>H.</span> <span class='ocrx_word' id='word_1_295' title='bbox 315 2341 428 2371; x_wconf 85' lang='lat' dir='ltr'>Wolf:</span> <span class='ocrx_word' id='word_1_296' title='bbox 455 2344 544 2373; x_wconf 84' lang='grc' dir='ltr'>ἐστιν</span> <span class='ocrx_word' id='word_1_297' title='bbox 561 2340 674 2382; x_wconf 74' lang='grc' dir='ltr'>οἷσπερ</span> <span class='ocrx_word' id='word_1_298' title='bbox 691 2341 787 2372; x_wconf 89' lang='lat' dir='ltr'>codd.</span> <span class='ocrx_word' id='word_1_299' title='bbox 912 2351 950 2380; x_wconf 88' lang='lat'>19</span> <span class='ocrx_word' id='word_1_300' title='bbox 975 2344 990 2372; x_wconf 86' lang='grc' dir='ltr'>ὁ</span> <span class='ocrx_word' id='word_1_301' title='bbox 1008 2351 1070 2371; x_wconf 86' lang='lat' dir='ltr'>om.</span> <span class='ocrx_word' id='word_1_302' title='bbox 1092 2341 1123 2371; x_wconf 90' lang='lat' dir='ltr'><strong>A</strong></span> <span class='ocrx_word' id='word_1_303' title='bbox 1135 2340 1160 2371; x_wconf 86' lang='lat' dir='ltr'>F</span> <span class='ocrx_word' id='word_1_304' title='bbox 1172 2340 1198 2370; x_wconf 87' lang='grc' dir='ltr'><em>Ρ</em></span> <span class='ocrx_word' id='word_1_305' title='bbox 1210 2340 1239 2379; x_wconf 85' lang='lat' dir='ltr'>Q</span> <span class='ocrx_word' id='word_1_306' title='bbox 1255 2351 1262 2370; x_wconf 88' lang='lat'><strong>:</strong></span> <span class='ocrx_word' id='word_1_307' title='bbox 1287 2343 1303 2371; x_wconf 86' lang='grc' dir='ltr'><em>ὁ</em></span> <span class='ocrx_word' id='word_1_308' title='bbox 1321 2343 1491 2381; x_wconf 73' lang='grc' dir='ltr'>ὁμολογῶν</span> <span class='ocrx_word' id='word_1_309' title='bbox 1507 2350 1574 2371; x_wconf 87' lang='lat' dir='ltr'>om.</span> 
     </span>
    </p>
   </div>
   <div class='ocr_carea' id='block_1_8' title="bbox 250 2383 1574 2468">
    <p class='ocr_par' dir='ltr' id='par_1_8' title="bbox 250 2383 1574 2468">
     <span class='ocr_line' id='line_1_38' title="bbox 252 2383 1574 2422; baseline 0 -9"><span class='ocrx_word' id='word_1_310' title='bbox 252 2384 316 2415; x_wconf 78' lang='lat' dir='ltr'>Rh.</span> <span class='ocrx_word' id='word_1_311' title='bbox 337 2384 396 2415; x_wconf 83' lang='lat' dir='ltr'>Gr.</span> <span class='ocrx_word' id='word_1_312' title='bbox 414 2385 457 2414; x_wconf 86' lang='lat' dir='ltr'>vii</span> <span class='ocrx_word' id='word_1_313' title='bbox 478 2394 580 2422; x_wconf 86' lang='lat'>1322:</span> <span class='ocrx_word' id='word_1_314' title='bbox 606 2384 685 2415; x_wconf 80' lang='lat' dir='ltr'><strong>secl.</strong></span> <span class='ocrx_word' id='word_1_315' title='bbox 709 2384 925 2415; x_wconf 82' lang='lat' dir='ltr'><strong>Herwerden</strong></span> <span class='ocrx_word' id='word_1_316' title='bbox 1049 2395 1090 2415; x_wconf 71' lang='grc' dir='ltr'>ρο</span> <span class='ocrx_word' id='word_1_317' title='bbox 1114 2391 1222 2416; x_wconf 84' lang='grc' dir='ltr'>καλων</span> <span class='ocrx_word' id='word_1_318' title='bbox 1239 2383 1286 2414; x_wconf 86' lang='lat' dir='ltr'>S:</span> <span class='ocrx_word' id='word_1_319' title='bbox 1311 2384 1480 2415; x_wconf 80' lang='grc' dir='ltr'>ἀποκαλῶν</span> <span class='ocrx_word' id='word_1_320' title='bbox 1497 2388 1574 2414; x_wconf 86' lang='lat' dir='ltr'>cett.</span> 
     </span>
     <span class='ocr_line' id='line_1_39' title="bbox 250 2427 1067 2468; baseline 0.001 -11"><span class='ocrx_word' id='word_1_321' title='bbox 250 2437 289 2464; x_wconf 81' lang='lat'>24</span> <span class='ocrx_word' id='word_1_322' title='bbox 317 2428 525 2467; x_wconf 79' lang='grc' dir='ltr'>ὑπεκρίναντο</span> <span class='ocrx_word' id='word_1_323' title='bbox 543 2428 566 2459; x_wconf 86' lang='lat' dir='ltr'>S</span> <span class='ocrx_word' id='word_1_324' title='bbox 581 2427 606 2457; x_wconf 91' lang='lat' dir='ltr'>L</span> <span class='ocrx_word' id='word_1_325' title='bbox 619 2427 684 2466; x_wconf 82' lang='lat' dir='ltr'>FQ</span> <span class='ocrx_word' id='word_1_326' title='bbox 697 2427 724 2457; x_wconf 83' lang='lat' dir='ltr'>Y</span> <span class='ocrx_word' id='word_1_327' title='bbox 742 2438 747 2456; x_wconf 75' lang='lat' dir='ltr'>t</span> <span class='ocrx_word' id='word_1_328' title='bbox 774 2428 961 2468; x_wconf 83' lang='grc' dir='ltr'>ὑπεκρίνατο</span> <span class='ocrx_word' id='word_1_329' title='bbox 980 2427 1067 2465; x_wconf 74' lang='lat' dir='ltr'>vulg.</span> 
     </span>
    </p>
   </div>
   <div class='ocr_carea' id='block_1_9' title="bbox 1602 865 1642 887">
    <p class='ocr_par' dir='ltr' id='par_1_9' title="bbox 1602 865 1642 887">
     <span class='ocr_line' id='line_1_40' title="bbox 1602 865 1642 887; baseline 0 0"><span class='ocrx_word' id='word_1_330' title='bbox 1602 865 1642 887; x_wconf 91' lang='lat'>10</span> 
     </span>
    </p>
   </div>
   <div class='ocr_carea' id='block_1_10' title="bbox 1602 1208 1640 1241">
    <p class='ocr_par' dir='ltr' id='par_1_10' title="bbox 1602 1208 1640 1241">
     <span class='ocr_line' id='line_1_41' title="bbox 1602 1208 1640 1241; baseline 0 0"><span class='ocrx_word' id='word_1_331' title='bbox 1602 1208 1640 1241; x_wconf 89' lang='lat'>15</span> 
     </span>
    </p>
   </div>
   <div class='ocr_carea' id='block_1_11' title="bbox 1602 1545 1641 1568">
    <p class='ocr_par' dir='ltr' id='par_1_11' title="bbox 1602 1545 1641 1568">
     <span class='ocr_line' id='line_1_42' title="bbox 1602 1545 1641 1568; baseline 0.026 -1"><span class='ocrx_word' id='word_1_332' title='bbox 1602 1545 1641 1568; x_wconf 90' lang='lat'>20</span> 
     </span>
    </p>
   </div>
   <div class='ocr_carea' id='block_1_12' title="bbox 1601 1875 1639 1908">
    <p class='ocr_par' dir='ltr' id='par_1_12' title="bbox 1601 1875 1639 1908">
     <span class='ocr_line' id='line_1_43' title="bbox 1601 1875 1639 1908; baseline 0 0"><span class='ocrx_word' id='word_1_333' title='bbox 1601 1875 1639 1908; x_wconf 75' lang='lat'>25</span> 
     </span>
    </p>
   </div>
  </div>
 </body>
</html>
