1731 2844
169 151 257 205 vm]
320 131 324 135 ’
380 158 521 194 ΠΕΡΙ
568 157 694 193 ΤΩΝ
746 157 822 193 EN
874 157 1275 194 XEPPONHEQI
1519 155 1609 210 [94]

167 260 220 301 εἰς
256 258 302 308 ἣν
335 259 478 310 ἔρημόν
510 275 610 300 τινες
648 259 794 300 οἴονται
830 261 910 299 δεῖν
942 257 1010 298 τὸν
1041 257 1348 307 Ἑλλήσποντον
1381 260 1487 309 ὑμῶν

166 327 329 375 ποιῆσαι
368 327 428 366 καὶ
465 328 702 377 παραδοῦναι
738 326 945 378 Φιλίππῳ;
984 326 1023 365 τί
1056 324 1101 371 δ’,
1141 324 1188 365 ἂν
1225 325 1408 367 ἀπελθὼν
1444 327 1486 366 ἐκ

167 389 325 446 Θρᾴκης
351 393 412 434 καὶ
436 394 532 443 μηδὲ
557 391 790 443 προσελθὼν
810 390 1050 445 Χερρονήσῳ
1077 392 1173 441 μηδὲ
1196 391 1391 446 Βυζαντίῳ
1409 389 1488 441 (καὶ

166 459 240 510 γὰρ
259 461 380 499 ταῦτα
402 455 627 510 λογίζεσθε)
644 457 708 498 ε’πὶ
727 459 908 498 Χαλκίδα
933 457 994 497 καὶ
1015 456 1168 509 Μέγαρ’
1187 457 1261 513 ἥκῃ
1281 457 1351 499 τὸν
1370 458 1487 500 αὐτὸν

127 537 144 568 5
165 525 310 577 τρόπον
341 526 459 576 ὅνπερ
494 523 552 565 ἐπ’
583 523 727 577 Ὠρεὸν
760 524 904 575 πρώην,
940 524 1108 575 πότερον
1147 527 1320 575 κρεῖττον
1357 523 1486 566 ἐνθάδ’

166 590 283 631 αὐτὸν
325 591 542 642 ἀμύνεσθαι
584 590 646 632 καὶ
686 593 924 641 προσελθεῖν
961 589 1029 630 τὸν
1067 591 1243 641 πόλεμον
1281 589 1376 642 πρὸς
1417 590 1488 641 τὴν

164 656 346 707 Ἀττικὴν
380 658 506 705 ἐᾶσαι,
537 654 559 706 ἦ
592 656 895 707 κατασκευάζειν
925 658 1007 699 ἐκεῖ
1034 656 1106 698 τιν’
1136 657 1335 710 ἀσχολίαν
1366 656 1486 712 αὐτῷ,-

164 723 242 774 ἐγὼ
266 725 336 773 μὲν
361 724 490 773 οἴομαι
512 726 639 764 τοῦτο.

230 782 363 830 Ταῦτα
390 790 521 830 τοίνυν
545 789 719 832 ἅπαντας
750 791 900 832 εἰδότας
932 790 993 830 καὶ
1023 789 1301 841 λογιζομένους
1330 789 1420 843 χρή,
1447 790 1491 830 οὐ
1526 804 1567 838 19

108 870 146 893 10
165 857 218 906 μὰ
245 855 313 896 Δί’
340 855 413 908 οὐχ
441 854 488 905 ἢν
517 857 729 906 Διοπείθης
760 859 939 908 πειρᾶται
964 857 1010 911 τῇ
1037 857 1152 896 πόλει
1177 857 1340 907 δύναμιν
1366 873 1489 908 παρα-

166 922 380 971 σκευάζειν,
409 922 551 973 ταύτην
580 923 817 973 βασκαίνειν
845 923 905 963 καὶ
937 926 1124 963 διαλῦσαι
1149 925 1372 974 πειρᾶσθαι,
1400 922 1491 963 ἀλλ’

167 987 302 1039 ἑτέραν
323 987 460 1030 αὐτοὺς
480 989 896 1040 προσπαρασκευάζειν
918 990 980 1029 καὶ
1002 992 1337 1040 συνευποροῦντας
1358 990 1491 1044 ἐκείνῳ

166 1054 377 1107 χρημάτων
405 1056 465 1095 καὶ
491 1054 605 1094 τᾶλλ’
631 1056 782 1097 οἰκείως
809 1055 1208 1108 συναγωνιζομένους.
1276 1057 1309 1096 εἰ
1336 1055 1409 1108 γάρ
1433 1072 1492 1098 τις
1523 1065 1567 1091 20

166 1119 292 1171 ἔροιτο
318 1122 533 1167 Φίλιππον,
565 1123 574 1138 ‘
591 1120 676 1162 εἶπέ
699 1138 775 1172 μοι,
803 1121 936 1174 πότερ’
957 1122 1004 1163 ἂν
1030 1123 1195 1173 βούλοιο
1221 1122 1379 1164 τούτους
1403 1122 1492 1164 τοὺς

108 1201 144 1235 ¹5
167 1187 407 1238 στρατιώτας
441 1188 506 1229 οὓς
541 1189 753 1238 Διοπείθης
787 1192 855 1230 νῦν
888 1188 984 1241 ἔχει,
1017 1188 1105 1230 τοὺς
1139 1190 1492 1229 ὁποιουστινασοῦν

164 1252 290 1304 (οὐδὲν
321 1255 394 1306 γὰρ
421 1251 630 1306 ἀντιλέγω)
656 1255 825 1295 εὐθενεῖν
856 1256 917 1295 καὶ
948 1254 1036 1305 παρ’
1063 1254 1286 1305 Ἀθηναίοις
1321 1254 1492 1306 εὐδοξεῖν

169 1320 228 1360 καὶ
277 1320 435 1362 πλείους
483 1322 691 1372 γίγνεσθαι
738 1323 806 1370 τῆς
848 1322 1000 1363 πόλεως
1048 1321 1424 1373 συναγωνιζομένης,
1468 1318 1490 1372 ἢ

165 1387 469 1438 διαβαλλόντων
503 1391 620 1427 τινῶν
655 1388 718 1427 καὶ
754 1388 1070 1439 κατηγορούντων
1104 1390 1397 1438 διασπασθῆναι
1430 1388 1491 1428 καὶ

165 1455 444 1505 διαφθαρῆναι,·
460 1452 468 1468 ’
506 1453 611 1493 ταῦτ’
632 1453 679 1494 ἂν
705 1453 812 1504 οἶμαι
836 1452 1016 1505 φήσειεν.
1078 1453 1148 1494 εἶθ’
1169 1455 1192 1494 ἃ
1217 1456 1419 1497 Φίλιππος
1443 1454 1491 1496 ἂν

107 1538 145 1560 20
166 1515 316 1569 εὔξαιτο
337 1523 418 1561 τοῖς
445 1522 559 1566 θεοῖς,
583 1519 690 1561 ταῦθ’
711 1520 820 1572 ἡμῶν
839 1537 940 1562 τινες
967 1520 1105 1561 ἐνθάδε
1124 1520 1381 1573 πράττουσιν;
1421 1521 1490 1562 εἶτ’
1523 1517 1610 1571 [95]

164 1585 221 1626 ἔτι
248 1586 393 1636 ζητεῖτε
417 1587 539 1627 πόθεν
563 1588 610 1627 τὰ
637 1589 704 1637 τῆς
730 1588 884 1629 πόλεως
909 1588 1120 1628 ἀπόλωλεν
1144 1586 1317 1633 ἅπαντα;

232 1652 430 1704 Βούλομαι
473 1654 604 1694 τοίνυν
647 1650 769 1706 [ὑμᾶςῙ
810 1656 908 1705 μετὰ
951 1655 1171 1706 παρρησίας
1214 1653 1402 1704 ἐξετάσαι
1443 1655 1490 1694 τὰ
1522 1664 1561 1691 21

165 1711 338 1771 παρόντα
373 1719 584 1773 πράγματα
618 1721 663 1776 τῇ
700 1721 828 1767 πόλει,
867 1721 927 1761 καὶ
966 1720 1199 1772 σκέψασθαι
1235 1721 1276 1760 τί
1306 1724 1490 1771 ποιοῦμεν

165 1785 272 1826 αὐτοὶ
304 1790 371 1827 νῦν
406 1788 467 1828 καὶ
500 1788 604 1829 ὅπως
637 1787 808 1841 χρώμεθ’
842 1788 984 1829 αὐτοῖς.
1059 1788 1169 1838 ἡμεῖς
1202 1788 1290 1828 οὔτε
1323 1786 1490 1840 χρήματ’

107 1867 143 1898 25
164 1852 366 1905 εἰσφέρειν
403 1855 645 1906 βουλόμεθα,
686 1854 764 1895 οὔτ’
803 1855 912 1895 αὐτοὶ
950 1854 1247 1906 στρατεύεσθαι,
1286 1854 1376 1894 οὔτε
1414 1857 1491 1894 τῶν

165 1922 304 1960 κοινῶν
337 1919 558 1974 ἀπέχεσθαι
593 1921 800 1973 δυνάμεθα,
833 1923 920 1962 οὔτε
949 1923 1017 1963 τὰς
1052 1920 1258 1971 συντάξεις
1289 1921 1490 1961 Διοπείθει

164 1986 331 2037 δίδομεν,
354 1986 434 2027 οὔθ’
454 1987 516 2026 ὅσ’
538 1987 585 2028 ἂν
609 1988 723 2030 αὐτὸς
749 1991 852 2044 αὐτῷ
879 1990 1089 2041 πορίσηται
1115 1989 1360 2038 ἐπαινοῦμεν,
1383 1987 1489 2027 ἀλλὰ
1520 1993 1563 2020 22

163 2053 434 2103 βασκαίνομεν
462 2055 523 2095 καὶ
550 2059 773 2106 σκοποῦμεν
794 2057 927 2102 πόθεν,
951 2057 1013 2097 καὶ
1040 2056 1079 2096 τί
1101 2055 1242 2105 μέλλει
1265 2057 1404 2099 ποιεῖν,
1428 2053 1489 2094 καὶ

208 2173 226 2201 4
250 2165 311 2205 ’γὰρ
327 2175 391 2195 om.
411 2165 444 2195 S¹
459 2165 496 2196 L¹
587 2167 637 2199 καὶ
662 2167 684 2198 S
700 2167 744 2197 L:
771 2168 790 2206 ἢ
809 2174 885 2200 cett.
1035 2179 1053 2207 5
1081 2169 1127 2200 ἐπ’
1149 2169 1259 2209 Ὠρεὸν
1281 2171 1359 2198 ante
1383 2166 1490 2208 πρώην

168 2206 334 2238 SLAY:
367 2214 442 2248 post
466 2209 573 2250 πρώην
597 2209 684 2249 vulg.
849 2223 869 2251 9
903 2214 937 2244 οὐ
957 2212 989 2241 S'
1007 2212 1043 2242 L¹
1071 2212 1127 2251 (cs.
1158 2214 1172 2249 ξ
1200 2212 1252 2250 281
1275 2223 1281 2242 :
1317 2221 1381 2241 om.
1410 2214 1488 2242 cett.

170 2258 208 2280 10
230 2251 480 2292 παρασκευάζειν
498 2253 520 2283 S
534 2252 559 2282 L
571 2253 601 2283 A
613 2253 643 2283 Y
660 2265 666 2283 :
692 2255 941 2295 κατασκευάζειν
959 2255 1046 2294 vulg.
1177 2265 1211 2285 11
1239 2257 1387 2286 διαλῦσαι
1406 2254 1428 2284 S
1442 2253 1486 2283 L:

166 2293 306 2326 διαλύειν
321 2295 411 2333 vulg.
507 2297 544 2326 16
568 2297 705 2329 εὐθενεῖν
727 2299 761 2327 5¹
774 2298 803 2328 A
818 2298 842 2328 F
855 2299 883 2327 Y
900 2310 905 2328 :
932 2301 1093 2330 εὐσθενεῖν
1108 2297 1146 2328 L¹
1163 2298 1250 2338 vulg.
1346 2308 1386 2327 22
1412 2299 1488 2336 ὑμᾶς

167 2335 288 2376 Svulg.
309 2348 315 2367 :
339 2338 416 2369 secl.
436 2338 534 2369 Blass
551 2350 557 2368 z
581 2349 645 2369 om.
663 2340 807 2371 Vrbinas
824 2352 829 2371 ε
855 2343 929 2381 πρὸς
944 2344 1019 2379 ὑμᾶς
1031 2341 1132 2372 Vind.
1150 2351 1162 2371 1
1257 2352 1296 2380 25
1318 2344 1488 2378 τολμῶμεν

167 2383 241 2416 post
265 2380 494 2421 στρατεύεσθαι
518 2381 594 2412 add.
619 2383 705 2421 vulg.
752 2384 792 2415 cs.
819 2383 851 2413 xi
881 2385 957 2425 ¹8)²
990 2394 1055 2415 om.
1084 2384 1156 2415 SL'
1327 2394 1366 2423 27
1401 2384 1487 2414 ἀλλὰ

167 2421 383 2461 Βασκαίνομεν
399 2433 462 2453 om.
487 2423 521 2454 5¹
536 2424 570 2453 L'

1317 2469 1355 2500 6*
