1763 2828
132 158 216 218 [91]

197 279 221 314 4

677 162 1163 200 ΔΗΜΟΣΘΕΝΟΎΣ
1487 159 1577 216 Ηω

320 266 465 304 Πολλὰ
495 265 535 304 δὲ
566 264 772 315 θαυμάζων
801 268 879 305 τῶν
911 265 1106 305 εἰωθότων
1134 264 1325 316 λέγεσθαι
1357 265 1447 316 παρ’
1475 266 1579 316 ὑμῖν,

252 331 409 372 οὐδενὸς
434 330 564 381 ἧττον,
593 329 622 370 ὦ
648 330 784 384 ἄνδρες
805 331 1022 382 ἰ-Χθηναῖοι,
1050 332 1284 382 τεθαύμακα,
1313 330 1334 371 ὃ
1360 331 1423 371 καὶ
1448 332 1581 383 πρώην

250 397 355 440 τινὸς
381 397 517 448 ἤκουσ’
544 398 723 440 εἰπόντος
748 399 790 438 ἐν
814 398 860 454 τῇ
887 398 1029 454 βουλῇ,
1053 397 1103 439 ὡς
1128 397 1202 450 ἄρα
1228 400 1289 438 δεῖ
1308 396 1376 439 τὸν
1402 403 1579 451 συμβου-

249 464 416 505 λεύοντα
435 461 458 514 ἢ
478 468 668 515 πολεμεῖν
685 466 820 506 ἁπλῶς
840 461 862 514 ἢ
879 464 950 515 τὴν
968 463 1124 516 εἰρήνην
1144 464 1255 517 ἄγειν
1275 466 1580 516 συμβουλεύειν.

251 526 368 572 ’Ϋὲστι
405 526 487 578 δέ,Ἰ“
524 532 557 572 εἰ
592 533 664 582 μὲν
699 531 872 585 ἡσυχίαν
910 532 1112 573 Φίλιππος
1147 531 1235 583 ἄγει
1273 532 1335 572 καὶ
1369 530 1468 583 μήτε
1503 535 1620 584 τῶν5

251 597 450 650 ἡμετέρων
479 598 564 651 ἔχει
594 600 699 649 παρὰ
728 598 800 648 τὴν
831 597 987 651 εἰρήνην
1016 601 1138 649 μηδὲν
1166 597 1264 649 μήτε
1297 598 1582 649 συσκευάζεται

251 664 402 707 πάντας
427 664 655 717 ἀνθρώπους
679 665 743 717 ἐφ’
769 665 882 716 ἡμᾶς,
910 664 1039 706 οὐκέτι
1069 668 1129 706 δεῖ
1154 664 1300 717 λέγειν,
1329 664 1421 705 ἀλλ’
1445 667 1582 708 ἁπλῶς

252 731 407 784 εἰρήνην
437 731 589 777 ἀκτέον,
621 732 684 772 καὶ
712 730 760 772 τά
788 732 825 784 γ’
855 731 925 784 ἀφ’
954 733 1061 783 ὑμῶν
1092 731 1214 784 ἕτοιμ’
1243 731 1460 786 ὑπάρχονθ’
1491 733 1580 786 ὁρῶ·

252 799 286 839 εἰ
311 798 344 838 δ’
374 799 398 838 ἃ
421 800 493 849 μὲν
519 798 729 849 ὠμόσαμεν
755 799 817 839 καὶ
844 798 908 853 ἐφ’
934 800 991 841 οἷς
1015 799 1085 849 τὴν
1111 797 1268 851 εἰρήνην
1295 798 1579 850 ἐποιησάμεθα,

253 865 364 906 ἔστιν
391 866 485 905 ἰδεῖν
512 865 574 905 καὶ
598 867 852 917 γεγραμμένα
882 868 1016 911 κεῖται,
1046 867 1232 918 φαίνεται
1260 866 1293 905 δ’
1320 866 1386 906 ἀπ’
1412 867 1536 920 ἀρχῆς
1561 866 1582 906 ὁ

252 933 468 978 Φίλιππος,
495 931 586 983 πρὶν
613 933 829 982 Διοπείθην
861 933 1079 973 ἐκπλεῦσαι
1111 933 1173 973 καὶ
1202 932 1291 974 τοὺς
1322 933 1579 987 κληρούχους,

253 998 319 1041 οὓς
344 1002 412 1040 νῦν
438 999 636 1041 αἰτιῶνται
662 998 916 1049 πεποιηκέναι
940 998 1008 1040 τὸν
1035 999 1223 1050 πόλεμον,
1250 1001 1385 1040 πολλὰ
1408 1002 1480 1050 μὲν
1503 1003 1583 1040 τῶν

252 1065 452 1117 ἡμετέρων
472 1066 613 1107 ἀδίκως
640 1066 828 1118 εἰληφώς,
849 1067 947 1119 ὑπὲρ
965 1067 1019 1107 ὧν
1039 1066 1272 1146 ψηφίσμαθ’
1292 1065 1443 1119 ὑμέτερ’
1464 1067 1580 1118 ἔγκα-

252 1136 399 1173 λοῦντα
429 1132 540 1185 κύρια
568 1133 691 1178 ταυτί,
719 1132 847 1174 πάντα
876 1135 917 1173 δε
946 1132 1016 1174 τὸν
1045 1133 1192 1185 χρόνον
1222 1136 1400 1186 συνεχῶς
1429 1134 1478 1173 τὰ
1505 1137 1582 1173 τῶν

253 1199 389 1240 ἄλλων
423 1198 636 1249 Ἑλληνων
673 1200 735 1240 καὶ
771 1198 990 1252 βαρβάρων
1025 1199 1246 1251 λαμβάνων
1283 1201 1346 1240 καὶ
1382 1198 1446 1252 ἐφ’
1481 1200 1583 1251 ἡμᾶς

254 1267 606 1317 συσκευαζόμενος,
637 1283 673 1307 τι
707 1270 822 1306 τοῦτο
858 1265 1062 1318 λέγουσιν,
1098 1267 1149 1308 ὡς
1185 1269 1376 1348 πολεμειν
1411 1263 1434 1316 ἢ
1471 1266 1582 1319 ἄγειν

254 1332 409 1385 εἰρηνην
429 1336 505 1379 δεῖ,·
544 1333 589 1373 οὐ
613 1335 687 1385 γὰρ
707 1334 859 1385 αἵρεσίς
885 1335 995 1374 ἐστιν
1014 1333 1107 1384 ἡμῖν
1131 1336 1199 1373 τοῦ
1224 1333 1462 1386 πράγματος,
1490 1331 1582 1373 ἀλλ’

253 1400 509 1441 ὑπολείπεται
534 1399 578 1440 τὸ
603 1400 849 1440 δικαιότατον
876 1401 937 1440 καὶ
963 1400 1273 1452 ἀναγκαιότατον
1296 1403 1375 1440 τῶν
1401 1399 1539 1452 ἔργων,
1561 1399 1582 1440 ὃ

253 1467 563 1518 ὑπερβαίνουσιν
584 1467 740 1509 ἑκόντες
760 1466 876 1506 οὗτοι.
937 1467 976 1506 τί
994 1466 1061 1507 οὖν
1082 1467 1168 1507 ἐστι
1192 1470 1305 1507 τοῦτο
1312 1483 1324 1513 ;
1364 1467 1583 1518 ἀμύνεσθαι

254 1533 322 1573 τὸν
348 1533 539 1585 πρότερον
564 1533 801 1584 πολεμοῦνθ’
828 1533 931 1583 ἡμῖν.
1004 1533 1108 1583 πλὴν
1133 1534 1165 1574 εἰ
1197 1536 1311 1573 τοῦτο
1340 1532 1507 1585 λέγουσι
1535 1532 1580 1583 νὴ

256 1599 342 1646 Δί’,
386 1600 449 1646 ὡς,
493 1599 541 1640 ἂν
589 1599 784 1653 ἀπέχηται
830 1601 899 1649 τῆς
941 1599 1120 1650 Ἀττικῆς
1169 1600 1232 1640 καὶ
1278 1603 1346 1640 τοῦ
1387 1603 1583 1652 Πειραιῶς

204 1673 224 1707 8
255 1668 469 1713 Φίλιππος,
497 1666 576 1708 οὔτ’
603 1668 728 1706 ἀδικεῖ
750 1666 820 1716 τὴν
846 1666 965 1707 πόλιν
992 1667 1079 1706 οὔτε
1105 1670 1211 1707 ποιεῖ
1233 1667 1422 1717 πόλεμον.
1490 1667 1522 1707 εἰ
1548 1666 1582 1706 δ’

134 1800 224 1856 [92]

256 1735 297 1773 ἐκ
327 1734 475 1776 τούτων
505 1735 553 1774 τὰ
581 1734 709 1773 δίκαια
741 1733 913 1774 τίθενται
944 1734 1006 1774 καὶ
1040 1733 1110 1783 τὴν
1141 1732 1298 1785 εἰρήνην
1328 1734 1472 1783 ταύτην
1500 1733 1579 1784 ὁρί-

257 1801 397 1850 ζονται,
425 1801 483 1840 ὅτι
508 1802 579 1851 μὲν
600 1799 792 1850 δήπουθεν
813 1799 894 1840 οὔθ’
917 1799 994 1840 ὅσι’
1017 1799 1096 1840 οὔτ’
1122 1801 1264 1840 ἀνεκτὰ
1290 1799 1480 1852 λέγουσιν
1501 1798 1581 1840 οὔθ’

254 1867 343 1918 ὑμῖν
379 1868 559 1919 ἀσφαλῆ,
598 1868 719 1917 δῆλόν
755 1868 864 1907 ἐστιν
901 1866 1063 1912 ἅπασιν,
1103 1867 1147 1907 οὐ
1181 1867 1258 1917 μὴν
1295 1866 1387 1906 ἀλλ’
1424 1867 1583 1907 ἐναντία

298 1989 317 2017 4
342 1979 403 2016 τὴν
420 1977 548 2019 εἰρήνην
564 1983 642 2008 ante
661 1979 750 2018 ἄγειν
770 1977 792 2007 S
805 1977 835 2007 A
849 1977 877 2007 Y
894 1988 900 2007 :
928 1982 1003 2017 post
1028 1978 1119 2018 ἄγειν
1135 1976 1223 2016 vulg.
1403 1987 1422 2016 5
1451 1977 1522 2009 ἔστι
1547 1976 1581 2008 δὲ

255 2022 376 2052 codd.:
415 2019 485 2053 ἔστι
517 2020 552 2053 δὲ
579 2019 698 2063 (τάδε)
727 2021 890 2051 Voemel:
932 2021 1087 2060 equidem
1121 2031 1194 2051 cum
1232 2020 1385 2051 Dobraeo
1419 2021 1504 2052 ἔστω
1532 2020 1580 2058 δή·

254 2064 460 2104 scripserim,
479 2064 519 2095 cf.
543 2067 557 2102 ξ
575 2075 596 2103 9
730 2074 746 2103 7
773 2063 879 2096 οὐκέτι
899 2064 921 2094 S
936 2065 960 2094 L
978 2076 983 2094 :
1015 2063 1106 2096 οὐδὲν
1124 2064 1211 2102 vulg.
1347 2074 1367 2102 9
1392 2064 1482 2102 ἡμεῖς
1500 2068 1580 2094 ante

254 2108 424 2148 ὠμόσαμεν
439 2108 514 2138 add.
535 2108 624 2147 vulg.
646 2119 652 2138 :
678 2113 753 2146 post
771 2107 940 2147 ὠμόσαμεν
957 2108 1033 2138 add.
1052 2107 1102 2137 A:
1129 2118 1192 2138 om.
1214 2107 1236 2137 S
1252 2107 1284 2137 L'
1305 2106 1367 2137 soli
1462 2116 1500 2137 12
1524 2107 1581 2138 τὸν

254 2162 319 2182 om.
338 2151 378 2183 0¹
560 2153 599 2182 16
622 2151 697 2182 fort.
715 2149 777 2192 (ἢ)
795 2154 960 2189 πολεμεῖν,
979 2151 1018 2181 cs.
1040 2153 1055 2188 ξ
1075 2162 1092 2188 4
1229 2156 1304 2190 post
1328 2152 1481 2188 πολεμεῖν
1503 2150 1578 2181 add.

254 2195 363 2228 ἁπλῶς
390 2195 445 2233 (cs.
472 2198 486 2232 ξ
513 2194 546 2235 4)
573 2193 684 2224 AYL
710 2203 812 2233 marg.
838 2194 927 2233 vulg.
1086 2194 1123 2223 18
1155 2195 1205 2225 καὶ
1231 2193 1488 2234 ἀναγκαιότατον
1512 2203 1577 2224 om.

255 2238 279 2268 S
292 2238 317 2268 L
335 2243 417 2270 text.
439 2238 538 2269 Vind.
563 2249 575 2268 1
754 2247 797 2268 20
821 2237 910 2277 ἡμῖν]
935 2239 1006 2276 ὑμῖν
1028 2236 1050 2266 S
1064 2237 1089 2267 L
1222 2238 1308 2275 πλὴν
1325 2235 1368 2276 εἰ]
1385 2237 1428 2276 μὴ
1447 2236 1521 2268 add.
1537 2235 1578 2266 A.

253 2282 387 2322 λέγουσι
414 2283 450 2320 νὴ
475 2281 526 2314 Δί’
552 2283 592 2314 ὡς
609 2280 708 2312 Vind.
729 2290 767 2310 1:
800 2281 933 2321 λέγουσι
960 2282 997 2319 νὴ
1023 2281 1076 2312 Δί’
1101 2280 1157 2312 ἕως
1180 2280 1292 2319 vulg:
1316 2279 1471 2320 λέγουσιν
1497 2280 1579 2311 ἰδίως

255 2324 342 2355 8¹1)
511 2335 548 2355 21
578 2326 627 2356 καὶ
646 2334 710 2355 om.
730 2323 763 2354 S*
780 2323 814 2353 L¹
987 2333 1026 2354 22
1060 2326 1076 2355 ὁ
1101 2328 1179 2354 ante
1197 2329 1354 2355 Φιλιππος
1371 2323 1445 2353 add.
1468 2322 1554 2361 vulg.
1571 2333 1577 2351 ε

219 2385 225 2390 ·
252 2378 315 2399 om.
339 2368 371 2399 5¹
388 2368 421 2398 L¹
514 2369 570 2400 τὸν
589 2372 666 2398 ante
685 2367 829 2407 πόλεμον
846 2367 921 2398 add.
944 2367 1050 2406 vulg:
1076 2376 1141 2398 om.
1163 2367 1184 2396 S
1200 2365 1235 2396 L'
1372 2375 1414 2404 23
1438 2363 1578 2404 ταύτην]

252 2410 353 2453 ταύτῃ
372 2410 402 2445 Ο
421 2421 522 2450 marg.

1605 882 1644 906 10

1606 1215 1643 1248 15

1604 1548 1644 1572 20

1605 1882 1642 1914 ²5
