1747 2844
159 444 177 475 5

140 786 178 810 10

138 1167 176 1200 ¹5

137 1440 177 1462 20

135 2099 174 2129 30

202 108 323 163 xvm]
516 115 658 152 ΠΕΡΙ
706 115 827 153 ΤΟΎ
875 115 1212 153 ΣΤΕΦΑΝΟΎ

199 209 428 260 ψηφίσματι,
450 210 575 261 ἔνοχος
595 211 690 249 ἔστω
710 213 785 251 τοῖς
804 212 869 260 τῆς
887 210 1089 260 προδοσίας
1109 209 1311 260 ἐπιτιμίοις,
1334 211 1396 248 ἐὰν
1415 211 1467 260 μή
1486 227 1521 249 τι

199 263 376 302 ἀδύνατον
393 264 595 315 ἐπιδεικνύῃ
614 265 695 314 περὶ
716 265 854 303 ἑαυτόν·
884 265 967 314 περὶ
987 264 1025 302 δὲ
1039 266 1104 303 τοῦ
1120 264 1298 302 ἀδυνάτου
1314 265 1522 313 ἐπικρινέτω

198 319 218 356 ὁ
239 318 298 355 ἐπὶ
316 321 388 356 τῶν
408 318 533 357 ὅπλων
551 320 759 370 στρατηγὸς
780 319 838 356 καὶ
859 319 878 356 ὃ
899 318 958 356 ἐπὶ
976 320 1040 367 τῆς
1060 318 1271 367 διοικήσεως
1291 318 1350 355 καὶ
1370 319 1390 356 ὁ
1409 336 1522 370 γραμ-

197 372 331 421 ματεὺς
349 374 414 421 τῆς
431 373 587 421 βουλῆς.
640 373 892 422 κατακομίζειν
911 371 949 410 δὲ
970 372 1029 409 καὶ
1047 373 1093 410 τὰ
1114 374 1152 409 ἐκ
1171 375 1242 410 τῶν
1262 374 1383 423 ἀγρῶν
1401 373 1522 410 πάντα

197 426 264 475 τὴν
289 427 482 477 ταχίστην,
504 428 550 465 τὸ.
574 427 642 476 μὲν
665 427 764 466 ἐντὸς
789 426 948 464 σταδίων
973 426 1102 464 ἑκατὸν
1123 426 1239 464 εἴκοσι
1265 429 1314 465 εἷς
1341 427 1436 464 ἄστυ
1463 426 1522 463 καὶ

198 483 364 529 Πειραιᾶ,
394 482 438 518 τὰ
467 480 505 518 δὲ
535 481 635 520 ἐκτὸς
664 479 822 518 σταδίων
851 480 979 518 ἑκατὸν
1008 480 1125 517 εἴκοσι
1154 482 1203 520 εἷς
1231 478 1429 518 Ἐλευσῖνα
1463 480 1521 518 καὶ

197 534 324 582 Φυλὴν
340 535 399 572 καὶ
412 533 597 583 ’Ἄφιδναν
613 535 671 573 καὶ
690 533 917 584 Ῥαμνοῦντα
933 534 991 572 καὶ
1007 534 1169 575 Σούνιον.
1215 533 1292 572 εἶπε
1308 534 1522 572 Καλλισθέ-

196 604 260 637 νης
279 588 495 640 Φαληρεύς]

256 702 344 755 5Ap’
360 703 424 743 ἐπὶ
442 702 601 745 ταύταις
617 705 702 744 ταῖς
721 703 859 744 ἐλπίσι
877 702 949 753 τὴν
968 701 1124 755 εἰρήνην
1140 703 1352 749 ἐποιεῖσθε,
1373 699 1396 754 ἣ
1416 702 1522 744 ταῦτ’

197 768 460 822 ἐπηγγέλλεθ’
485 770 574 820 ὑμῖν
599 769 712 811 οὗτος
737 770 757 809 ὁ
781 770 998 821 μισθωτός;

262 834 366 888 Λέγε
389 835 435 887 δὴ
460 836 532 886 τὴν
551 836 769 887 ἐπιστολὴν
793 835 841 886 ἣν
866 836 1022 889 ἔπεμψε
1041 836 1242 880 Φίλιππος
1265 838 1364 888 μετὰ
1386 839 1520 878 ταῦτα.

748 972 963 1001 ΕΠΙΣΤΟΛΗ.

250 1037 448 1092 [Βασιλεὺς
474 1039 697 1078 Μακεδόνων
723 1039 908 1079 Φίλιππος
933 1037 1137 1088 Ἀθηναίων
1162 1042 1208 1090 τῇ
1233 1040 1360 1090 βουλῇ
1385 1039 1444 1078 καὶ
1470 1041 1521 1090 τῷ

196 1093 298 1146 δήμῳ
331 1095 481 1145 χαίρειν.
539 1094 618 1132 ἰ’στε
647 1095 742 1143 ἡμᾶς
770 1093 1075 1142 παρεληλυθότας
1103 1093 1190 1131 εἵσω
1221 1096 1358 1132 Πυλῶν
1387 1094 1446 1131 καὶ
1473 1095 1520 1132 τὰ

197 1150 289 1187 κατὰ
307 1149 374 1197 τὴν
386 1148 531 1186 Φωκίδα
550 1146 613 1196 ὑφ’
633 1148 780 1187 ἑαυτοὺς
798 1148 1076 1197 πεποιημένους,
1094 1148 1153 1185 καὶ
1173 1147 1245 1186 ὅσα
1264 1150 1331 1197 μὲν
1347 1148 1519 1188 ἑκουσίως

195 1202 436 1252 προσετίθετο
462 1205 533 1240 τῶν
558 1202 813 1251 πολισμάτων,
837 1203 1000 1251 φρουρὰς
1027 1202 1306 1254 εἰσαγηοχότας,
1331 1203 1377 1241 τὰ
1403 1202 1441 1240 δὲ
1466 1202 1518 1251 μὴ

196 1258 425 1295 ὑπακούοντα
446 1257 537 1295 κατὰ
558 1257 688 1306 κράτος
710 1256 893 1305 λαβόντες
918 1256 977 1294 καὶ
997 1256 1393 1306 ἐξανδραποδισάμενοι
1418 1273 1519 1294 κατε-

196 1312 404 1361 σκάψαμεν.
451 1311 591 1349 ἀκουων
611 1310 649 1348 δὲ
670 1311 729 1348 καὶ
748 1311 841 1359 ὑμᾶς
859 1310 1206 1359 παρασκευάζεσθαι
1225 1309 1380 1359 βοηθεῖν
1399 1312 1520 1351 αὐτοις

195 1366 368 1417 γέγραφα
394 1367 490 1415 υμῖν,
516 1382 573 1403 ινα
599 1381 652 1432 μη
675 1365 805 1402 πλεῖον
829 1363 1036 1415 ἐνοχλῆσθε
1058 1365 1142 1413 περὶ
1167 1366 1315 1403 τούτων·
1355 1367 1431 1405 τοῖς
1452 1366 1520 1414 μὲν

194 1421 266 1472 γὰρ
281 1420 382 1460 ὅλοις
403 1419 505 1457 ουδὲν
519 1419 667 1469 μέτριόν
681 1435 745 1468 μοι
766 1418 901 1456 δοκεῖτε
921 1420 1050 1463 ποιεῖν,
1062 1418 1130 1467 τὴν
1145 1419 1289 1468 εἰρήνην
1304 1419 1520 1468 συνθέμενοι

195 1475 254 1511 καὶ
274 1474 407 1523 ὁμοιως
431 1473 787 1524 ἀντιπαρεξάγοντες,
812 1489 871 1510 και
892 1475 1008 1510 ταῦτα
1028 1472 1110 1510 ουδὲ
1129 1473 1521 1522 συμπεριειλημμένων

193 1531 265 1566 τῶν
283 1528 437 1566 Φωκέων
457 1530 495 1566 ἐν
513 1530 592 1567 ταῖς
614 1529 747 1567 κοιναῖς
765 1527 868 1576 ἡμῶν
887 1526 1097 1576 συνθήκαις.
1147 1527 1242 1565 ὥστε
1263 1528 1324 1565 ἐαν
1342 1527 1394 1576 μὴ
1415 1527 1521 1576 ἐμμέ-

194 1599 278 1631 νητε
303 1584 379 1622 τοῖς
404 1582 716 1634 ὡμολογημένοις,
738 1581 841 1620 ουδὲν
863 1581 1111 1631 προτερήσετε
1138 1580 1205 1627 εξω
1230 1583 1295 1620 τοῦ
1322 1581 1520 1630 ἐφθακέναι

193 1634 420 1688 ἀδικοῦντες]

259 1748 436 1790 Ἀκούεθ’
475 1748 526 1790 ὡς
567 1752 708 1802 σαφῶς
747 1751 862 1799 δηλοῖ
901 1748 963 1789 καὶ
1005 1748 1211 1800 διορίζεται
1253 1748 1295 1788 ἐν
1333 1753 1380 1804 τῇ
1421 1747 1517 1800 πρὸς

193 1816 291 1867 ὑμᾶς
317 1817 511 1872 ἐπιστολῇ
535 1815 631 1867 πρὸς
655 1816 744 1857 τοὺς
769 1816 886 1856 αὑτοῦ
910 1814 1153 1868 συμμάχους,
1181 1815 1240 1854 ὅτι
1268 1816 1278 1831 ‘
1295 1815 1374 1867 ἐγὼ
1398 1818 1518 1855 ταῦτα

194 1881 374 1932 πεποίηκ’
399 1883 574 1923 ἀκόντων
593 1881 816 1930 Ἀθηναίων
842 1882 904 1922 καὶ
927 1880 1195 1932 λυπουμένων,
1223 1880 1318 1921 ὥστ’
1344 1882 1452 1932 ε’ίπερ
1477 1881 1518 1922 εὖ

195 1948 381 2001 φρονεῖτ’,
419 1947 448 1989 ὦ
485 1951 664 2000 Θηβαῖοι
700 1950 763 1990 καὶ
800 1949 1010 1995 Θετταλοί,
1049 1949 1209 1990 τούτους
1244 1950 1316 1999 μὲν
1353 1948 1517 2000 ἐχθροὺς

192 2014 467 2068 ὑπολήψεσθε,
499 2015 584 2066 ἐμοὶ
616 2018 658 2057 δὲ
686 2015 950 2062 πιστεύσετε,’
980 2015 1024 2055 οὐ
1052 2015 1203 2057 τούτοις
1231 2017 1312 2056 τοῖς
1343 2013 1517 2066 ῥήμασιν

193 2081 365 2134 γράψας,
408 2085 529 2122 ταῦτα
570 2083 612 2122 δὲ
658 2083 902 2134 βουλόμενος
949 2082 1156 2123 δεικνύναι.
1227 2083 1433 2132 τοιγαροῦν
1473 2082 1516 2121 ἐκ

192 2149 341 2189 τούτων
373 2148 489 2204 ᾤχετ’
521 2148 691 2192 ἐκείνους
723 2150 864 2200 λαβὼν
896 2150 951 2191 εἷς
982 2148 1027 2189 τὸ
1059 2148 1147 2199 μηδ’
1181 2148 1310 2188 ὁτιοῦν
1344 2150 1516 2200 προορᾶν

191 2219 269 2256 τῶν
303 2217 402 2267 μετὰ
436 2219 556 2256 ταῦτα
592 2215 679 2266 μηδ’
716 2216 989 2261 αἰσθάνεσθαι,
1028 2214 1119 2255 ἀλλ’
1153 2215 1270 2254 ἐᾶσαι
1305 2212 1434 2254 πάντα
1468 2216 1516 2255 τὰ

234 2325 255 2353 6
279 2325 322 2357 εἷς
339 2335 402 2355 om.
426 2324 448 2355 S
463 2325 487 2354 L
502 2324 567 2363 ΡΩ
580 2324 609 2354 Y
699 2335 720 2363 9
743 2327 899 2356 ἐποιεῖσθε
918 2324 941 2355 S
956 2323 992 2354 L¹
1007 2323 1049 2353 F:
1075 2323 1268 2361 ἐποιήσασθε
1285 2321 1316 2351 Α
1406 2332 1449 2353 20
1465 2324 1515 2354 οὐ-

193 2367 245 2399 δὲν
262 2367 292 2397 Α
308 2368 395 2407 vulg.
412 2379 418 2399 :
445 2367 516 2399 οὐδὲ
535 2368 558 2397 S
572 2367 597 2397 L
610 2367 634 2397 F

1550 851 1596 887 39

1549 1202 1667 1259 [239]

1547 1766 1596 1799 40
