1747 2844
185 111 305 165 xvm]
487 117 631 154 ΠΕΡΙ
679 117 799 154 TOT
849 117 1184 155 ΣΤΕΦΑΝΟΎ
1537 118 1642 172 [312]

184 220 246 260 καὶ
263 219 532 271 συκοφαντίας
551 220 605 262 εἷς
624 219 822 261 τοιούτους
837 220 981 271 λόγους
996 221 1203 270 ἐμπίπτειν
1219 219 1498 271 ἀναγκάζομαι,

182 287 240 328 οἷς
264 287 306 326 ἐκ
330 289 408 326 τῶν
433 287 602 327 ἐνόντων
628 286 679 328 ὡς
703 285 752 326 ἂν
775 285 946 337 δύνωμαι
970 286 1214 337 μετριώτατα
1237 284 1451 338 χρήσομαι.

247 352 362 403 Ἐμοὶ
389 354 462 403 μὲν
486 353 618 393 τοίνυν
641 351 824 404 ὑπῆρξεν,
852 353 1038 405 Αἰσχίνη,
1066 352 1173 392 παιδὶ
1202 354 1274 403 μὲν
1299 354 1382 393 ὄντι
1410 358 1497 405 φοι-
1531 366 1597 403 237

181 422 252 460 τᾶν
276 420 331 461 εἷς
355 421 402 459 τὰ
427 418 679 471 προσήκοντα
706 421 974 465 διδασκαλεῖα,
1002 419 1064 459 καὶ
1094 419 1202 472 ἔχειν
1226 419 1303 459 ὅσα
1331 418 1406 472 χρὴ
1433 419 1500 460 τὸν

143 505 160 537 5
179 488 300 538 μηδὲν
319 485 487 539 αἰσχρὸν
508 484 728 537 ποιήσοντα
752 484 800 525 δι’
821 485 984 532 ἔνδειαν,
1007 484 1208 535 ἐξελθόντι
1232 485 1264 526 δ’
1285 486 1327 526 ἐκ
1352 487 1501 527 παίδων

179 553 378 593 ἀκόλουθα
393 552 543 594 τούτοις
562 551 758 604 πράττειν,
777 555 977 605 χορηγεῖν,
1000 555 1260 605 τριηραρχεῖν,
1283 552 1498 605 εἰσφέρειν,

179 622 367 671 μηδεμιᾶς
386 619 611 671 φιλοτιμίας
634 617 724 670 μήτ’
744 619 842 660 ἰδίας
866 617 962 669 μήτε
986 620 1177 670 δημοσίας
1197 619 1497 666 ἀπολείπεσθαι,

178 687 285 726 ἀλλὰ
313 685 375 725 καὶ
405 691 452 742 τῇ
481 685 597 726 πόλει
629 685 691 725 καὶ
721 688 801 727 τοῖς
831 685 965 737 φίλοις
994 683 1193 739 χρήσιμον
1223 685 1335 731 εἶναι,
1366 686 1499 736 ἐπειδὴ

179 754 220 793 δὲ
245 752 341 803 πρὸς
365 753 413 791 τὰ
439 753 549 792 κοινὰ
573 755 813 804 προσελθεῖν
832 751 942 802 ἔδοξέ
964 769 1043 803 μοι,
1064 755 1223 792 τοιαῦτα
1248 752 1499 803 πολιτεύμαθ’

120 835 160 858 10
179 817 344 860 ἑλέσθαι
372 818 476 859 ὥστε
508 818 570 859 καὶ
598 818 672 859 ὑπὸ
700 821 769 869 τῆς
798 819 981 871 πατρίδος
1012 818 1074 858 καὶ
1102 818 1167 860 ὑπ’
1192 818 1328 859 ἄλλων
1353 818 1500 869 Ἑλλή-
1533 815 1636 870 [313]

177 901 255 927 νων
275 888 438 925 πολλῶν
457 884 649 927 πολλάκις
674 886 992 938 ἐστεφανῶσθαι,
1016 885 1077 925 καὶ
1100 887 1198 936 μηδὲ
1222 885 1313 927 τοὺς
1338 885 1501 939 ἐχθροὺς

177 952 287 1002 ὑμᾶς,
324 951 374 993 ὡς
407 952 452 993 οὐ
487 951 586 992 καλά
618 951 655 1004 γ’
685 950 732 1002 ἦν
764 952 788 992 ἃ
821 952 1074 1004 προειλόμην,
1106 953 1319 1005 ἐπιχειρεῖν
1351 951 1498 1004 λέγειν.

178 1019 256 1071 ἐγὼ
284 1020 356 1069 μὲν
381 1018 426 1069 δὴ
457 1018 615 1074 τοιαύτῃ
645 1020 910 1070 συμβεβίωκα
937 1018 1050 1074 τύχῃ,
1083 1019 1144 1059 καὶ
1172 1018 1289 1059 πόλλ’
1318 1017 1366 1059 ἂν
1396 1018 1500 1072 ἔχων
1531 1022 1598 1067 258

178 1084 277 1137 ἕτερ’
304 1086 428 1125 εἰπεῖν
454 1085 542 1137 περὶ
566 1084 683 1135 αὐτῆς
714 1086 956 1137 παραλείπω,
984 1086 1281 1137 φυλαττόμενος
1305 1085 1349 1125 τὸ
1373 1087 1496 1136 λυπῆ-

119 1168 156 1201 15
179 1152 250 1192 σαί
288 1151 360 1192 τιν’
398 1153 439 1192 ἐν
474 1152 531 1194 οἷς
574 1152 827 1203 σεμνύνομαι.
899 1151 950 1192 σὺ
985 1151 1018 1191 δ’
1054 1152 1074 1191 ὁ
1112 1151 1256 1202 σεμνὸς
1298 1151 1395 1203 ἀνὴρ
1437 1152 1500 1192 καὶ

178 1219 374 1259 διαπτύων
398 1218 487 1260 τοὺς
511 1218 658 1260 ἄλλους
684 1219 825 1260 σκόπει
849 1218 945 1270 πρὸς
969 1218 1113 1268 ταύτην
1138 1219 1231 1272 ποίᾳ
1256 1218 1332 1258 τινὶ
1359 1217 1497 1271 κέχρη-

178 1302 248 1326 σαι
282 1285 395 1341 τύχῃ,
433 1284 482 1326 δι’
519 1284 566 1335 ἢν
603 1289 692 1327 παῖς
727 1287 800 1336 μὲν
836 1284 888 1325 ὢν
923 1286 1021 1336 μετὰ
1057 1286 1210 1335 πολλῆς
1245 1287 1314 1335 τῆς
1349 1286 1498 1327 ἐνδείας

177 1351 362 1405 ἐτράφης,
390 1351 469 1403 ἅμα
497 1355 550 1406 τῷ
580 1351 696 1403 πατρὶ
726 1351 821 1404 πρὸς
845 1355 898 1406 τῷ
924 1353 1185 1406 διδασκαλείῳ
1211 1352 1496 1403 προσεδρεύων,

175 1418 219 1459 τὸ
248 1418 374 1469 μέλαν
399 1420 549 1470 τρίβων
574 1418 636 1458 καὶ
661 1419 707 1457 τὰ
731 1417 865 1470 βάθρα
890 1418 1116 1469 σπογγίζων
1143 1418 1204 1458 καὶ
1229 1417 1274 1458 τὸ
1299 1421 1495 1470 παιδαγω-

116 1506 155 1528 20
176 1488 285 1537 γεῖον
305 1489 442 1538 κορῶν,
466 1484 619 1526 οἰκέτου
638 1484 762 1536 τάξιν,
784 1484 852 1525 οὐκ
878 1484 1086 1535 ἐλευθέρου
1106 1483 1243 1526 παιδὸς
1262 1484 1378 1538 ἔχων,
1401 1484 1498 1537 ἀνὴρ
1530 1495 1598 1532 259

173 1554 216 1593 δὲ
247 1553 459 1604 γενόμενος
490 1558 537 1610 τῇ
566 1552 682 1604 μητρὶ
711 1551 884 1608 τελούσῃ
913 1552 983 1594 τὰς
1006 1551 1182 1602 βίβλους
1207 1552 1498 1603 ἀνεγίγνωσκες

175 1619 238 1659 καὶ
256 1619 386 1660 τᾶλλα
405 1622 712 1671 συνεσκευωροῦ,
734 1618 805 1669 τὴν
823 1620 895 1670 μὲν
913 1619 1032 1660 νύκτα
1057 1619 1249 1671 νεβρίζων
1269 1618 1330 1659 καὶ
1357 1635 1495 1671 κρατη-

172 1686 287 1737 ρίζων
324 1688 387 1728 καὶ
425 1687 618 1738 καθαίρων
654 1686 743 1729 τοὺς
778 1684 1037 1736 τελουμένους
1074 1686 1136 1726 καὶ
1172 1684 1408 1736 ἀπομάττων
1443 1689 1495 1740 τῷ

173 1757 286 1807 πηλῷ
324 1755 386 1794 καὶ
422 1758 503 1796 τοῖς
539 1753 725 1806 πιτύροις,
765 1753 827 1793 καὶ
864 1753 1029 1794 ἀνιστὰς
1070 1751 1147 1792 ἀπὸ
1188 1755 1256 1792 τοῦ
1297 1755 1495 1804 καθαρμοῦ

113 1838 151 1871 25
174 1820 345 1861 κελεύων
385 1819 521 1873 λέγειν
559 1820 735 1873 ’ἔφυγον
779 1820 911 1866 κακόν,
956 1819 1067 1871 εὗρον
1108 1818 1295 1869 ἄμεινον,’
1337 1819 1402 1859 ἐπὶ
1442 1823 1494 1873 τῷ

172 1886 320 1938 μηδένα
344 1887 502 1929 πώποτε
526 1887 721 1938 τηλικοῦτ’
741 1886 930 1938 ὀλολύξαι
955 1886 1243 1937 σεμνυνόμενος
1265 1884 1344 1935 (καὶ
1369 1885 1495 1937 ἔγωγε

173 1954 328 2004 νομίζω·
365 1954 417 2005 μὴ
451 1957 525 2007 γὰρ
555 1954 679 1996 οἴεσθ’
710 1954 827 1995 αὐτὸν
858 1953 1107 2007 φθέγγεσθαι
1139 1955 1210 2004 μὲν
1244 1952 1344 1992 οὕτω
1377 1951 1492 2004 μέγα,
1525 1954 1595 1990 260

172 2021 378 2071 ὀλολύζειν
413 2021 446 2061 δ’
480 2021 554 2075 οὐχ
591 2020 897 2074 ὑπέρλαμπρον),
934 2022 976 2061 ἐν
1013 2023 1054 2061 δὲ
1089 2023 1174 2061 ταῖς
1208 2018 1368 2071 ἡμέραις
1404 2018 1494 2060 τοὺς

173 2088 317 2130 καλοὺς
350 2088 512 2131 θιάσους
540 2088 648 2141 ἄγων
680 2090 743 2129 διὰ
773 2092 851 2129 τῶν
881 2089 992 2134 ὁδῶν,
1024 2087 1114 2129 τοὺς
1145 2084 1493 2137 ἐστεφανωμένους

213 2207 233 2236 3
249 2197 308 2237 μὲν
325 2197 393 2229 ὄντι
411 2200 528 2239 φοιτᾶν
545 2198 588 2229 εἷς
605 2207 669 2229 om.
688 2197 724 2228 Sl
737 2197 763 2227 L
778 2207 784 2227 :
809 2197 883 2228 add.
900 2196 988 2236 vulg.
1008 2197 1031 2227 S
1049 2205 1151 2234 marg.
1170 2194 1196 2224 L
1208 2207 1258 2235 γρ.
1351 2204 1372 2233 9
1397 2206 1493 2235 προσ-

172 2244 275 2273 ελθεῖν
293 2241 316 2272 S
330 2241 367 2272 Ll
379 2241 410 2271 A
424 2255 430 2272 ;
466 2243 651 2282 προσῆλθον
670 2240 694 2270 F
706 2240 736 2279 Q
749 2240 779 2272 Ο
988 2250 1028 2270 10
1053 2240 1161 2271 ἄλλων
1178 2236 1344 2274 Ἑλλήνων
1360 2240 1496 2270 πολλῶν

172 2284 196 2315 S
210 2285 253 2316 L:
277 2287 342 2316 τῶν
359 2286 469 2317 ἄλλων
486 2284 651 2322 Ἑλλήνων
669 2289 745 2315 cett.
762 2295 768 2315 :
793 2285 869 2315 sort.
888 2285 999 2316 ἄλλων
1016 2285 1147 2314 πολλῶν
1164 2280 1301 2310 Dobrec
1395 2290 1433 2310 12
1458 2282 1494 2312 οὐ

172 2328 255 2360 καλοί
269 2328 302 2368 γ’
320 2327 359 2365 ἦν
376 2328 409 2367 ἃ]
428 2329 671 2369 οὐκαλλαγῆναι
690 2328 714 2359 S
822 2337 858 2366 15
883 2328 998 2366 σεμνὸς
1016 2325 1118 2364 vulg„
1139 2325 1294 2371 rhetoreJS
1312 2335 1318 2354 :
1343 2323 1492 2363 σεμνυνό-

170 2385 262 2410 μενος
281 2372 304 2402 S
318 2371 416 2402 Lsoli
522 2381 557 2410 17
583 2376 658 2411 post
676 2373 801 2409 πολλῆς
818 2371 894 2401 add.
915 2373 972 2408 τῆς
993 2370 1017 2399 L
1034 2381 1039 2399 :
1063 2370 1123 2406 τὴν
1141 2368 1290 2406 (punctls
1307 2367 1425 2407 notat.)
1447 2367 1470 2398 S
1486 2378 1492 2396 :

171 2425 234 2446 om.
255 2415 344 2454 vulg.
478 2425 519 2454 24
545 2415 675 2447 ἀνιστὰς
693 2414 716 2446 S
730 2414 796 2445 LA
809 2414 871 2445 FB
886 2424 893 2444 ι
918 2413 1056 2445 ἀναστὰς
1073 2411 1114 2442 al·
