1747 2844
159 149 278 196 xvml
471 152 615 189 ΠΕΡΙ
664 151 783 188 ΤΟὙ
833 150 1171 188 ΣΤΕΦΑΝΟΎ
1515 151 1629 205 [236]

156 258 317 302 λίππου,
366 255 618 308 δωροδόκημα
665 256 707 294 δὲ
754 257 830 294 τῶν
878 253 1021 293 ἀδίκων
1069 252 1216 292 τούτων
1265 252 1480 303 ἀνθρώπων

157 327 334 364 τοιοῦτον
358 321 528 375 ἐγένετο·
561 322 659 373 ὑπὲρ
684 321 728 360 οὓ
754 320 817 360 καὶ
841 320 930 359 τότε
956 319 1017 359 καὶ
1038 322 1106 359 νῦν
1126 319 1189 358 καὶ
1210 319 1271 359 ἀεὶ
1297 319 1480 371 ὁμολογῶ

159 391 221 431 καὶ
257 393 444 440 πολεμεῖν
485 389 547 428 καὶ
589 387 852 440 διαφέρεσθαι
889 385 1055 427 τούτοις.
1127 385 1260 436 ἕτερον
1298 385 1331 424 δ’
1371 385 1483 428 εὐθὺς

157 456 304 510 ἐφεξῆς
337 456 393 496 ἔτι
430 455 568 495 τούτου
604 454 736 505 μεῖζον
775 452 1026 504 κακούργημα
1062 451 1276 492 θεάσασθε.
1347 452 1480 502 ἐπειδὴ
1513 469 1556 504 32

118 541 136 572 5
158 526 233 576 γὰρ
259 523 391 573 ὤμοσε
414 521 485 571 τὴν
512 519 669 573 εἰρήνην
696 521 717 559 ὁ
742 521 943 560 Φίλιππος
969 519 1192 571 προλαβὼν
1220 518 1292 568 τὴν
1318 516 1481 573 Θρᾴκην

157 592 220 629 διὰ
258 589 416 630 τούτους
456 587 544 640 οὐχὶ
583 586 820 627 πεισθέντας
858 589 909 639 τῷ
952 587 1031 640 ἐμῷ
1069 586 1318 638 ψηφίσματι,
1360 585 1482 626 πάλιν

157 656 313 696 ὠνεῖται
336 654 426 706 παρ’
453 653 578 694 αὐτῶν
604 654 710 695 ὅπως
733 653 786 703 μὴ
813 652 955 703 ἄπιμεν
980 653 1022 692 ἐκ
1049 652 1308 698 Μακεδονίας,
1337 652 1409 693 ἕως
1434 654 1481 691 τὰ

156 725 225 772 τῆς
251 722 460 773 στρατείας
485 723 553 770 τῆς
580 719 643 760 ἐπὶ
667 719 757 762 τοὺς
783 718 946 761 Φωκέας
972 719 1136 771 εὐτρεπῆ
1168 717 1391 768 ποιήσαιτο,
1419 719 1482 759 ἵνα

156 788 221 840 μή,
249 787 348 840 δεῦρ’
377 786 706 840 ἀπαγγειλάντων
731 787 841 838 ἡμῶν
871 787 930 826 ὅτι
961 785 1104 837 μέλλει
1135 786 1197 826 καὶ
1230 785 1479 837 παρασκευά-

98 872 136 895 10
158 856 262 906 ζεται
295 854 548 907 πορεύεσθαι,
577 852 770 904 ἐξέλθοιθ’
797 854 905 904 ὑμεῖς
935 852 997 893 καὶ
1026 852 1365 905 περιπλεύσαντες
1397 855 1481 894 ταῖς

155 920 356 974 τριήρεσιν
383 923 436 963 εἷς
463 921 601 963 Πύλας
627 921 763 973 ὥσπερ
793 921 984 973 πρότερον
1013 920 1217 960 κλείσαιτε
1246 919 1314 960 τὸν
1342 919 1478 966 τόπον,

157 988 248 1029 ἀλλ’
290 987 354 1039 ἅμ’
398 988 576 1028 ἀκούοιτε
617 987 722 1028 ταῦτ’
766 987 1104 1039 ἀπαγγελλόντων
1151 987 1262 1037 ἡμῶν
1305 986 1480 1028 κάκεῖνος

156 1055 267 1097 ἐντὸς
304 1056 361 1105 εἴη
398 1058 544 1094 Πυλῶν
583 1054 644 1094 καὶ
680 1056 802 1105 μηδὲν
834 1053 957 1107 ἔχοιθ’
989 1055 1098 1104 ὑμεῖς
1130 1055 1309 1103 ποιῆσαι.
1379 1053 1479 1092 οὕτω
1510 1066 1553 1101 33

157 1121 189 1161 δ’
215 1120 261 1172 ἦν
287 1122 307 1161 ὁ
328 1123 529 1163 Φίλιππος
555 1122 597 1161 ἐν
619 1121 738 1175 φόβῳ
765 1121 826 1160 καὶ
851 1125 983 1177 πολλῇ
1008 1121 1170 1173 ἀγωνίᾳ,
1197 1119 1248 1170 μὴ
1275 1119 1337 1159 καὶ
1360 1123 1480 1160 ταῦτα

98 1203 134 1236 15
156 1189 449 1241 προειληφότος
486 1187 616 1234 αὐτοῦ,
653 1189 685 1227 εἰ
722 1187 796 1239 πρὸ
832 1190 900 1227 τοῦ
935 1186 1023 1228 τοὺς
1056 1185 1220 1228 Φωκέας
1257 1185 1480 1226 ἀπολέσθαι

156 1257 415 1308 ψηφίσαισθε
459 1256 636 1305 βοηθεῖν,
677 1254 844 1306 ἐκφύγοι
885 1254 932 1293 τὰ
970 1252 1166 1305 πράγματ’
1205 1252 1335 1300 αὐτόν,
1375 1254 1479 1293 ὥστε

155 1324 365 1372 μισθοῦται
389 1321 457 1362 τὸν
486 1320 762 1361 κατάπτυστον
786 1321 954 1367 τουτονί,
982 1319 1109 1360 οὐκέτι
1140 1320 1247 1376 κοινῇ
1279 1321 1377 1370 μετὰ
1402 1323 1479 1360 τῶν

156 1388 291 1429 ἄλλων
324 1388 539 1440 πρέσβεων
575 1387 666 1428 ἀλλ’
692 1388 768 1441 ἰδίᾳ
800 1386 884 1427 καθ’
909 1387 1039 1433 αὑτόν,
1066 1390 1225 1427 τοιαῦτα
1254 1386 1350 1437 πρὸς
1381 1387 1480 1437 ὑμᾶς

156 1456 280 1496 εἰπεῖν
307 1456 369 1496 καὶ
401 1455 641 1507 ἀπαγγεῖλαι
672 1453 721 1494 δι’
745 1455 798 1494 ὧν
829 1453 970 1494 ἅπαντ’
996 1453 1187 1494 ἀπώλετο.
1259 1451 1354 1502 ἀξιῶ
1380 1452 1426 1499 δ’,
1449 1451 1478 1493 ὦ
1509 1463 1554 1498 34

95 1536 134 1558 20
154 1521 292 1575 ἄνδρες
327 1521 541 1572 Ἀθηναῖοι,
583 1521 644 1561 καὶ
681 1520 816 1572 δέομαι
852 1524 965 1560 τοῦτο
1000 1522 1225 1571 μεμνῆσθαι
1260 1519 1349 1572 παρ’
1382 1520 1478 1560 ὅλον

154 1588 222 1629 τὸν
246 1589 392 1641 ἀγῶνα,
419 1589 478 1628 ὅτι
503 1587 554 1639 μὴ
585 1586 929 1640 κατηγορήσαντος
949 1588 1144 1640 Αἰσχίνου
1168 1589 1290 1638 μηδὲν
1316 1585 1390 1637 ἔξω
1410 1588 1478 1636 τῆς
1510 1583 1620 1638 [237]

153 1658 311 1708 γραφῆς
336 1654 417 1696 οὐδ’
436 1654 484 1696 ἂν
505 1655 582 1707 ἐγὼ
609 1655 734 1706 λόγον
760 1654 885 1695 οὐδέν’
907 1654 1120 1705 ἐποιούμην
1146 1654 1292 1706 ἕτερον·
1330 1653 1477 1696 πάσαις

153 1721 186 1761 δ’
211 1723 352 1764 αἰτίαις
384 1722 446 1762 καὶ
478 1723 762 1774 βλασφημίαις
787 1720 867 1772 ἅμα
891 1721 1029 1761 τούτου
1062 1719 1303 1774 κεχρημένου
1328 1720 1476 1772 ἀνάγκη

153 1789 268 1839 κάμοὶ
293 1788 389 1841 πρὸς
415 1789 565 1830 ἕκαστα
589 1792 666 1829 τῶν
694 1787 1021 1841 κατηγορημένων
1045 1787 1150 1839 μίκρ’
1175 1788 1475 1839 ἀποκρίνασθαι.

199 1909 211 1928 Ι
253 1903 329 1938 post
364 1899 534 1940 ἀνθρώπων
569 1898 645 1929 add.
680 1899 731 1930 καὶ
769 1901 849 1931 θεοῖς
886 1901 1010 1940 ἐχθρῶν
1042 1898 1067 1928 F
1096 1897 1214 1937 vulg:
1254 1908 1317 1928 om.
1354 1896 1474 1927 SL¹A

151 1952 171 1972 2
198 1944 346 1983 ὁμολογῶ
368 1943 419 1974 καὶ
441 1944 595 1981 πολεμεῖν
612 1941 635 1973 S
650 1940 708 1973 L¹:
742 1943 891 1983 ὁμολογῶ
908 1944 1064 1981 πολεμεῖν
1080 1941 1169 1980 vulg.
1188 1941 1318 1972 Anecd.
1340 1941 1476 1971 Bekker

152 1995 183 2024 p.
206 1995 265 2024 132
282 1997 289 2016 z
312 1987 467 2024 πολεμεῖν
483 1987 633 2026 ὁμολογῶ
649 1984 741 2015 Weil
875 1995 894 2024 5
920 1987 1024 2024 ὤμοσε
1041 1985 1073 2015 A
1089 1984 1115 2015 L
1132 1995 1235 2024 marg.
1255 1985 1280 2014 F
1294 1997 1345 2025 γρ.
1363 1996 1369 2015 :
1395 1986 1473 2023 ὡμο·

150 2028 276 2069 λόγησε
300 2028 323 2060 S
338 2028 401 2059 LF
423 2028 524 2068 vulg,
545 2029 585 2060 cf.
604 2028 663 2058 xix
683 2038 754 2067 122,
772 2029 818 2059 xli
840 2039 889 2068 15,
909 2029 1001 2059 xlviii
1023 2039 1073 2067 11,
1095 2038 1134 2058 12
1217 2033 1295 2068 post
1319 2028 1474 2059 Φίλιππος

150 2072 226 2103 add.
253 2071 335 2113 ἕξειν
360 2072 385 2102 F
407 2073 496 2112 vulg.
631 2073 653 2102 6
683 2076 759 2111 post
782 2071 915 2104 τούτους
939 2072 1015 2104 add.
1041 2073 1114 2104 τοὺς
1140 2072 1171 2101 Α
1311 2082 1326 2109 7
1360 2072 1475 2110 ἄπιμεν

150 2115 279 2147 Anecd.
307 2115 443 2146 Bekker
466 2125 497 2155 p.
523 2125 594 2154 129,
621 2115 752 2146 Cobet:
778 2116 918 2155 ἀπίωμεν
941 2115 1045 2145 SLA
1061 2115 1106 2155 Fl,
1127 2114 1232 2145 schol.
1260 2124 1291 2154 p.
1319 2124 1393 2152 277.
1415 2123 1472 2151 13:

150 2159 283 2191 ἀπίωσιν
309 2159 334 2189 F
357 2169 443 2190 corr.
562 2160 600 2190 ἂν
622 2164 700 2197 post
724 2158 781 2191 ἕως
805 2159 878 2190 add.
906 2159 1020 2197 vulg:
1053 2169 1117 2188 om.
1146 2158 1208 2188 SL
1339 2168 1360 2196 9
1385 2157 1474 2196 ἡμῶν

150 2201 174 2232 S
189 2202 293 2233 LAF
309 2216 358 2244 γρ.
379 2214 386 2233 :
424 2204 527 2235 αὐτῶν
559 2202 584 2232 F
614 2201 702 2241 vulg.
904 2212 938 2232 11
979 2201 1079 2234 τόπον
1111 2201 1134 2232 S
1149 2201 1216 2231 LA
1232 2212 1238 2230 ι
1276 2201 1416 2241 πορθμὸν
1448 2199 1475 2230 F

149 2245 238 2285 vulg.
374 2256 413 2276 12
437 2246 526 2285 ἡμῶν
544 2246 567 2276 S
582 2245 648 2275 LA
663 2257 670 2276 2
694 2247 766 2285 ὑμῖν
781 2245 905 2278 τούτων
923 2245 948 2275 F
1098 2255 1133 2282 14
1159 2246 1209 2276 καὶ
1227 2247 1337 2286 πολλῇ
1353 2244 1474 2285 ἀγωνίᾳ

150 2299 214 2320 οῐη.
232 2289 263 2319 A
278 2289 303 2319 F
316 2288 342 2319 Β
355 2289 406 2320 Y:
432 2289 508 2320 add.
527 2289 551 2320 S
566 2289 591 2319 L
608 2289 695 2328 vulg.
859 2299 896 2327 15
921 2290 950 2321 εἷ
965 2294 1043 2319 ante
1060 2290 1119 2329 πρὸ
1136 2298 1198 2319 om.
1219 2287 1308 2326 vulg.
1325 2299 1330 2318 :
1357 2287 1430 2318 add.
1449 2287 1472 2318 S

153 2333 192 2362 16
225 2336 356 2371 βοηθεῖν
381 2332 517 2372 FQY:
552 2335 620 2364 τοῖς
646 2334 787 2364 Φωκεῦσι
816 2335 947 2370 βοηθεῖν
972 2332 995 2362 S
1011 2332 1055 2363 L:
1093 2334 1224 2369 βοηθεῖν
1252 2333 1358 2363 αὐτοῖς
1381 2330 1472 2369 vulg.

150 2377 200 2407 καὶ
217 2381 295 2406 ante
314 2376 446 2417 ἐκφύγοι
464 2377 539 2407 add.
560 2376 649 2414 vulg.
667 2386 673 2407 :
698 2386 762 2406 om.
785 2375 808 2406 S
923 2385 961 2414 19
985 2377 1062 2414 ὑμᾶς
1079 2379 1155 2414 post
1173 2374 1207 2406 δὲ
1224 2375 1297 2406 add.
1317 2374 1371 2404 A:
1396 2379 1472 2414 post

149 2422 327 2458 μεμνῆσθαι
345 2420 433 2459 vulg.
451 2431 457 2451 z
484 2430 547 2450 om.
567 2419 590 2450 S
604 2419 629 2449 L
784 2429 823 2457 24
850 2417 1122 2460 κατηγορημένων
1138 2416 1227 2457 vulg.
1246 2428 1252 2448 :
1276 2430 1471 2460 κατηγορου-

148 2461 250 2499 μένων
268 2462 291 2492 S
309 2471 395 2495 corr.
416 2462 473 2493 Ll:
500 2462 669 2504 εἰρημένων
687 2462 710 2492 S
726 2474 774 2502 γρ.
