1747 2844
197 156 267 211 xv]
338 162 478 198 ΠΕΡΙ
525 161 648 198 ΤΗΣ
698 160 936 198 ΡΟΔΙΩΝ
986 159 1382 197 ΕΛΕΥΘΕΡΙΑΣ

261 264 410 305 Ἀκούω
431 264 464 304 δ’
481 265 558 317 ἐγὼ
577 263 770 306 πολλάκις
789 262 943 304 ἐνταυθὶ
962 261 1051 313 παρ’
1070 262 1159 312 ὑμῖν
1177 265 1295 303 τινῶν
1314 263 1514 314 λεγόντων

196 331 260 378 ὡς,
281 330 337 371 ὅτ’
357 331 558 385 ἠτύχησεν
578 331 598 370 ὁ
616 333 736 382 δῆμος
754 330 875 381 ἡμῶν,
897 327 1255 380 συνεβουλήθησάν
1274 345 1377 370 τινες
1398 328 1514 369 αὐτὸν

196 400 382 448 σωθῆναι·
420 399 473 439 ὧν
502 398 580 450 ἐγὼ
611 398 741 449 μόνων
767 396 957 448 Ἀργείων
987 396 1028 436 ἐν
1057 399 1110 450 τῷ
1141 396 1305 448 παρόντι
1336 394 1512 446 μνησθή-

197 481 318 515 σομαι
341 465 476 518 βραχύ
498 481 546 504 τι.
605 463 650 504 οὐ
668 465 743 516 γὰρ
761 462 809 504 ἂν
827 463 924 514 ὑμᾶς
949 463 1183 513 βουλοίμην,
1206 461 1325 512 δόξαν
1349 462 1515 515 ἔχοντας

158 549 175 580 5
195 535 263 571 τοῦ
287 530 426 587 σῴζειν
450 530 539 573 τοὺς
568 531 805 584 ἀτυχοῦντας
834 529 906 576 ἀεί,
933 530 1089 582 χείρους
1113 528 1303 581 Ἀργείων
1329 530 1370 569 ἐν
1395 529 1514 584 ταύτῃ

195 604 243 654 τῇ
279 597 417 650 πράξει
454 600 639 650 φανῆναι,
680 597 716 637 οἳ
757 596 891 650 χώραν
927 597 1072 649 ὅμορον
1110 596 1157 651 τῇ
1196 596 1517 646 Λακεδαιμονίων

196 666 402 711 οἰκοῦντες,
423 665 589 716 ὁρῶντες
615 663 785 705 ἐκείνους
809 665 881 715 γῆς
909 662 970 703 καὶ
997 662 1194 713 θαλάττης
1217 662 1425 716 ἄρχοντας,
1446 662 1516 703 οὐκ

195 731 436 781 ἀπώκνησαν
455 730 536 772 οὐδ’
554 728 820 783 ἐφοβήθησαν
841 730 1022 771 εὐνοϊκῶς
1040 730 1131 780 ὑμῖν
1151 729 1310 782 ἔχοντες
1329 731 1513 781 φανῆναι,

195 798 302 838 ἀλλὰ
335 798 396 838 καὶ
427 796 620 849 πρέσβεις
654 797 842 838 ἐλθόντας
874 798 916 837 ἐκ
949 796 1254 846 Λακεδαίμονος,
1290 796 1340 838 ὥς
1374 801 1514 848 φασιν,

138 881 176 903 10
197 862 478 914 ἐξαιτήσοντάς
497 880 606 906 τινας
625 867 702 904 τῶν
723 862 911 915 φυγάδων
930 867 1008 903 τῶν
1026 862 1223 915 ὑμετέρων
1243 863 1514 915 ἐψηφίσαντο,

196 932 265 972 ἐὰν
289 930 341 981 μὴ
362 930 436 983 πρὸ
454 931 568 981 ἡλίου
593 930 730 972 δύντος
754 928 1097 976 ἀπαλλάττωνται,
1120 930 1333 980 πολεμίους
1358 930 1514 980 κρίνειν.

196 997 265 1038 εἶτ’
296 997 363 1037 οὐκ
397 998 578 1050 αἰσχρόν,
609 995 639 1037 ὦ
671 996 809 1049 ἄνδρες
837 996 1053 1047 Ἀθηναῖοι,
1086 997 1118 1037 εἰ
1148 995 1192 1036 τὸ
1224 997 1296 1046 μὲν
1327 995 1516 1047 Ἀργείων

196 1065 346 1113 πλῆθος
375 1063 442 1103 οὐκ
473 1063 655 1116 ἐφοβήθη
685 1063 755 1113 τὴν
780 1063 1100 1114 Λακεδαιμονίων
1127 1062 1254 1116 ἀρχὴν
1284 1063 1325 1103 ἐν
1354 1063 1517 1103 ἐκείνοις

196 1133 277 1172 τοῖς
303 1134 448 1182 καιροῖς
474 1129 562 1171 οὐδὲ
586 1129 657 1180 τὴν
681 1130 826 1182 ῥώμην,
852 1131 961 1180 ὑμεῖς
990 1129 1022 1170 δ’
1049 1131 1160 1171 ὄντες
1186 1129 1386 1179 Ἀθηναῖοι
1415 1127 1514 1180 βάρ-

138 1213 175 1245 15
196 1201 323 1249 βαρον
342 1195 561 1248 ἄνθρωπον,
586 1197 647 1237 καὶ
666 1199 787 1237 ταῦτα
806 1200 982 1248 γυναῖκα,
1004 1194 1245 1248 φοβήσεσθε
1253 1212 1264 1242 ,·
1304 1195 1365 1235 καὶ
1383 1194 1460 1246 μὴν
1480 1196 1517 1235 οἱ

195 1264 267 1314 μὲν
292 1263 424 1317 ἔχοιεν
452 1263 501 1304 ἂν
531 1264 654 1305 εἰπεῖν
684 1264 745 1303 ὅτι
769 1262 963 1304 πολλάκις
987 1262 1173 1313 ἥττηνται
1197 1259 1300 1314 [ὑπὸ]
1324 1264 1514 1302 Λακεδαι-

195 1330 354 1381 μονίων,
375 1331 483 1380 ὑμεῖς
509 1331 551 1370 δὲ
575 1328 802 1379 νενικήκατε
826 1331 897 1379 μὲν
917 1328 1112 1371 πολλάκις
1130 1328 1321 1379 βασιλέα,
1344 1328 1517 1379 ἥττησθε

196 1396 229 1436 δ’
261 1395 341 1436 οὐδ’
374 1396 482 1447 ἅπαξ
514 1396 603 1437 οὔτε
638 1399 716 1437 τῶν
751 1396 903 1436 δούλων
934 1399 1012 1436 τῶν
1047 1394 1252 1446 βασιλέως
1289 1394 1368 1436 οὔτ’
1399 1395 1518 1435 αὐτοῦ

196 1462 350 1503 ’κείνου·
388 1464 422 1503 εἶ
450 1462 524 1515 γάρ
554 1464 593 1504 τί
623 1479 696 1503 που
731 1462 942 1514 κεκράτηκε
971 1465 1040 1513 τῆς
1070 1463 1225 1504 πόλεως
1254 1461 1460 1513 βασιλεύς,
1493 1457 1516 1511 ἢ

139 1545 177 1567 20
195 1530 286 1572 τοὺς
310 1529 599 1582 πονηροτάτους
622 1533 700 1570 τῶν
724 1528 934 1579 Ἑλλήνων
961 1530 1022 1569 καὶ
1047 1529 1241 1581 προδότας
1266 1527 1393 1568 αὐτῶν
1419 1526 1514 1581 χρή-

195 1613 294 1646 μασι
319 1597 461 1639 πείσας
484 1594 507 1647 ἦ
534 1596 709 1648 οὐδαμῶς
734 1596 868 1639 ἄλλως
895 1595 1143 1648 κεκράτηκεν.
1216 1596 1277 1635 καὶ
1301 1595 1390 1636 οὐδὲ
1414 1593 1516 1634 τοῦτ’

197 1662 298 1718 αὐτῷ
329 1662 608 1718 συνενήνοχεν,
639 1663 731 1704 ἀλλ’
765 1663 830 1715 ἅμ’
865 1661 1042 1714 εὑρήσετ’
1071 1662 1188 1704 αὐτὸν
1220 1661 1290 1712 τήν
1323 1679 1366 1703 τε
1397 1662 1517 1701 πόλιν

197 1731 260 1770 διὰ
292 1732 610 1782 Λακεδαιμονίων
644 1731 793 1781 ἀσθενῆ
826 1728 1050 1780 ποιήσαντα
1084 1729 1147 1770 καὶ
1179 1730 1268 1782 περὶ
1299 1730 1368 1779 τῆς
1401 1729 1519 1768 αὑτοῦ

197 1798 410 1847 βασιλείας
440 1797 745 1839 κινδυνεύσαντα
773 1796 869 1849 πρὸς
896 1795 1106 1850 Κλέαρχον
1137 1796 1199 1836 καὶ
1225 1798 1366 1847 Κῦρον.
1438 1794 1517 1835 οὔτ’

138 1879 175 1911 25
197 1863 264 1904 οῦν
295 1865 337 1904 ἐκ
366 1868 539 1917 φανεροῦ
570 1863 802 1917 κεκράτηκεν
827 1863 907 1904 οὔτ’
934 1864 1222 1914 ἐπιβουλεῦσαι
1252 1860 1519 1914 συνενήνοχεν

198 1929 312 1984 αὐτῷ.
384 1931 458 1982 ὁρῶ
488 1931 522 1970 δ’
553 1932 659 1982 ὑμῶν
693 1932 818 1973 ἐνίους
847 1931 1051 1971 Φιλίππου
1082 1932 1154 1981 μὲν
1187 1929 1238 1971 ὡς
1271 1928 1328 1980 ἄρ’
1362 1927 1520 1969 οὐδενὸς

197 1994 306 2045 ἀξίου
325 1997 518 2041 πολλάκις
541 1999 841 2051 ὀλιγωροῦντας,
862 1997 1042 2050 βασιλέα
1065 1996 1099 2037 δ’
1121 1996 1172 2039 ὡς
1192 1994 1356 2048 ἰσχυρὸν
1376 1993 1520 2047 ἐχθρὸν

197 2063 254 2106 οἶς
283 2063 331 2105 ἂν
356 2064 569 2117 προέληται
599 2065 887 2119 φοβουμένους.
959 2067 992 2107 εἰ
1021 2067 1064 2107 δὲ
1093 2063 1160 2105 τὸν
1190 2065 1263 2113 μὲν
1289 2061 1340 2104 ὡς
1365 2064 1520 2113 φαῦλον

239 2183 258 2203 2
283 2176 299 2206 ὁ
316 2175 413 2214 δῆμος
431 2174 454 2205 S
466 2173 498 2205 A
512 2185 519 2205 :
543 2175 563 2213 ἡ
579 2174 672 2208 πόλις
689 2175 775 2215 vulg.
878 2173 1164 2213 συνεβουλήθησάν
1183 2171 1317 2203 Dobree
1334 2182 1340 2201 ε
1365 2173 1518 2206 συνεβου-

196 2216 358 2255 λεύθησάν
375 2217 399 2249 S
416 2217 504 2257 vulg.
597 2219 694 2251 αὐτὸν
711 2219 734 2250 S
748 2218 780 2249 A
795 2230 802 2250 τ
827 2219 926 2257 αὐτὴν
943 2219 1031 2258 vulg.
1167 2226 1186 2256 5
1212 2217 1411 2255 ἀτυχοῦντας
1429 2213 1453 2244 S
1464 2212 1496 2243 A
1512 2225 1517 2243 :

195 2260 422 2301 ἆτυχῆσαντας
439 2261 528 2301 vulg·
621 2271 638 2300 7
663 2263 822 2303 ἄρχοντας
839 2263 863 2294 S
876 2262 966 2302 vulg.
980 2273 986 2294 :
1013 2263 1204 2302 κρατοῦντας
1221 2258 1252 2289 Α
1344 2268 1379 2288 11
1406 2257 1517 2289 δύντος

197 2303 242 2333 S:
274 2304 422 2337 δύνοντος
445 2305 533 2344 vulg.
668 2308 784 2346 κρινεῖν
807 2306 915 2337 Cobet
1094 2305 1133 2335 16
1164 2304 1222 2335 ὑπὸ
1246 2301 1325 2334 secl.
1354 2300 1519 2332 Benseler

200 2347 238 2376 18
269 2349 340 2379 οὔτε
365 2352 429 2380 τῶν
452 2348 542 2388 vulg.
561 2353 594 2379 et
619 2348 725 2380 Bekk.
744 2348 899 2381 Anecd.:
931 2350 990 2381 ὑπὸ
1015 2352 1078 2380 τῶν
1103 2348 1148 2379 S:
1182 2346 1246 2379 οὔθ’
1273 2347 1330 2377 ὑπὸ
1354 2348 1419 2376 τῶν
1443 2343 1516 2373 ΑΥ

197 2394 273 2428 post
296 2391 418 2423 δούλων
440 2392 516 2423 add.
541 2395 606 2424 τῶν
628 2391 723 2423 AY:
752 2395 810 2425 τοῦ
835 2393 859 2424 S
884 2392 974 2431 vulg.
1093 2389 1161 2423 οὔτ’
1185 2390 1210 2421 S
1233 2389 1322 2429 vulg.
1351 2393 1385 2420 et
1411 2387 1515 2418 Bekk.

196 2431 325 2465 Anecd.
344 2444 350 2464 :
374 2434 438 2467 οὔθ’
456 2435 504 2466 ὑπ’
520 2433 593 2466 AY
725 2444 766 2466 22
791 2435 866 2468 ἀλλ’
884 2435 949 2475 ἅμα
964 2434 1058 2466 AY:
1083 2433 1170 2467 ἀλλὰ
1184 2433 1249 2472 μὴν
1267 2433 1290 2464 S
1306 2432 1395 2472 vulg.

1328 2485 1387 2519 12*

1546 158 1659 213 [196]

1545 278 1588 303 22

1545 530 1653 585 [197]

1547 1011 1589 1046 23

1547 1602 1591 1636 24
