1763 2828
100 131 205 186 [182]

97 308 202 364 [183]

159 522 201 558 19

150 1327 190 1353 21

146 1796 189 1821 22

83 2051 190 2107 [184]

662 133 1151 171 ΔΗΜΟΣΘΕΝΟΎΣ
1481 128 1567 183 [xlv

235 240 313 277 τῶν
338 236 503 289 πρώτων
529 235 669 277 ἑκατὸν
696 236 826 283 πέντε,
857 236 919 277 καὶ
949 240 1026 277 τῶν
1058 236 1248 289 δευτέρων
1273 237 1412 278 ἑκατὸν
1437 237 1566 286 πέντε,

236 303 298 343 καὶ
331 307 408 344 τῶν
441 304 582 356 τρίτων
618 303 759 345 ἑκατὸν
794 303 906 345 πένθ’
937 303 1091 358 ἑκάστῳ
1124 302 1234 357 μέρει
1266 304 1457 352 διδόντας,
1485 305 1569 347 εἶτα

236 375 521 424 συγκληρῶσαι
547 372 746 426 συμμορίᾳ
773 370 971 423 σωμάτων
998 370 1147 428 ἑκάστῃ
1172 371 1245 422 τὴν
1269 375 1565 414 πεντεκαιδεκα-

233 437 360 485 ναΐαν,
398 438 469 489 τὴν
507 440 548 479 δὲ
585 439 805 491 συμμορίαν
848 438 1002 493 ἑκάστῳ
1042 442 1095 493 τῷ
1136 438 1248 491 μέρει
1286 442 1404 491 σφῶν
1440 439 1567 481 αὐτῶν

232 509 333 557 τρεῖς
370 505 582 546 ἀποδοῦναι
617 505 798 558 τοιήρεις.
870 507 1029 547 ἐπειδὰν
1061 507 1103 546 δὲ
1137 505 1245 546 ταῦθ’
1280 506 1402 548 οὕτως
1435 506 1568 560 ἔχονθ’
1588 524 1606 557 5

230 572 400 629 ὑπάρχῃ,
430 572 589 619 κελεύω,
618 573 752 623 ἐπειδὴ
789 572 833 613 τὸ
865 572 998 625 τίμημ’
1025 573 1112 613 ἐστὶ
1143 575 1212 623 τῆς
1244 572 1376 627 χώρας
1408 572 1567 624 ἑξακισ-

229 640 373 693 χιλίων
397 639 616 686 ταλάντων,
644 639 694 680 ἵν’
720 641 810 691 ὑμῖν
842 640 902 680 καὶ
928 641 976 680 τὰ
1004 638 1174 693 χρήματ’
1199 638 1224 696 ᾗ
1255 640 1563 693 συντεταγμένα,

228 708 375 748 διελεῖν
409 710 525 746 τοῦτο
565 707 626 746 καὶ
663 709 827 757 ποιῆσαι
870 706 954 747 καθ’
992 705 1186 757 ἑξήκοντα
1222 706 1387 747 τάλανθ’
1425 708 1565 749 ἑκατὸν

227 773 337 825 μέρη,
366 773 450 813 εἶτα
474 772 584 814 πένθ’
611 770 1021 825 ἑξηκονταταλαντίας
1049 774 1102 815 εἷς
1129 772 1302 824 ἑκάστην
1331 777 1409 814 τῶν
1441 774 1562 827 μεγά-

226 844 310 880 λων
345 843 423 881 τῶν
461 841 587 880 εἴκοσι
626 843 854 892 συμμοριῶν
897 841 1185 893 ἐπικληρῶσαι,
1225 840 1297 890 τὴν
1333 843 1375 882 δὲ
1411 858 1562 892 συμμο-
1587 858 1627 881 10

227 907 314 958 ρίαν
339 905 492 961 ἑκάστῳ
517 909 595 946 τῶν
620 910 748 959 μερῶν
773 906 867 957 μίαν
896 906 1309 958 ἑξηκονταταλαντίαν
1334 907 1560 955 ἀποδοῦναι,

227 974 344 1020 ὅπως,
378 973 426 1014 ἂν
459 975 530 1024 μὲν
562 974 652 1024 ὑμῖν
686 972 826 1014 ἑκατὸν
862 973 929 1030 δέῃ
963 973 1145 1027 τριήρων,
1175 973 1247 1024 τὴν
1279 975 1353 1025 μὲν
1385 973 1563 1026 δαπάνην

227 1039 419 1091 ἑξήκοντα
442 1039 619 1082 τάλαντα
639 1046 824 1098 συντελῇ,
846 1039 1077 1094 τριήραρχοι
1104 1041 1136 1081 δ’
1159 1038 1235 1081 ὦσι
1260 1041 1420 1088 δώδεκα,
1447 1040 1495 1082 ἂν
1520 1043 1562 1083 δὲ

227 1109 452 1154 διακοσίων,
487 1107 697 1160 τριάκοντα
729 1110 801 1159 μὲν
834 1107 858 1165 ᾗ
892 1107 1068 1148 τάλαντα
1103 1108 1176 1159 τὴν
1213 1107 1389 1158 δαπάνην
1424 1125 1560 1150 συντε-

225 1178 386 1222 λοῦντα,
423 1174 468 1226 ἓξ
498 1178 539 1217 δὲ
573 1175 738 1226 σώματα
769 1179 1095 1229 τριηραρχοῦντα,
1130 1176 1199 1216 ἐὰν
1235 1177 1277 1216 δὲ
1310 1176 1560 1228 τριακοσίων,
1586 1192 1622 1226 15

227 1244 377 1283 εἴκοσιν
406 1244 478 1294 μὲν
501 1241 526 1299 ᾗ
550 1242 728 1284 τάλαντα
756 1242 828 1294 τὴν
859 1242 1040 1294 δαπάνην
1072 1243 1295 1289 διαλύοντα,
1324 1241 1491 1296 τέτταρα
1520 1245 1561 1284 δὲ

226 1310 392 1361 σώματα
424 1314 745 1364 τριηραρχοῦντα.
817 1310 887 1351 τὸν
921 1310 1041 1352 αὐτὸν
1071 1312 1112 1351 δὲ
1143 1311 1291 1363 τρόπον
1323 1310 1385 1350 καὶ
1414 1311 1463 1350 τὰ
1491 1314 1560 1351 νῦν

225 1377 466 1429 ὀφειλόμεν’,
499 1375 528 1418 ὦ
559 1377 696 1431 ἄνδρες
721 1376 940 1428 Ἀθηναῖοι,
973 1381 1051 1419 τῶν
1083 1382 1235 1419 σκευῶν
1265 1378 1329 1419 ἐπὶ
1359 1378 1429 1419 τὰς
1457 1377 1560 1430 τριή-

223 1461 304 1496 ρεις
327 1443 571 1495 τιμήσαντας
595 1443 735 1485 ἅπαντ’
763 1446 804 1486 ἐκ
834 1449 902 1485 τοῦ
932 1444 1227 1498 διαγράμματος
1256 1448 1385 1496 νεῖμαι
1412 1445 1558 1485 κελεύω

223 1510 319 1564 μέρη
347 1513 510 1558 εἴκοσιν,
538 1511 675 1552 ἔπειτα
697 1515 781 1555 ταῖς
806 1512 1001 1565 μεγάλαις
1032 1513 1303 1565 ἐπικληρῶσαι
1325 1512 1560 1564 συμμορίαις
1582 1529 1621 1551 20

223 1577 339 1631 μέρος
366 1578 407 1619 ἓν
432 1577 621 1633 χρήστων
650 1577 810 1635 ἑκάστῃ,
839 1578 911 1629 τὴν
943 1581 983 1619 δὲ
1019 1580 1242 1631 συμμορίαν
1273 1578 1444 1629 ἑκάστην
1475 1581 1556 1619 δια-

224 1648 353 1697 νεῖμαι
385 1649 463 1686 τῶν
495 1646 614 1697 αὑτῆς
645 1649 774 1698 μερῶν
810 1645 962 1700 ἑκάστῳ
999 1644 1044 1685 τὸ
1080 1647 1183 1692 ἴσον,
1211 1646 1302 1688 τοὺς
1335 1648 1378 1686 δὲ
1411 1645 1559 1686 δώδεκα

223 1711 313 1754 τοὺς
337 1713 380 1753 ἐν
410 1711 564 1768 ἑκάστῳ
594 1716 646 1767 τῷ
677 1712 785 1765 μέρει
819 1711 924 1753 ταῦτ’
957 1711 1246 1765 εἰσπράξαντας
1276 1714 1345 1754 τὰς
1375 1711 1556 1765 τριήρεις,

222 1779 267 1821 ἃς
305 1778 354 1820 ἂν
393 1780 555 1821 ἕκαστοι
592 1778 764 1833 λάχωσι,
809 1779 1186 1833 παρεσκευασμένας
1224 1779 1427 1833 παρέχειν.
1486 1779 1559 1830 τὴν

220 1849 292 1898 μὲν
323 1847 500 1898 δαπάνην
532 1847 594 1887 καὶ
624 1848 672 1887 τὰ
706 1846 843 1900 σκάφη
880 1847 943 1887 καὶ
975 1847 1065 1889 τοὺς
1098 1846 1357 1900 τριηράρχους
1393 1846 1455 1887 καὶ
1487 1846 1558 1897 τὴν
1581 1862 1619 1896 ²5

221 1917 299 1955 τῶν
333 1918 484 1956 σκευῶν
513 1913 724 1966 εἴσπραξιν
757 1915 879 1956 οὕτως
909 1914 958 1955 ἂν
987 1914 1120 1968 ἄρισθ’
1145 1914 1315 1967 ἡγοῦμαι
1349 1914 1412 1955 καὶ
1444 1930 1556 1966 πορι-

223 1983 369 2032 σθῆναι
402 1982 464 2022 καὶ
497 1984 891 2034 παρασκευασθῆναι·
945 1980 1151 2034 πλήρωσιν
1185 1980 1232 2028 δ’,
1266 1980 1290 2032 ἢ
1325 1981 1388 2022 καὶ
1421 1980 1558 2034 σαφὴς

223 2047 338 2090 ἔσται
363 2048 426 2089 καὶ
449 2049 576 2103 ῥᾳδία,
606 2050 704 2100 μετὰ
729 2052 850 2089 ταῦτα
874 2047 995 2102 λέγω.
1067 2049 1170 2101 φημὶ
1194 2048 1283 2091 τοὺς
1313 2047 1558 2100 στρατηγοὺς

224 2119 306 2157 δεῖν
331 2119 525 2168 διανεῖμαι
553 2116 697 2158 τόπους
722 2115 815 2157 δέκα
839 2119 916 2156 τῶν
942 2116 1126 2168 νεωρίων,
1149 2114 1427 2168 σκεψαμένους
1450 2115 1558 2156 ὅπως

226 2182 277 2226 ὡς
302 2183 484 2237 ἐγγύτατ’
506 2182 697 2234 ἀλλήλων
723 2184 820 2224 κατὰ
845 2183 1039 2235 τριάκοντ’
1058 2182 1134 2224 ὦσι
1159 2183 1377 2228 νεώσοικοι,
1400 2183 1557 2223 ἐπειδᾶν
1578 2197 1620 2229 30

226 2252 267 2291 δὲ
303 2254 418 2291 τοῦτο
457 2250 669 2302 ποιήσωσι,
705 2251 772 2291 δύο
807 2252 1024 2304 συμμορίας
1059 2250 1120 2291 καὶ
1152 2249 1360 2303 τριάκοντα
1389 2247 1558 2302 τριήρεις

273 2372 334 2393 1-2
359 2361 515 2403 δευτέρων
533 2385 540 2392 .
559 2386 565 2391 .
586 2386 593 2393 .
613 2361 729 2403 τρίτων
745 2361 862 2393 ἑκατὸν
878 2359 974 2393 πέντε
994 2371 1057 2392 om.
1077 2359 1114 2392 S¹
1267 2369 1288 2399 9
1313 2359 1357 2391 εἷς
1373 2357 1516 2397 ἑκάστην
1532 2358 1557 2389 S

226 2405 316 2444 vulg.
336 2417 342 2436 :
361 2405 482 2447 ἑκάστῃ
496 2405 537 2444 Α,
554 2406 592 2436 cs.
615 2408 680 2443 §21
809 2413 846 2443 15
864 2407 1120 2446 τριηραρχοῦντα
1135 2403 1203 2444 (hic
1221 2407 1254 2433 et
1270 2404 1321 2442 17)
1337 2403 1402 2434 del.
1421 2403 1556 2433 Dobree

227 2459 264 2480 21
294 2448 451 2490 χρήστων
468 2448 491 2479 S
507 2459 512 2479 :
540 2452 692 2490 χρηστῶν
711 2447 776 2478 FA
788 2447 818 2478 Y
832 2448 863 2479 O
879 2459 885 2478 :
909 2449 1057 2490 χρηστὸν
1072 2447 1161 2486 vulg.
