1747 2844
201 145 287 199 x1x]
427 149 570 186 ΠΕΡΙ
619 149 741 186 ΤΗΣ
789 147 1309 185 ΠΑΡΑΠΡΕΣΒΕΙΑΣ
1558 146 1673 200 [363]

200 252 262 293 καὶ
299 251 412 304 γένος
450 252 512 293 καὶ
549 252 687 299 οἰκίαν,
720 255 857 291 τοῦτον
892 249 1049 302 ἀφείητ’
1083 249 1209 296 αὐτοί,·
1247 252 1446 299 μηδαμῶς·
1484 248 1525 290 ὃς

198 321 273 371 γὰρ
299 319 347 360 ἂν
372 321 469 370 ὑμᾶς
494 318 610 376 λάθῃ,
630 322 768 359 τοῦτον
793 319 933 370 ἀφίετε
957 320 1038 359 τοῖς
1064 318 1168 358 θεοῖς
1193 315 1386 365 κολάζειν·
1425 316 1468 356 ὃν
1493 316 1525 355 δ’

198 386 247 427 ἂν
272 387 381 428 αὐτοὶ
405 386 572 437 λάβητε,
598 385 732 437 μηκέτ’
759 385 923 426 ἐκείνοις
947 384 1035 435 περὶ
1059 383 1198 423 τούτου
1223 381 1501 434 προστάττετε.

267 455 338 495 Εἰς
361 454 493 494 τοίνυν
512 452 613 493 τοῦτ’
633 452 831 493 ἀναιδείας
856 451 918 491 καὶ
942 451 1091 501 τόλμης
1116 449 1234 490 αὐτὸν
1253 448 1364 500 ἥξειν
1383 449 1523 495 ἀκούω,
1557 466 1600 500 72

159 536 176 567 5
198 520 303 560 ὥστε
336 519 492 560 πάντων
521 523 600 560 τῶν
628 517 914 571 πεπραγμένων
946 516 1152 562 ἐκστάντα,
1184 518 1238 557 ὧν
1269 515 1523 568 ἀπήγγειλεν,

196 588 252 627 ὧν
283 585 495 640 ὑπέσχετο,
526 587 581 627 ὧν
609 584 848 638 πεφενάκικε
880 584 952 636 τὴν
985 585 1115 630 πόλιν,
1148 584 1281 635 ὥσπερ
1312 584 1355 624 ἐν
1387 582 1526 625 ἄλλοις

198 654 280 694 τισὶ
306 653 534 705 κρινόμενον
560 653 622 693 καὶ
647 653 715 693 οὐκ
745 653 786 692 ἐν
810 653 900 702 ὑμῖν
924 655 1007 693 τοῖς
1037 650 1177 691 ἅπαντ’
1205 651 1343 696 εἰδόσι,
1371 654 1525 702 πρῶτον

196 722 268 770 μὲν
301 721 636 770 Λακεδαιμονίων,
673 718 756 760 εἶτα
789 718 974 764 Φωκέων,
1009 717 1080 759 εἶθ’
1112 717 1373 770 Ἡγησίππου
1407 734 1522 767 κατη-
1557 720 1675 775 [364]

196 786 396 838 γορήσειν.
472 787 560 827 ἔστι
596 788 638 827 δὲ
673 790 795 826 ταῦτα
827 785 969 838 γέλως,
1003 788 1160 836 μᾶλλον
1197 784 1228 825 δ’
1262 784 1526 837 ἀναισχυντία

137 873 176 895 10
196 852 315 903 δεινή.
387 853 465 893 ὅσα
496 855 572 905 γὰρ
601 856 669 894 νῦν
698 854 781 905 ἐρεῖ
808 852 895 905 περὶ
926 856 1003 892 τῶν
1034 851 1205 892 Φωκέων
1236 848 1259 901 ἢ
1290 852 1364 891 τῶν
1398 854 1522 891 Λακε-
1555 868 1599 904 73

195 921 407 971 δαιμονίων
430 916 454 970 ἢ
480 924 548 960 τοῦ
565 919 839 972 Ἡγησίππου,
868 919 918 962 ὡς
943 918 1148 971 Πρόξενον
1173 918 1247 971 οὐχ
1271 917 1524 968 ὑπεδέξαντο,

197 987 248 1029 ὡς
285 988 451 1038 ἀσεβεῖς
491 987 606 1033 εἰσίν,
646 987 779 1029 ὡς-ὅ
816 1004 854 1027 τι
891 986 939 1026 ἂν
977 985 1112 1036 δήποτ’
1149 985 1276 1025 αὐτῶν
1314 985 1524 1040 κατηγορῇ,

197 1053 324 1094 πάντα
361 1053 485 1104 δήπου
517 1057 637 1094 ταῦτα
669 1053 744 1106 πρὸ
777 1057 845 1094 τοῦ
880 1053 969 1095 τοὺς
1001 1052 1194 1104 πρέσβεις
1230 1052 1389 1094 τούτους
1425 1050 1525 1103 δεῦρ’

195 1121 305 1171 ἥκειν
344 1120 579 1173 ἐπέπρακτο,
622 1121 682 1161 καὶ
724 1121 792 1161 οὐκ
834 1119 880 1170 ἦν
923 1120 1103 1171 ἐμποδὼν
1141 1123 1194 1174 τῷ
1233 1119 1322 1161 τοὺς
1362 1118 1524 1159 Φωκέας

140 1206 175 1237 ¹5
197 1186 410 1242 σῴζεσθαι,
439 1188 490 1230 ὡς
519 1189 577 1229 τίς
603 1193 748 1240 φησιν,·
788 1188 984 1240 Αἰσχίνης
1015 1186 1129 1229 αὐτὸς
1159 1187 1307 1226 οὑτοσί.
1382 1185 1426 1225 οὐ
1450 1186 1525 1237 γὰρ
1556 1206 1600 1241 74

196 1254 247 1296 ὡς
277 1255 310 1295 εἰ
339 1254 391 1305 μὴ
421 1256 484 1294 διὰ
513 1255 856 1305 Λακεδαιμονίους,
888 1253 966 1294 οὐδ’
993 1254 1044 1296 ὡς
1073 1255 1108 1294 εἰ
1136 1253 1188 1304 μὴ
1220 1251 1424 1305 Πρόξενον
1452 1252 1525 1305 οὐχ

195 1320 447 1371 ὑπεδέξαντο,
475 1321 554 1362 οὐδ’
580 1321 631 1363 ὡς
657 1323 690 1362 εἰ
713 1321 765 1372 μὴ
791 1321 838 1361 δι’
857 1319 1129 1373 (Ηγήσιππον,
1152 1319 1231 1360 οὐδ’
1253 1320 1303 1361 ὡς
1329 1321 1362 1360 εἰ
1385 1319 1437 1371 μὴ
1463 1320 1526 1359 διὰ

195 1387 239 1427 τὸ
266 1389 328 1428 καὶ
347 1387 391 1427 τὸ
412 1388 625 1438 ἐσώθησαν
644 1387 693 1428 ἂν
712 1390 748 1428 οἱ
768 1391 932 1434 Φωκεῖς,
955 1388 1028 1440 οὐχ
1048 1388 1146 1427 οὕτω
1167 1386 1245 1426 τότ’
1267 1385 1523 1438 ἀπήγγειλεν,

196 1455 302 1494 ἀλλὰ
335 1454 463 1495 πάντα
495 1454 602 1495 ταῦθ’
632 1456 810 1506 ὑπερβὰς
839 1453 1048 1506 διαρρήδην
1079 1454 1189 1504 ἥκειν
1221 1453 1415 1494 πεπεικὼς
1449 1452 1524 1505 ἔφη

136 1538 176 1560 20
195 1521 401 1562 Φίλιππον
431 1521 594 1564 Φωκέας
630 1519 780 1576 σῴζειν,
815 1521 887 1571 τὴν
922 1521 1115 1561 Βοιωτίαν
1147 1520 1318 1569 οἰκίζειν,
1352 1521 1443 1570 ὑμῖν
1477 1521 1526 1559 τὰ

194 1587 391 1639 πράγματ’
420 1589 545 1629 οἰκεῖα
577 1591 718 1629 ποιεῖν·
756 1591 877 1628 ταῦτα
910 1586 1183 1639 πεπράξεσθαι
1216 1590 1323 1627 δυοῖν
1354 1583 1378 1637 ἢ
1409 1590 1525 1639 τριῶν

193 1654 362 1706 ἡμερῶν·
399 1657 463 1695 διὰ
481 1658 602 1695 ταῦτα
627 1653 795 1708 χρήμαθ’
816 1657 938 1709 ἑαυτῷ
959 1654 1047 1696 τοὺς
1068 1654 1277 1705 Θηβαίους
1295 1655 1522 1705 ἐπικεκηρυ-

194 1721 320 1773 χέναι.
391 1722 442 1773 μὴ
469 1722 600 1763 τοίνυν
624 1722 649 1762 ἃ
673 1721 747 1773 πρὸ
772 1725 840 1762 τοῦ
868 1725 1007 1762 τοῦτον
1037 1721 1279 1773 ἀπαγγεῖλαι
1302 1720 1408 1761 ταῦτ’
1435 1720 1522 1761 ἐπέ-
1555 1736 1597 1772 75

195 1787 332 1839 πρακτ’
353 1785 376 1838 ἢ
397 1790 720 1840 Λακεδαιμονίοις
744 1785 767 1839 ἢ
789 1792 996 1829 Φωκεῦσιν
1021 1788 1182 1829 ἀκούετε
1207 1787 1295 1839 μηδ’
1315 1787 1523 1841 ἀνέχεσθε,

136 1870 173 1902 25
194 1856 293 1905 μηδὲ
319 1859 548 1907 κατηγορεῖν
575 1857 663 1896 ἐᾶτε
684 1855 856 1896 Φωκέων
882 1855 933 1897 ὡς
957 1856 1134 1907 πονηροί.
1195 1854 1282 1895 οὐδὲ
1302 1856 1376 1907 γὰρ
1396 1857 1522 1895 Λακε-

195 1923 419 1972 δαιμονίους
451 1923 515 1962 διὰ
543 1922 614 1972 τὴν
644 1922 784 1974 ἀρετὴν
815 1921 942 1963 αὐτῶν
970 1921 1056 1963 ποτ’
1086 1922 1282 1968 ἐσώσατε,
1315 1922 1403 1962 οὐδὲ
1436 1921 1524 1962 τοὺς

196 1988 434 2040 καταράτους
457 1988 640 2039 Εὐβοέας
657 1989 854 2036 τουτουσί,
876 1988 954 2030 οὐδ’
974 1988 1122 2031 ἄλλους
1141 1988 1329 2034 πολλούς,
1353 1987 1445 2028 ἀλλ’
1464 1988 1525 2028 ὅτι

195 2054 403 2107 συμφέρον
422 2055 469 2106 ἦν
489 2060 569 2097 σῶς
588 2056 688 2096 εἶναι
706 2062 754 2113 τῇ
772 2056 899 2102 πόλει,
922 2057 1056 2108 ὥσπερ
1073 2055 1235 2097 Φωκέας
1255 2056 1351 2096 νυνί.
1406 2054 1469 2094 καὶ
1487 2055 1528 2095 τί

194 2127 272 2162 τῶν
302 2122 474 2164 Φωκέων
506 2120 529 2173 ἢ
558 2127 634 2164 τῶν
663 2124 983 2175 Λακεδαιμονίων
1011 2120 1035 2173 ἢ
1066 2124 1174 2174 ὑμῶν
1205 2119 1228 2172 ἢ
1261 2122 1387 2162 ἄλλου
1419 2120 1523 2164 τινὸς

244 2244 253 2263 ι
283 2234 415 2273 ἀφείητε
436 2233 589 2266 Bekker:
627 2235 741 2274 ἀφιητε
762 2235 785 2265 S
798 2234 824 2264 L
840 2245 846 2264 ε
880 2235 992 2275 ἀφίετε
1009 2233 1099 2273 vulg.
1291 2242 1324 2262 11
1352 2233 1371 2270 ἢ
1388 2236 1466 2263 ante
1484 2234 1524 2265 ὡς

196 2278 351 2318 Πρόξενον
367 2278 442 2308 add.
462 2278 550 2317 vulg.
570 2289 576 2308 ε
600 2288 666 2308 om.
686 2278 710 2308 S
724 2278 750 2308 L
899 2288 936 2308 12
961 2279 980 2316 ἢ
997 2283 1075 2308 ante
1093 2280 1131 2309 ὡς
1150 2277 1280 2313 ἀσεβεῖς
1298 2280 1331 2306 et
1348 2277 1388 2308 ὡς
1406 2276 1422 2307 ὅ
1439 2290 1469 2307 τι
1487 2277 1525 2308 ἂν

194 2321 270 2351 add.
291 2321 317 2350 L
333 2320 421 2360 vulg.
441 2333 447 2351 ε
472 2332 537 2352 om.
559 2321 583 2351 S
741 2331 779 2361 19
802 2323 957 2354 πεπεικὼς
974 2325 1053 2352 ante
1072 2322 1132 2361 ἔφη
1152 2320 1175 2350 S
1188 2320 1214 2350 L
1230 2330 1236 2349 :
1262 2324 1338 2359 post
1355 2319 1416 2360 ἔφη
1433 2318 1522 2359 vulg.

196 2374 235 2393 22
262 2366 312 2396 καὶ
329 2370 407 2395 ante
425 2366 476 2397 διὰ
492 2366 567 2396 add.
590 2364 678 2395 LA:
703 2375 767 2395 om.
790 2365 813 2395 S
831 2365 919 2404 vulg.
1072 2373 1112 2402 25
1137 2362 1209 2395 οὐδὲ
1227 2363 1315 2403 vulg.
1332 2374 1338 2395 z
1364 2365 1399 2395 οὐ
1418 2362 1453 2394 S¹
1470 2363 1522 2404 (in

196 2407 263 2437 fine
279 2414 410 2446 versus)
433 2408 458 2438 L
470 2408 500 2438 Y
644 2409 685 2439 26
710 2407 780 2441 ποτ’
799 2410 903 2441 αὐτῶν
919 2409 950 2439 Α

1333 2454 1393 2486 23*
