1747 2844
196 139 316 193 xvm]
508 144 651 182 ΠΕΡΙ
700 144 821 182 ΤΟΎ·
868 144 1203 182 ΣΤΕΦΑΝΟΎ

194 248 343 288 ἀδικίας
373 247 436 287 καὶ
466 249 764 299 μισανθρωπίας
795 246 943 298 μεστὸς
978 247 1084 288 ὥστε
1115 245 1184 287 τὸν
1217 247 1335 287 δόντα
1368 262 1405 287 τι
1437 252 1513 288 τῶν

195 314 302 354 ἰδίων
336 315 397 354 καὶ
431 313 655 364 ποιήσαντα
685 316 845 366 πρᾶγμα
879 311 1163 366 φιλάνθρωπον
1199 313 1260 353 καὶ
1290 313 1514 365 φιλόδωρον

193 381 262 429 τῆς
286 379 446 433 χάριτος
473 382 546 431 μὲν
570 381 817 431 ἀποστερεῖν,
847 381 901 421 εἷς
930 378 1021 420 τοὺς
1053 378 1308 431 συκοφάντας
1332 379 1365 419 δ’
1389 379 1512 432 ἄγειν,

196 446 257 486 καὶ
281 446 439 487 τούτους
462 446 525 486 ἐπὶ
549 448 618 488 τὰς
643 445 803 487 εὐθύνας
824 446 878 486 ῶν
898 445 1042 486 ἔδωκεν
1068 445 1300 498 ἐφιστάναι,
1339 445 1426 487 οὐδὲ
1447 447 1513 488 εἷς.

156 527 173 559 5
195 514 229 553 εἰ
253 511 295 552 δέ
321 518 446 565 φησιν
474 513 599 558 οὗτος,
625 510 803 562 δειξάτω,
834 512 939 564 κάγὼ
972 510 1122 564 στέρξω
1153 512 1216 552 καὶ
1247 511 1514 563 σιωπήσομαι.

195 578 287 618 ἀλλ’
312 578 379 618 οὐκ
411 579 534 624 ἔστιν,
562 578 698 630 ἄνδρες
725 577 940 628 Ἀθηναῖοι,
970 577 1061 618 ἀλλ’
1095 578 1206 620 οὗτος
1240 583 1513 631 συκοφαντῶν,

194 646 255 685 ὅτι
287 645 350 685 ἐπὶ
382 647 434 698 τῷ
468 647 639 698 θεωρικῷ
673 643 752 684 τότ’
786 643 840 685 ὢν
876 643 1054 685 ἐπέδωκα
1085 646 1132 684 τὰ
1167 644 1359 698 χρήματα,
1397 646 1512 702 ’ἐπῄ-

193 727 311 751 νεσεν
347 710 490 750 αὐτόν’
527 711 654 763 φησίν
692 711 938 752 (ὑπεύθυνον
975 711 1095 751 ὅντα.’
1165 712 1210 752 οὐ
1244 712 1331 763 περὶ
1366 712 1515 753 τούτων

192 777 230 829 γ’
255 776 412 819 οὐδενὸς
436 777 490 817 ῶν
514 777 729 820 ὑπεύθυνος
754 777 813 827 ἣν,
842 777 934 818 ἀλλ’
957 777 1022 831 ἐφ’
1042 779 1099 820 οἷς
1125 777 1314 824 ἐπέδωκα,
1341 775 1370 817 ὦ
1396 795 1512 819 συκο-

133 863 171 884 10
192 842 335 895 φάντα.
408 844 541 884 (ἀλλὰ
574 845 636 884 καὶ
670 843 893 897 τειχοποιὸς
928 843 1059 895 ἧσθα.’
1130 845 1192 884 καὶ
1225 844 1288 885 διά
1319 862 1365 897 γε
1400 849 1512 886 τοῦτο

190 910 314 962 ὀρθῶς
340 910 576 966 ἐπῃνούμην,
599 911 659 951 ὅτι
679 910 924 962 τάνηλωμέν’
945 911 1070 951 ἔδωκα
1090 911 1152 951 καὶ
1171 911 1238 952 οὐκ
1264 912 1511 964 ἐλογιζόμην.

191 977 211 1015 ὁ
244 979 315 1027 μὲν
348 978 423 1030 γὰρ
455 977 650 1030 λογισμὸς
686 977 855 1018 εὐθυνῶν
889 977 951 1018 καὶ
981 981 1058 1018 τῶν
1092 976 1362 1028 ἐξετασόντων
1386 995 1511 1031 προσ-

191 1046 325 1093 δεῖται,
352 1043 375 1094 ἡ
406 1045 448 1084 δὲ
479 1045 619 1097 δωρειὰ
651 1043 814 1098 χάριτος
847 1045 910 1085 καὶ
945 1045 1106 1085 ἐπαίνου
1138 1045 1266 1085 δικαία
1298 1045 1386 1085 ἐστὶ
1419 1061 1509 1098 τυγ-

189 1109 340 1162 χάνειν·
379 1111 513 1163 διόπερ
542 1110 647 1151 ταῦτ’
673 1111 850 1164 ἔγραψεν
881 1112 940 1152 ὁδὶ
971 1112 1058 1164 περὶ
1092 1112 1197 1162 ἐμοῦ.
1268 1112 1327 1152 ὅτι
1353 1111 1386 1152 δ’
1411 1112 1510 1152 οὕτω

132 1195 168 1227 15
189 1176 295 1216 ταῦτ’
321 1176 365 1216 οὐ
394 1177 516 1228 μόνον
541 1179 583 1218 ἐν
612 1181 693 1220 τοῖς
723 1178 870 1229 νόμοις,
898 1178 1005 1218 ἀλλὰ
1037 1178 1098 1218 καὶ
1128 1179 1169 1218 ἐν
1202 1181 1284 1221 τοῖς
1311 1178 1511 1231 ὑμετέροις

189 1242 330 1293 ἤθεσιν
365 1244 540 1296 ὥρισται,
579 1245 656 1297 ἐγὼ
691 1245 831 1298 ῥᾳδίως
866 1245 1123 1297 πολλαχόθεν
1157 1243 1284 1295 δείξω.
1356 1249 1511 1297 πρῶτον

188 1311 260 1359 μὲν
301 1312 374 1362 γὰρ
415 1313 648 1362 Ναυσικλῆς
689 1315 923 1363 στρατηγῶν
962 1311 1027 1364 ἐφ’
1068 1312 1125 1353 οἷς
1164 1311 1242 1352 ἀπὸ
1283 1315 1361 1352 τῶν
1404 1313 1511 1352 ἰδίων

188 1380 347 1428 προεῖτο
391 1377 586 1419 πολλάκις
631 1377 906 1429 ἐστεφάνωται
947 1377 1015 1429 ὑφ’
1055 1379 1174 1428 ὑμῶν·
1228 1377 1298 1417 εἶθ’
1336 1378 1401 1418 ὅτε
1443 1380 1512 1420 τὰς

188 1443 358 1484 ἀσπίδας
399 1443 588 1494 Διότιμος
632 1443 751 1484 ἔδωκε
795 1444 856 1484 καὶ
898 1443 1019 1484 πάλιν
1059 1445 1296 1495 Χαρίδημος,
1335 1446 1509 1497 ἐστεφα-

128 1526 168 1548 20
187 1512 337 1548 νοῦντο·
389 1509 459 1551 εἶθ’
492 1511 629 1551 οὑτοσὶ
668 1510 951 1562 Νεοπτόλεμος
986 1514 1150 1550 πολλῶν
1186 1510 1311 1563 ἔργων
1347 1510 1509 1551 ἐπιστά-

185 1592 254 1625 της
292 1575 358 1621 ὤν,
401 1575 464 1628 ἐφ’
504 1577 562 1619 οἶς
606 1576 776 1617 ἐπέδωκε
824 1577 1037 1628 τετίμηται.
1113 1576 1304 1630 σχέτλιον
1345 1579 1422 1630 γὰρ
1463 1577 1511 1618 ἂν

186 1643 244 1692 εἵη
270 1643 386 1682 τοῦτό
417 1659 475 1695 γε,
503 1644 537 1684 εἰ
561 1646 614 1698 τῷ
644 1643 716 1684 τιν’
744 1642 872 1697 ἀρχὴν
902 1643 1064 1697 ἄρχοντι
1089 1640 1112 1693 ἢ
1140 1644 1288 1684 διδόναι
1320 1644 1366 1700 τῇ
1396 1645 1511 1685 πόλει

185 1709 232 1747 τὰ
258 1711 394 1750 ἑαυτοῦ
422 1711 485 1749 διὰ
510 1709 581 1760 τὴν
605 1709 731 1763 ἀρχὴν
765 1710 818 1761 μὴ
846 1708 1018 1760 ἐξέσται,
1045 1707 1068 1760 ἢ
1095 1714 1173 1751 τῶν
1198 1710 1391 1752 δοθέντων
1423 1711 1509 1752 ἀντὶ

184 1777 252 1814 τοῦ
277 1777 520 1826 κομίσασθαι
556 1775 673 1829 χάριν
709 1776 872 1818 εὐθύνας
896 1775 1047 1829 ὑφέξει.
1113 1775 1210 1817 ’Ότι
1242 1778 1373 1818 τοίνυν
1404 1777 1509 1817 ταῦτ’

125 1854 162 1885 25
184 1841 311 1892 ἀληθῆ
335 1841 456 1894 λέγω,
483 1842 580 1895 λέγε
599 1844 647 1883 τὰ
666 1842 915 1895 ψηφίσματά
940 1860 1006 1894 μοι
1031 1844 1079 1884 τὰ
1104 1844 1256 1886 τούτοις
1280 1843 1510 1897 γεγενημέν’

182 1907 279 1948 αὐτὰ
303 1908 457 1959 λαβών.
530 1908 637 1961 λέγε.

224 2026 244 2055 3
268 2017 342 2050 τοὺς
365 2018 567 2058 συκοφάντας
589 2017 624 2050 δὲ
641 2018 734 2050 AY:
767 2018 802 2051 δὲ
825 2020 898 2051 τοὺς
923 2019 1128 2060 συκοφάντας
1150 2019 1175 2049 L
1189 2019 1214 2049 F
1230 2018 1319 2058 vulg.
1341 2030 1348 2050 :
1379 2018 1413 2051 δὲ
1436 2019 1510 2052 τοὺς

183 2060 385 2101 συκοφάντας
403 2062 429 2093 δ’
449 2061 472 2091 S
584 2072 603 2100 4
628 2061 728 2100 δήπου
744 2067 821 2101 post
839 2062 882 2095 εἷς
899 2063 974 2094 add.
997 2063 1022 2093 L
1040 2063 1149 2102 vulg.:
1175 2073 1239 2094 om.
1262 2062 1327 2092 SA
1446 2064 1466 2092 8
1490 2063 1509 2101 ἡ

181 2104 287 2142 βουλὴ
305 2109 385 2135 ante
402 2104 573 2137 ὑπεύθυνον
589 2105 666 2136 add.
687 2105 712 2135 L
729 2105 818 2144 vulg.
834 2116 841 2137 z
868 2116 933 2136 om.
954 2106 989 2137 S¹
1172 2115 1211 2136 10
1235 2107 1313 2147 φησὶ
1335 2110 1410 2144 post
1427 2104 1510 2143 ἦσθα

180 2147 254 2178 add.
285 2147 310 2176 L
338 2147 445 2186 vulg.:
483 2158 545 2180 om.
576 2147 641 2186 SQ
774 2148 824 2181 διά
850 2162 890 2190 γε
920 2148 1084 2188 SLFQ:
1120 2148 1161 2181 δι’
1186 2149 1265 2181 αὐτό
1290 2161 1329 2189 γε
1357 2148 1388 2178 Α
1415 2148 1505 2187 vulg.

184 2199 219 2219 11
259 2190 360 2222 ἔδωκα
393 2190 558 2229 SLAQ:
599 2190 742 2223 ἐπέδωκα
773 2192 862 2230 vulg.
1046 2201 1083 2230 13
1121 2192 1301 2233 τυγχάνειν
1333 2192 1405 2223 ἐστί
1434 2192 1507 2222 ΑΥ

185 2234 222 2262 16
248 2234 359 2270 ἤθεσιν
384 2234 478 2264 codd.
496 2245 503 2265 :
537 2234 642 2265 ἔθεσιν
667 2234 824 2273 Sopater,
846 2235 911 2266 Rh.
929 2235 987 2267 Gr.
1005 2236 1037 2265 iv
1053 2245 1126 2274 513,
1148 2245 1218 2274 729,
1239 2238 1315 2275 &c.,
1335 2236 1378 2265 cs.
1398 2239 1412 2272 ξ
1431 2244 1504 2274 275,

180 2276 312 2349 xviiC4b
418 2287 461 2307 20
484 2278 594 2309 οὑτοσὶ
613 2277 636 2308 S
655 2287 741 2309 corr.
762 2277 848 2309 LA:
874 2277 966 2311 οὗτος
985 2278 1021 2308 S¹
1035 2278 1060 2308 F
1077 2278 1164 2316 vulg.
1300 2288 1341 2308 22
1365 2282 1410 2319 τῷ
1427 2278 1502 2318 τιν’]

179 2331 224 2357 τῳ
271 2330 290 2348 0
315 2325 347 2349 et

1547 146 1663 200 [264]

1548 597 1611 632 113

1544 1126 1609 1160 114
