1763 2828
98 84 204 141 [441]

78 597 194 653 [442]

129 881 194 918 314

112 1683 178 1721 315

661 99 1146 144 ΔΗΜΟΣΘΕΝΟΎΣ
1476 108 1564 162 [xlx

232 195 367 243 μηδεὶς
405 195 453 236 ἂν
491 199 641 241 τούτων
678 206 756 243 τῶν
797 206 1001 258 ἐγκωμίων
1041 210 1102 250 καὶ
1140 215 1219 252 τῶν
1257 215 1429 257 ἐπαίνων
1465 218 1563 259 ἆπο-

233 260 454 313 στερήσειε,
488 266 637 308 τούτων
666 271 862 324 Αἰσχίνης
894 275 992 324 ὑμᾶς
1026 276 1094 316 οὐκ
1128 279 1173 333 ἐᾷ
1203 284 1440 331 μεμνῆσθαι,
1474 285 1565 328 τοὺς

231 327 280 377 ἐξ
312 329 483 377 ἐκείνων,
523 333 571 373 ἵν’
607 335 721 378 αὐτὸς
760 339 944 391 ἀργύριον
982 342 1112 399 λάβῃ;
1167 346 1230 385 καὶ
1265 347 1343 398 μὴν
1379 353 1457 391 τῶν
1490 354 1564 403 μὲν

230 393 368 436 ἄλλων
400 398 560 449 ἀγαθῶν
592 401 636 441 οὐ
670 403 833 453 μέτεστι
868 412 948 449 τοῖς
983 413 1209 458 τεθνεῶσιν,
1245 415 1280 454 οἱ
1313 414 1346 454 δ’
1380 418 1445 458 ἐπὶ
1479 422 1563 461 τοῖς

231 465 361 504 καλῶς
392 468 631 519 πραχθεῖσιν
666 470 819 512 ἔπαινοι
853 478 930 514 τῶν
961 478 1061 516 οὕτω
1096 483 1431 531 τετελευτηκότων
1463 486 1561 526 ’ίὸιον

230 529 340 579 κτῆμ’
367 532 482 572 εἰσίν·
520 534 610 576 οὐδὲ
639 538 712 588 γὰρ
742 539 762 576 ὁ
793 541 941 591 φθόνος
976 543 1107 586 αὐτοῖς
1138 546 1195 586 ἔτι
1225 550 1421 597 τηνικαῦτ’
1445 552 1558 593 ἐναν-

227 599 388 638 τιοῦται.
460 600 514 639 ὧν
561 602 793 656 ἀποστερῶν
841 609 1010 651 ἐκείνους
1060 612 1184 659 οὗτος,
1236 615 1350 657 αὐτὸς
1395 615 1445 658 ἂν
1491 621 1560 670 τῆς

227 663 421 714 ἐπιτιμίας
464 668 621 710 δικαίως
661 673 731 710 νῦν
773 678 994 726 στερηθείη,
1043 680 1104 718 καὶ
1151 681 1295 731 ταύτην
1343 684 1439 735 ὑπὲρ
1481 690 1559 727 τῶν

226 731 431 781 προγόνων
456 734 564 784 ὑμεῖς
588 736 697 786 δίκην
722 738 891 789 λάβοιτε
912 743 1002 795 παρ’
1022 745 1151 785 αὐτοῦ.
1212 750 1400 793 τοιούτοις
1422 751 1559 802 μέντοι

224 797 373 849 λόγοις,
401 797 430 839 ὦ
457 801 551 851 κακὴ
579 803 749 855 κεφαλή,
772 807 823 847 σὺ
848 810 895 847 τὰ
921 813 999 850 τῶν
1021 813 1228 864 προγόνων
1254 816 1349 868 ἔργα
1375 818 1557 869 συλήσας

226 864 289 904 καὶ
314 865 512 917 διασύρας,
534 872 586 923 τῷ
611 871 719 925 λόγῳ
746 872 875 914 πάντα
895 877 942 915 τὰ
964 877 1160 930 πράγματ’
1181 881 1407 926 ἀπώλεσας.
1472 887 1556 927 εἶτα

224 936 410 984 γεωργεῖς
444 935 485 974 ἐκ
518 936 667 977 τούτων
702 940 765 980 καὶ
799 943 944 992 σεμνὸς
978 944 1158 997 γέγονας.
1232 950 1293 990 καὶ
1323 953 1398 1004 γὰρ
1427 957 1554 995 τοῦτο.

224 998 297 1049 πρὸ
334 1002 406 1049 μὲν
444 1005 512 1041 τοῦ
550 1002 678 1045 πάντα
720 1006 803 1046 κάκ’
843 1010 1053 1062 εἰργάσθαι
1091 1014 1161 1064 τὴν
1199 1017 1319 1057 πόλιν
1357 1018 1554 1073 ὡμολόγει

221 1069 606 1118 γεγραμματευκέναι
634 1073 696 1113 καὶ
725 1073 843 1127 χάριν
868 1077 958 1128 ὑμῖν
984 1079 1092 1132 ἔχειν
1117 1086 1185 1123 τοῦ
1210 1090 1551 1138 χειροτονηθῆναι,

222 1133 284 1173 καὶ
321 1133 480 1186 μέτριον
517 1142 707 1192 παρεῖχεν
745 1143 896 1183 ἑαυτόν·
950 1147 1082 1198 ἐπειδὴ
1121 1152 1162 1190 δὲ
1200 1152 1308 1204 μυρί’
1347 1155 1552 1207 εἴργασται

221 1200 330 1246 κακά,
349 1203 418 1243 τὰς
438 1204 560 1255 ὀφρῦς
579 1206 791 1255 ἀνέσπακε,
811 1210 882 1251 κᾶν
902 1214 910 1228 ‘
924 1213 944 1251 ὁ
959 1219 1312 1268 γεγραμματευκὼς
1332 1222 1528 1275 Αἰσχίνης
1541 1223 1550 1237 ’

219 1268 308 1324 εἴπῃ
334 1285 404 1314 τις,
432 1271 573 1323 ἐχθρὸς
600 1274 742 1317 εὐθέως
769 1278 830 1317 καὶ
857 1284 980 1323 κακῶς
1003 1288 1129 1334 φησιν
1156 1286 1376 1336 ἀκηκοέναι,
1400 1290 1461 1330 καὶ
1487 1292 1551 1330 διὰ

218 1336 286 1384 τῆς
316 1336 461 1388 ἀγορᾶς
495 1340 702 1391 πορεύεται
736 1344 939 1395 θοίμάτιον
971 1351 1099 1393 καθεὶς
1133 1352 1225 1406 ἄχρι
1259 1358 1337 1395 τῶν
1369 1361 1547 1409 σφυρῶν,

217 1402 286 1441 ἴσα
318 1404 472 1453 βαίνων
502 1409 715 1455 Πυθοκλεῖ,
746 1413 816 1453 τὰς
849 1413 1017 1465 γνάθους
1050 1423 1204 1470 φυσῶν,
1239 1425 1316 1462 τῶν
1345 1425 1548 1465 Φιλίππου

216 1465 339 1517 ξένων
365 1472 427 1512 καὶ
453 1474 585 1524 φίλων
611 1476 666 1517 εἷς
694 1477 806 1520 οὗτος
834 1481 925 1531 ὑμῖν
950 1482 1035 1534 ἤδη,
1063 1489 1140 1526 τῶν
1168 1487 1451 1541 ἀπαλλαγῆναι
1479 1495 1548 1531 τοῦ

214 1534 337 1586 δήμου
361 1540 621 1590 βουλομένων
649 1545 711 1584 καὶ
737 1546 916 1588 κλύδωνα
943 1551 1005 1590 καὶ
1032 1554 1175 1601 μανίαν
1199 1556 1247 1594 τὰ
1275 1559 1544 1607 καθεστηκότα

213 1602 411 1655 πράγμαθ’
435 1606 677 1658 ἡγουμένων,
705 1612 725 1650 ὁ
751 1611 847 1654 τέως
873 1623 1107 1666 προσκυνῶν
1131 1620 1203 1669 τὴν
1228 1623 1359 1663 θόλον.

280 1671 479 1723 Βούλομαι
497 1675 630 1715 τοίνυν
644 1678 734 1727 ὑμῖν
754 1680 988 1723 ἐπανελθεῖν
1005 1686 1068 1725 ἐπὶ
1089 1690 1318 1739 κεφαλαίων
1335 1689 1379 1730 ὃν
1396 1692 1543 1743 τρόπον

210 1738 310 1787 ’ὑμῖις
346 1743 705 1783 κατεπολιτεύσατο
739 1748 940 1791 Φίλιππος
976 1755 1225 1804 προσλαβὼν
1257 1757 1416 1799 τούτους
1451 1760 1542 1801 τοὺς

210 1806 313 1846 θεοῖς
344 1807 522 1859 ἐχθρούς.
594 1810 696 1851 πάνυ
726 1812 760 1852 δ’
783 1813 893 1864 ἄξιον
919 1816 1106 1866 ἐξετάσαι
1132 1822 1194 1861 καὶ
1220 1822 1444 1864 θεάσασθαι
1469 1826 1541 1876 τὴν
1583 1842 1598 1872 ζ

210 1870 365 1922 ἀπάτην
388 1874 498 1924 ὕλην.
560 1876 604 1916 τὸ
628 1880 703 1928 μὲν
721 1882 796 1932 γὰρ
817 1881 884 1921 ἀπ’
904 1883 1028 1936 ἀρχῆς
1053 1889 1122 1936 τῆς
1147 1888 1302 1940 εἰρήνης
1326 1892 1536 1942 ἐπιθυμῶν,

208 1940 521 1991 διαφορουμένης
542 1944 660 1984 αὐτοῦ
676 1948 745 1996 τῆς
770 1949 901 2000 χώρας
921 1950 996 1991 ὑπὸ
1016 1957 1094 1993 τῶν
1112 1959 1276 2010 λῃστῶν
1296 1957 1358 1997 καὶ
1385 1965 1535 2000 κεκλει-

205 2004 337 2054 μένων
360 2011 438 2047 τῶν
463 2010 674 2062 ἐμπορίων,
702 2014 799 2053 ὥστ’
823 2016 1015 2067 ἀνόνητοι·
1044 2021 1194 2062 ἐκεῖνον
1224 2023 1409 2065 ἁπάντων
1437 2025 1537 2067 εἶναι

205 2075 283 2111 τῶν
313 2074 485 2125 ἀγαθῶν,
516 2076 607 2119 τοὺς
636 2080 684 2118 τὰ
715 2080 978 2134 φιλάνθρωπα
1009 2086 1202 2139 λέγοντας
1236 2091 1407 2133 ἐκείνους
1441 2093 1536 2134 ἀπέ-

254 2193 286 2212 11
314 2188 360 2225 τῷ
376 2186 466 2226 λόγῳ
483 2198 546 2219 om.
566 2188 692 2228 Taylor
873 2205 909 2224 12
936 2195 973 2227 αὖ
989 2202 1067 2227 ante
1084 2201 1183 2230 τοῦτο
1200 2200 1277 2232 add.
1295 2201 1394 2240 vulg.‚
1414 2202 1454 2234 cs.
1476 2204 1534 2233 xxi

209 2227 287 2265 167:
321 2238 385 2259 om.
411 2230 570 2261 SL¹AY
752 2245 789 2273 13
822 2238 864 2269 τὰ
887 2244 965 2269 ante
991 2240 1061 2272 κάκ’
1087 2242 1163 2274 add.
1191 2243 1304 2282 vulg:
1338 2255 1401 2277 om.
1430 2245 1534 2277 SLY

205 2280 244 2299 22
269 2273 376 2311 πρώην
392 2279 471 2311 post
487 2275 566 2307 τέως
583 2277 657 2308 add.
673 2277 730 2308 SL
742 2279 851 2318 vulg:
874 2291 937 2312 om.
953 2282 984 2313 A
1073 2295 1114 2324 23
1140 2288 1209 2325 ὑμῖν
1223 2287 1420 2325 (fluctuante
1434 2290 1531 2323 sede)

204 2314 301 2346 codd.
317 2327 322 2345 t
349 2326 412 2348 om.
430 2317 506 2348 Ald.
528 2318 695 2351 Voemelii
712 2335 762 2363 γρ.
859 2326 1047 2359 ἐπανελθεῖν
1064 2327 1095 2357 Α
1108 2328 1171 2359 FB
1184 2329 1214 2368 Q
1228 2330 1254 2359 P
1270 2330 1347 2362 Ald.
1365 2331 1531 2364 Voemell'i

203 2369 272 2398 ‘yps
297 2361 446 2392 ἐπελθεῖν
463 2361 486 2391 S
501 2361 539 2392 L¹
552 2362 581 2392 Y
595 2363 624 2393 O
637 2363 667 2402 Q
683 2378 734 2406 γρ.
808 2369 856 2398 ἐπὶ
875 2371 1060 2408 κεφαλαίων
1076 2377 1154 2402 ante
1172 2372 1225 2403 vel
1244 2380 1321 2413 post
1341 2378 1531 2409 ἐπανελθεῖν

203 2402 383 2443 (ἐπελθεῖν)
405 2405 501 2436 codd.
522 2416 528 2435 :
553 2416 617 2438 om.
639 2407 715 2439 Ald.
733 2409 899 2442 Voemelii
916 2425 968 2454 γρ.

1581 503 1599 534 5

1580 837 1618 860 10

1574 1173 1610 1205 15

1568 1506 1608 1528 20
