1747 2844
109 841 148 865 10

108 1177 144 1210 15

107 1531 148 1554 20

106 1876 145 1908 25

175 117 262 171 x1x]
401 124 542 160 ΠΕΡΙ
590 124 712 161 ΤΗΣ
761 123 1277 160 ΠΑΡΑΠΡΕΣΒΕΙΑΣ

174 230 241 266 τοῦ
278 228 318 267 δὲ
355 225 481 278 προῖκ’
513 223 535 276 ἢ
572 227 624 277 μὴ
658 226 726 267 τὸν
761 227 908 278 τρόποι·
945 229 1013 265 τοῦ
1050 228 1312 277 πρεσβευτοῦ·
1356 228 1493 265 τοῦτον

175 293 242 334 οὖν
268 294 416 334 δίκαιον
441 292 575 343 ἠξίουν
594 292 840 345 παρέχεσθαι
867 293 928 333 καὶ
955 292 1249 344 ἀδωροδόκητον
1274 291 1342 332 τὸν
1368 309 1491 343 προσ-

1528 119 1643 173 [429]

176 360 284 401 ιόντα
330 363 412 401 τοῖς
459 363 614 401 κοινοῖς.
686 361 830 399 ἐκεῖνοι
882 361 954 409 μὲν
1001 360 1132 399 τοίνυν
1181 359 1303 399 οὕτως
1351 358 1494 410 ἐχθρὸν
1527 373 1591 409 275

171 427 340 479 ἡγοῦντο
363 426 408 467 τὸ
434 429 665 479 δωροδοκεῖν
693 426 756 466 καὶ
781 426 1016 467 ἀλυσιτελὲς
1044 431 1092 482 τῇ
1120 425 1249 470 πόλει,
1277 425 1382 464 ὥστε
1406 423 1494 474 μήτ’

173 493 237 534 ἐπὶ
262 492 438 545 πράξεως
461 495 649 543 μηδεμιᾶς
673 491 763 543 μήτ’
790 492 851 533 ἐπ’
871 491 1009 544 ἀνδρὸς
1034 493 1103 532 ε’ἇν
1127 492 1350 544 γίγνεσθαι·
1388 491 1495 541 ὑμεῖς

173 559 218 606 δ’,
246 558 275 599 ὦ
301 559 438 611 ἄνδρες
461 558 677 609 Ἀθηναῖοι,
699 559 770 610 τὴν
795 558 916 609 αὐτὴν
943 557 1099 611 εἰρήνην
1119 558 1324 610 ἑορακότες
1347 559 1395 597 τὰ
1423 559 1496 609 μὲν

171 631 250 667 τῶν
286 625 506 678 συμμάχων
542 629 620 666 τῶν
656 625 854 677 ὑμετέρων
889 627 1001 679 τείχη
1040 628 1314 682 καθῃρηκυῖαν,
1348 626 1418 666 τὰς
1454 626 1497 665 δὲ

171 696 249 733 τῶν
272 691 486 743 πρέσβεων
511 693 634 734 οἰκίας
659 693 961 743 οἰκοδομοῦσαν,
990 692 1052 732 καὶ
1077 694 1125 732 τὰ
1153 694 1225 742 μὲν
1249 693 1317 741 τῆς
1342 691 1496 732 πόλεως

172 758 332 810 κτήματ’
353 758 623 815 ἀφῃρημένην,
646 759 797 801 τούτοις
823 758 855 799 δ’
876 759 900 799 δι
918 758 1006 810 μηδ’
1026 761 1120 810 ὄναρ
1138 758 1317 809 ἤλπισαν
1336 757 1496 798 πώποτε

171 825 431 876 κτησαμένην,
454 825 521 866 οὐκ
547 825 656 865 αὐτοὶ
675 826 832 867 τούτους
859 826 1124 870 ἀπεκτείνατε,
1146 826 1252 864 ἀλλὰ
1278 824 1494 876 κατηγόρου

170 894 423 944 προσδεῖσθε,
454 892 517 932 καὶ
548 893 657 946 λόγῳ
690 891 832 943 κρίνεθ’
858 893 912 932 ὧν
943 893 1044 945 ἔργῳ
1078 890 1322 942 τάδικήματα
1351 889 1495 931 πάντες

170 959 327 1010 ὁρῶσιν.

236 1025 299 1065 Οὐ
330 1026 463 1067 τοίνυν
490 1027 538 1065 τὰ
563 1025 703 1065 παλαί’
729 1024 776 1065 ἄν
810 1042 866 1066 τις
900 1026 988 1079 ἔχοι
1020 1026 1143 1076 μόνον
1175 1026 1300 1065 εἰπεῖν
1335 1024 1396 1064 καὶ
1431 1025 1494 1063 διὰ

169 1092 316 1133 τούτων
341 1096 420 1133 τῶν
438 1091 766 1144 παραδειγμάτων
786 1093 884 1142 ὑμᾶς
910 1093 974 1133 ἐπὶ
993 1093 1181 1144 τιμωρίαν
1200 1089 1490 1143 παρακαλέσαι·

169 1158 261 1199 ἀλλ’
286 1158 351 1211 ἐφ’
376 1160 482 1210 ὑμῶν
511 1159 674 1199 τουτωνὶ
703 1162 781 1199 τῶν
811 1158 868 1198 ἔτι
900 1159 1052 1208 ζώντων
1077 1155 1322 1210 [ἀνθρώπων]
1349 1157 1493 1197 πολλοὶ

169 1227 279 1276 δίκην
304 1226 535 1272 δεδώκασιν,
561 1226 616 1266 ὧν
642 1226 719 1278 ἐγὼ
744 1225 834 1267 τοὺς
867 1227 938 1276 μὲν
963 1225 1112 1267 ἄλλους
1137 1225 1388 1276 παραλείψω,
1416 1226 1493 1263 τῶν

169 1291 200 1331 δ’
235 1293 277 1331 ἐκ
311 1293 542 1343 πρεσβείας,
576 1291 599 1342 ἢ
634 1291 736 1333 πολὺ
768 1291 910 1342 ταύτης
948 1291 1098 1332 ἐλάττω
1137 1292 1234 1331 κακὰ
1269 1290 1339 1340 τὴν
1377 1290 1496 1330 πόλιν

169 1360 389 1411 εἴργασται,
424 1358 578 1413 θανάτῳ
619 1358 890 1410 ζημιωθέντων
928 1358 1015 1400 ἑνὸς
1045 1355 1068 1408 ἢ
1106 1360 1213 1398 δυοῖν
1250 1355 1494 1408 ἐπιμνησθή-

169 1441 301 1476 σομαι.
375 1427 442 1466 καί
460 1442 527 1476 μοι
551 1425 648 1477 λέγε
670 1426 778 1466 τουτὶ
803 1424 847 1465 τὸ
872 1423 1071 1477 ψήφισμα
1096 1425 1249 1475 λαβών.

733 1527 934 1556 ΨΗΦῙΣΜΑ.

235 1592 347 1631 Κατὰ
379 1590 485 1631 τουτὶ
517 1591 563 1631 τὸ
592 1590 786 1643 ψήφισμ’,
815 1588 843 1629 ὦ
876 1590 1013 1642 ἄνδρες
1044 1589 1260 1640 Ἀθηναῖοι,
1291 1593 1369 1630 τῶν
1402 1590 1495 1642 πρέ-

168 1661 305 1708 σβεων
340 1658 499 1698 ἐκείνων
531 1658 640 1708 ὑμεῖς
674 1657 843 1697 θάνατον
878 1656 1110 1709 κατέγνωτε,
1138 1657 1193 1696 ὧν
1221 1657 1275 1698 εἷς
1308 1656 1357 1707 ἦν
1385 1655 1496 1697 Ἐπι-

169 1723 323 1775 κράτης,
351 1723 461 1775 ἀνήρ,
494 1724 545 1765 ὡς
574 1725 652 1776 ἐγὼ
682 1728 759 1764 τῶν
791 1723 1076 1776 πρεσβυτέρων
1109 1724 1251 1769 ἀκούω,
1283 1726 1496 1765 σπουδαῖος

168 1791 232 1830 καὶ
260 1792 394 1830 πολλὰ
425 1789 621 1843 χρήσιμος
649 1796 697 1847 τῇ
727 1791 854 1836 πόλει,
884 1790 946 1830 καὶ
976 1794 1053 1830 τῶν
1083 1792 1124 1830 ἐκ
1149 1793 1347 1842 Πειραιῶς
1377 1807 1493 1829 κατα-

166 1857 373 1909 γαγόντων
411 1857 480 1897 τὸν
522 1859 645 1908 δῆμον
689 1857 751 1897 καὶ
793 1857 928 1898 ἄλλως
970 1858 1189 1908 δημοτικός.
1261 1855 1353 1896 ἀλλ’
1391 1857 1496 1906 ὅμως

167 1923 279 1963 οὐδὲν
303 1923 423 1964 αὐτὸν
449 1923 641 1976 ὠφέλησε
665 1924 823 1970 τούτων,
852 1925 1022 1965 δικαίως·
1067 1924 1111 1964 οὐ
1142 1924 1216 1975 γὰρ
1243 1922 1309 1975 ἐφ’
1335 1922 1496 1976 ἡμισείᾳ

167 1990 345 2043 χρηστὸν
372 1990 473 2031 εἶναι
497 1993 561 2031 δεῖ
580 1990 650 2031 τὸν
674 1992 723 2030 τὰ
748 1994 964 2041 τηλικαῦτα
993 1993 1152 2030 διοικεῖν
1183 1988 1380 2040 ἀξιοῦντα,
1408 1989 1496 2029 οὐδὲ

165 2056 211 2096 τὸ
230 2059 488 2108 πιστευθῆναι
507 2058 770 2108 προλαβόντα
784 2056 875 2109 παρ’
893 2058 1001 2108 ὑμῶν
1023 2058 1077 2098 εἷς
1096 2056 1140 2096 τὸ
1165 2057 1283 2107 μείζω
1304 2056 1495 2096 δύνασθαι

167 2127 398 2176 κακουργεῖν
435 2127 720 2177 καταχρῆσθαι,
760 2123 852 2164 ἀλλ’
884 2125 1019 2166 ἁπλῶς
1056 2125 1178 2174 μηδὲν
1213 2124 1311 2173 ὑμᾶς
1348 2123 1495 2162 ἀδικεῖν

207 2243 228 2271 9
252 2233 397 2274 πώποτε]
416 2247 495 2265 ποτε
512 2234 555 2270 A,
575 2234 614 2265 cf.
634 2233 665 2263 xi
681 2243 725 2273 30
905 2243 943 2272 13
967 2233 1087 2264 παλαιὰ
1103 2232 1190 2271 vulg.
1210 2243 1216 2261 :
1244 2231 1343 2263 πάλαι
1363 2232 1386 2262 S
1406 2232 1492 2265 (cum

165 2279 323 2316 accentu>
340 2277 378 2306 L¹
392 2277 421 2306 Y
515 2287 553 2315 15
577 2290 673 2309 τινων
686 2281 762 2316 post
774 2278 910 2309 τουτωνὶ
925 2275 1108 2315 add.Weil‚
1123 2275 1263 2306 seclusis
1275 2285 1349 2306 cum
1361 2275 1491 2306 Cobeto

164 2320 385 2358 sequentibus
416 2323 482 2352 τῶν
515 2320 561 2352 ἔτι
595 2319 721 2359 ζώντων
757 2321 924 2359 ἀνθρώπων
1081 2320 1248 2359 ἀνθρώπων
1280 2319 1356 2350 secl.
1394 2317 1492 2349 Blass

169 2371 204 2401 17
230 2362 327 2402 κακὰ]
345 2364 427 2395 κατὰ
445 2364 468 2393 S
483 2362 550 2393 LO
671 2364 712 2393 26
737 2365 786 2404 ἐφ’
803 2363 932 2404 ἡμισείᾳ
949 2363 1045 2393 codd.
1063 2374 1069 2392 ε
1095 2365 1128 2402 ἐξ
1144 2362 1287 2400 ἡμισείας
1308 2361 1404 2392 Blass
1421 2371 1488 2394 sec.

164 2404 303 2437 Aristid.
324 2407 343 2436 ii
361 2408 435 2445 617,
455 2407 519 2445 653
537 2411 570 2436 et
587 2407 628 2437 al.

1528 1029 1596 1072 276

1531 1550 1646 1605 [430]

1531 1625 1597 1660 277
