1763 2828
153 1021 236 1076 [75]

155 2108 242 2164 [76]

889 653 971 691 VII

638 812 780 853 ΠΕΡΙ
842 809 1229 855 ΑΛΟΝΝΗΣΟΤ

822 943 1038 973 ΎΠΟΘΕΣῙΣ.

323 1018 441 1059 Οὗτος
475 1019 494 1057 6
527 1018 641 1071 λόγος
675 1018 917 1070 ἐπιγράφεται
950 1019 1017 1067 μὲν
1049 1019 1131 1067 περὶ
1163 1018 1406 1069 Ἀλοννήσου,
1439 1020 1536 1072 τάχα
1569 1021 1599 1060 δ’

268 1074 461 1124 ὀρθότερον
482 1074 731 1125 ἐπιγράφεινί
744 1073 836 1121 πρὸς
858 1073 926 1121 τὴν
950 1073 1153 1121 ἐπιστολὴν
1177 1073 1244 1122 τὴν
1269 1075 1481 1113 Φιλίππουῖ
1535 1077 1599 1115 πέ-

267 1132 395 1178 πομφε
415 1129 494 1198 γὰρ
501 1128 592 1176 πρὸς
611 1143 695 1167 τους
714 1125 931 1176 Ἀθηναίους
947 1127 1151 1176 ἐπιστολὴν
1165 1129 1247 1177 περὶ
1266 1130 1420 1167 πολλῶν
1435 1129 1597 1182 διαλεγό-

268 1200 385 1232 μενος,
409 1183 457 1220 ὧν
477 1182 514 1220 ἕν
538 1185 619 1219 ἐστι
647 1198 703 1218 και
731 1182 774 1219 τὸ
802 1182 893 1219 κατὰ
919 1181 986 1230 τὴν
1007 1180 1295 1231 “Αλόννησον,”
1273 1199 1352 1231 ητις
1376 1182 1421 1232 ἢν
1442 1185 1509 1233 μὲν
1527 1188 1599 1223 τῶν

268 1237 472 1287 Ἀθηναίων
502 1238 656 1286 ἀρχαῖον
686 1237 817 1285 κτῆμα,
844 1236 935 1273 κατὰ
964 1235 1002 1273 δὲ
1031 1252 1114 1275 τοις
1142 1237 1330 1274 Φιλίππου
1358 1254 1500 1287 καιροῑς
1527 1239 1598 1277 ὑπὸ
1617 1251 1635 1284 5

269 1295 421 1343 λῃστῶν
448 1291 646 1341 κατείχετο,
671 1289 732 1330 οὓς
759 1290 971 1338 ἐκβαλὼν“
957 1307 976 1327 ο
999 1290 1186 1331 Φίλιππος
1212 1292 1409 1330 ἀπαιτοῦσι
1435 1294 1502 1342 μὲν
1523 1294 1600 1333 τοῖς

269 1345 477 1395 Ἀθηναίοις
501 1345 569 1393 τὴν
592 1347 708 1394 νῆσον
731 1345 796 1382 οὐκ
823 1343 1046 1383 ἀποδίδωσιν
1065 1344 1210 1392 (ἑαυτοῦ
1236 1347 1308 1397 γὰρ
1335 1345 1428 1384 εἶναι’
1450 1347 1598 1400 φησιν),

270 1403 415 1439 αἰτοῦσι
439 1398 468 1437 δ’
491 1401 723 1450 ὑπισχνεῖται
747 1398 887 1437 δωσειν.
947 1399 966 1436 6
989 1398 1027 1436 δὲ
1055 1399 1168 1451 λόγος
1194 1401 1235 1437 οὗ
1262 1400 1361 1438 δοκεῖ
1385 1417 1448 1450 μοι
1473 1405 1599 1451 Δημο-

270 1455 424 1495 σθένους
444 1471 545 1492 ειναι.
604 1454 714 1502 δηλοῖ
735 1452 763 1490 δ’
783 1454 806 1501 ἡ
827 1454 966 1502 φράσις
990 1453 1048 1491 καὶ
1071 1455 1094 1502 ἡ
1118 1455 1182 1502 τῆς
1205 1454 1452 1496 συνθέσεως”
1432 1457 1598 1505 αρμονία,

269 1509 368 1547 πολὺ
387 1509 451 1547 τὸν
472 1508 753 1557 Δημοσθενικόν
772 1510 977 1559 πεφευγυῖα
1001 1507 1125 1552 τύπον,
1148 1509 1316 1558 ἀνειμένη
1337 1526 1376 1547 τε
1402 1510 1460 1548 καὶ
1481 1510 1600 1548 διαλε-
1621 1525 1661 1548 10

270 1564 410 1613 λυμένη
436 1564 535 1612 παρὰ
556 1562 623 1610 τὴν
644 1561 740 1600 ἰδέαν
759 1562 889 1600 τούτου
912 1564 977 1600 τοῦ
999 1562 1162 1612 ῥήτορος.
1222 1563 1280 1601 καὶ
1302 1563 1376 1613 μὴν
1397 1564 1455 1601 καὶ
1478 1565 1520 1603 τὸ
1542 1564 1600 1602 ἐπὶ

269 1619 367 1656 τέλει
386 1617 496 1667 ῥηθὲν
512 1618 554 1654 οὗ
572 1617 702 1666 μικρὸν
715 1617 914 1666 μαρτύριον
928 1619 993 1655 τοῦ
1013 1617 1121 1655 νόθον
1141 1616 1229 1655 εἶναι
1250 1617 1313 1656 τὸν
1333 1619 1459 1670 λόγον,
1477 1622 1485 1637 ‘
1501 1619 1601 1668 εἴπερ

269 1673 370 1722 ὑμεῖς
395 1672 459 1709 τὸν
483 1672 692 1722 ἐγκέφαλον
716 1674 754 1709 ἐν
776 1673 851 1712 τοῖς
878 1672 1076 1721 κροτάφοις
1107 1672 1164 1709 καὶ
1192 1672 1244 1721 μὴ
1270 1674 1307 1709 ἐν
1330 1674 1408 1713 ταῖς
1432 1673 1601 1722 πτέρναις

271 1726 620 1775 καταπεπατημένον
640 1725 810 1774 φορεῖτε.’
866 1728 886 1764 6
905 1728 974 1775 μὲν
992 1727 1064 1777 γὰρ
1080 1727 1325 1776 Δημοσθένης
1346 1726 1447 1766 εἴωθε
1466 1744 1600 1777 παρρη-

270 1781 335 1831 σίᾳ
354 1780 529 1832 χρῆσθαι,
545 1782 653 1818 τοῦτο
674 1779 703 1818 δ’
722 1781 829 1830 ὕβρις
850 1781 930 1819 ἐστὶ
952 1781 1010 1818 καὶ
1030 1781 1195 1830 λοιδορία
1214 1781 1348 1830 μέτρον
1363 1783 1427 1819 οὐκ
1448 1782 1598 1832 ἔχουσα,
1622 1796 1659 1829 15

271 1835 433 1873 εὖτέλειά
459 1833 491 1872 τ’
519 1835 615 1885 αὐτῷ
645 1835 742 1883 δεινὴ
772 1835 955 1885 πρόσεστι
985 1836 1077 1874 κατὰ
1104 1835 1171 1884 τὴν
1200 1836 1402 1885 ἑρμηνείαν·
1442 1836 1534 1885 πρὸς
1562 1836 1600 1875 δὲ

270 1889 412 1929 τούτοις
449 1888 508 1926 καὶ
547 1889 671 1938 εὔηθες
704 1890 746 1927 τὸ
783 1892 941 1940 νομίζειν
976 1893 1013 1928 ἐν
1048 1893 1123 1931 τοῖς
1157 1891 1355 1940 κροτάφοις
1390 1890 1486 1941 ἔχειν
1518 1890 1601 1931 τοὺς

272 1944 482 1993 ἀνθρώπους
508 1943 571 1981 τὸν
595 1944 816 1995 ἐγκέφαλον.
876 1945 1119 1983 ὑπώπτευσαν
1143 1944 1181 1982 δὲ
1208 1944 1267 1982 καὶ
1292 1945 1327 1982 οἶ
1351 1945 1600 1994 πρεσβύτεροι

271 1999 335 2037 τὸν
368 1999 483 2050 λόγον
513 1999 559 2038 ὡς
593 2000 635 2035 οὐ
666 2002 730 2037 τοῦ
762 2000 925 2048 ῥήτορος,
960 2000 1019 2037 καὶ
1051 2000 1299 2049 πεφωράκασί
1328 2000 1373 2051 γέ
1404 2015 1496 2039 τινες
1527 1998 1601 2038 ὄνθ’

271 2052 514 2105 ξΗγησίππου
535 2051 594 2090 καὶ
614 2054 686 2091 ἀπὸ
705 2055 770 2102 τῆς
791 2053 884 2094 ἰδέας
903 2057 975 2092 τῶν
994 2054 1116 2105 λόγων
1133 2052 1298 2104 (τοιαύτῃ
1317 2055 1390 2106 γὰρ
1411 2052 1600 2105 κέχρηται)
1621 2066 1662 2088 20

274 2107 332 2144 καὶ
362 2107 434 2145 ἀπὸ
460 2110 531 2145 τῶν
557 2108 793 2160 πραγμάτων·
835 2125 925 2145 κατα
956 2108 1185 2146 Καλλίππου
1211 2110 1283 2160 γὰρ
1306 2110 1371 2146 τοῦ
1399 2108 1601 2148 Παιανιεως

274 2161 431 2210 φησὶν
417 2180 436 2199 ο
459 2163 522 2200 τὸν
546 2163 661 2214 λόγον
684 2163 879 2214 γεγραφὼς
905 2163 1167 2213 ἀπενηνοχέναι
1193 2162 1344 2214 γραφὴν
1368 2163 1599 2211 παρανόμων,

275 2217 443 2264 φαίνεται
467 2216 496 2253 δ’
517 2218 585 2267 οὐχ
609 2218 628 2254 6
649 2216 904 2265 Δημοσθένης,
927 2215 1013 2254 ἀλλ’
1037 2218 1056 2254 6
1079 2215 1317 2268 Ηγήσιππος
1339 2216 1406 2264 τὴν
1426 2217 1517 2254 κατὰ
1535 2219 1601 2254 τοῦ

276 2271 506 2308 Καλλίππου
521 2270 701 2322 γραφην’
685 2271 969 2320 ενστησάμενος.
1009 2287 1052 2319 νη
1069 2271 1152 2314 Δία,
1171 2269 1286 2308 οἰλλΗ
1271 2289 1290 2308 ο
1305 2271 1417 2322 λόγος
1433 2271 1601 2320 σ-ιμβου-

274 2326 372 2362 λεύει
395 2324 478 2373 περὶ
503 2327 568 2373 τῆς
593 2324 823 2374 Ἀλοννήσου
846 2327 921 2364 τοῖς
944 2323 1152 2373 Ἀθηναίοις
1174 2325 1226 2374 μὴ
1250 2325 1457 2373 λαμβάνειν
1476 2326 1599 2374 αὐτήν,
1621 2336 1660 2373 25

276 2377 362 2416 ἀλλ’
386 2380 679 2428 ἀπολαμβάνειν,
703 2379 760 2416 καὶ
785 2379 993 2427 διαφέρεται
1019 2379 1102 2428 περὶ
1124 2381 1196 2416 τῶν
1216 2379 1413 2428 ὀνομάτων,
1434 2381 1548 2417 ταῦτα
1571 2377 1601 2417 δ’

277 2434 457 2487 Αἰσχίνης
490 2432 588 2482 φησὶ
621 2433 684 2471 τὸν
713 2433 960 2483 Δημοσθένην
989 2433 1357 2482 συμβεβουλευκέναι
1390 2435 1465 2473 τοῖς
1493 2431 1601 2482 Ἀθη-
