1731 2844
129 144 194 199 111]
538 148 955 186 οΛΎΝΘῑΑΚΟΣ
1004 148 1033 183 Γ

128 251 161 292 δ’
188 250 416 304 ἀπέχθειαν,
446 250 493 290 δι’
520 249 565 300 ἧς
589 248 637 289 ἂν
661 248 831 291 ἅπαντες
860 248 1019 299 ἄμεινον
1045 247 1276 301 πράξαιμεν,
1304 252 1357 302 τῷ
1384 250 1451 288 νῦν

127 320 174 358 τὰ
198 317 383 369 βέλτιστ’
410 317 559 358 εἰπόντι
585 316 722 367 ζημίαν
747 315 947 368 γενέσθαι.
1009 314 1100 367 πρὶν
1125 317 1166 355 δὲ
1190 313 1296 354 ταῦτ’
1323 314 1449 366 εὐτρε-

127 386 255 430 πίσαι,
287 387 485 435 μηδαμῶς,
516 381 545 422 ὦ
578 382 715 434 ἄνδρες
745 382 960 432 Ἀθηναῖοι,
994 381 1127 432 μηδέν’
1158 380 1311 432 ἀξιοῦτε
1343 386 1452 431 τηλι-

129 455 265 492 κοῦτον
286 450 385 491 εἶναι
410 450 499 502 παρ’
518 451 607 501 ὑμῖν
627 450 731 489 ὥστε
755 449 846 490 τοὺς
870 449 1011 499 νόμους
1035 448 1194 489 τούτους
1219 446 1455 500 παραβάντα

90 536 106 567 5
127 518 179 570 μὴ
214 521 346 558 δοῦναι
383 519 507 568 δίκην,
544 516 634 568 μηδ’
669 517 791 558 οὕτως
827 516 996 566 ἀνόητον
1033 514 1128 555 ὥστ’
1165 516 1219 556 εἷς
1255 517 1456 566 προῦπτον

128 584 246 625 κακὸν
271 583 389 624 αὑτὸν
415 585 622 634 ἐμβαλεῖν.

195 651 256 691 Οὐ
283 650 361 702 μὴν
390 650 469 690 οὐδ’
496 650 622 690 ἐκεῖνό
650 649 687 702 γ’
711 649 810 700 ὑμᾶς
841 650 1000 701 ἀγνοεῖν
1025 651 1094 694 δεῖ,
1122 647 1151 688 ὦ
1176 647 1314 700 ἄνδρες
1338 646 1454 697 Ἀθη-

128 721 243 763 ναῖοι,
270 718 330 757 ὅτι
354 716 537 769 ψήφισμ’
562 715 720 757 οὐδενὸς
749 714 860 765 ἄξιόν
887 717 1010 761 ἐστιν,
1038 715 1086 755 ἂν
1110 714 1161 765 μὴ
1188 713 1457 766 προσγένηται

129 784 174 824 τὸ
203 787 330 825 ποιεῖν
354 782 508 824 ἐθέλειν
532 783 581 823 τά
610 800 656 835 γε
686 781 855 833 δόξαντα
884 782 1091 834 προθύμως
1116 777 1254 832 [ὑμᾶς].
1327 782 1360 820 εἰ
1384 782 1459 833 γὰρ

74 869 111 894 10
131 849 300 903 αὐτάρκη
333 851 382 890 τὰ
414 849 646 902 ψηφίσματ’
679 847 727 899 ἦν
760 846 782 899 ἢ
815 850 912 900 ὑμᾶς
946 847 1179 900 ἀναγκάζειν
1212 848 1236 887 δι
1268 846 1459 899 προσήκει

131 916 316 970 πράττειν
348 913 372 967 ὴ
405 917 494 968 περὶ
526 917 580 957 ὧν
613 916 785 969 γραφείη
820 914 1123 967 διαπράξασθαι,
1159 914 1239 954 οὔτ’
1273 913 1321 954 ἂν
1352 914 1460 964 ὑμεῖς

133 985 266 1025 πολλὰ
290 983 558 1036 ψηφιζόμενοι
587 982 717 1034 μικρά,
748 985 904 1033 μᾶλλον
929 981 962 1022 δ’
988 983 1100 1022 οὐδὲν
1131 980 1342 1033 ἐπράττετε
1371 980 1458 1020 τού-

133 1067 223 1096 των,
255 1050 344 1091 οὔτε
373 1050 575 1091 Φίλιππος
608 1052 800 1089 τοσοῦτον
833 1049 988 1100 ὑβρίκει
1022 1048 1180 1101 χρόνον·
1228 1046 1353 1087 πάλαι
1384 1048 1460 1099 γὰρ

133 1117 181 1158 ἂν
207 1116 335 1158 εἵνεκά
367 1134 412 1169 γε
441 1115 716 1169 ψηφισμάτων
740 1115 920 1156 ἐδεδώκει
950 1116 1074 1165 δίκην.
1145 1113 1236 1154 ἀλλ’
1263 1114 1337 1166 οὐχ
1361 1114 1460 1153 οὕτω

77 1203 112 1236 15
133 1183 237 1224 ταῦτ’
276 1183 372 1236 ἔχει·
421 1182 465 1222 τὸ
501 1185 577 1235 γὰρ
612 1181 798 1234 πράττειν
834 1185 902 1221 τοῦ
943 1181 1078 1233 λέγειν
1115 1182 1179 1221 καὶ
1220 1184 1461 1234 χειροτονεῖν

133 1251 301 1302 ὕστερον
339 1248 384 1290 ὃν
422 1255 470 1306 τῇ
507 1248 629 1300 τάξει,
672 1249 862 1301 πρότερον
901 1254 948 1305 τῇ
987 1247 1148 1299 δυνάμει
1189 1247 1250 1287 καὶ
1290 1247 1463 1299 κρεῖττόν

135 1318 258 1358 ἐστιν.
329 1316 429 1357 τοῦτ’
463 1317 532 1356 οὖν
564 1319 627 1356 δεῖ
656 1319 876 1367 προσεῖναι,
910 1317 958 1355 τὰ
987 1314 1020 1354 δ’
1049 1313 1140 1354 ἄλλ’
1170 1313 1352 1366 ὑπάρχει·
1402 1313 1463 1353 καὶ

135 1385 209 1436 γὰρ
240 1384 365 1424 εἰπεῖν
389 1384 437 1424 τὰ
467 1382 606 1423 δέοντα
634 1381 725 1434 παρ’
755 1384 845 1433 ὑμῖν
873 1383 989 1427 εἰσιν,
1021 1379 1050 1421 ὦ
1080 1381 1218 1433 ἄνδρες
1246 1380 1460 1431 Ἀθηναῖοι,

136 1449 354 1501 δυνάμενοι,
383 1450 445 1490 καὶ
478 1453 626 1502 γνῶναι
658 1448 817 1490 πάντων
847 1449 956 1499 ὑμεῖς
989 1446 1170 1498 ὀξύτατοι
1203 1449 1250 1487 τὰ
1281 1446 1462 1500 ῥηθέντα,

79 1536 117 1558 20
137 1517 199 1557 καὶ
224 1515 368 1569 πρᾶξαι
393 1519 434 1557 δὲ
460 1515 681 1567 δυνήσεσθε
708 1519 788 1562 νῦν,
815 1517 883 1556 ἐὰν
914 1516 1039 1568 ὀρθῶς
1063 1516 1213 1565 ποιῆτε.
1270 1514 1358 1554 τίνα
1389 1515 1463 1566 γὰρ

136 1584 281 1637 χρόνον
316 1580 339 1634 ἢ
375 1584 464 1624 τίνα
501 1584 646 1635 καιρόν,
681 1580 711 1622 ὦ
744 1582 881 1635 ἄνδρες
915 1582 1131 1633 Ἀθηναῖοι,
1166 1584 1234 1622 τοῦ
1271 1581 1465 1633 παρόντος

137 1651 286 1702 βελτίω
325 1651 490 1701 ζητεῖτε;
539 1647 563 1700 ἦ
599 1649 688 1691 πόθ’
724 1650 748 1690 δι
786 1652 848 1690 δεῖ
882 1647 1054 1702 πράξετ’,
1094 1650 1126 1689 εἷ
1163 1648 1216 1700 μὴ
1256 1651 1343 1694 νῦν;
1392 1647 1464 1700 οὐχ

137 1716 291 1758 ἅπαντα
319 1719 392 1768 μὲν
415 1718 525 1768 ἡμῶν
551 1717 773 1769 προείληφε
801 1718 849 1757 τὰ
879 1715 994 1771 χωρί’
1019 1715 1237 1768 ἅνθρωπος,
1269 1716 1302 1755 εἰ
1332 1717 1373 1755 δὲ
1404 1715 1465 1754 καὶ

137 1784 280 1835 ταύτης
299 1784 428 1837 κύριος
445 1787 514 1834 τῆς
531 1784 663 1837 χώρας
682 1783 908 1836 γενήσεται,
929 1783 1089 1824 πάντων
1107 1784 1302 1836 αἴσχιστα
1326 1782 1463 1822 πεισό-

80 1866 118 1898 ²5
137 1853 255 1902 μεθα,·
299 1850 372 1904 οὐχ
402 1852 479 1898 οὕς,
506 1852 539 1891 εἰ
568 1849 851 1902 πολεμήσαιεν,
879 1851 1043 1901 ἑτοίμως
1072 1850 1222 1890 σώσειν
1246 1848 1463 1902 ὑπισχνού-

137 1920 249 1969 μεθα,
287 1918 393 1958 οὗτοι
430 1921 497 1958 νῦν
532 1920 797 1968 πολεμοῦσιν;
847 1916 915 1957 οὐκ
949 1918 1111 1971 ἐχθρός;
1162 1916 1231 1957 οὐκ
1273 1916 1376 1969 ἔχων
1418 1916 1465 1955 τὰ

137 1984 325 2036 ἡμέτερα;
362 1984 408 2024 οὐ
433 1983 661 2037 βάρβαρος;
700 1984 772 2037 οὐχ
803 1985 825 2024 ὅ
853 2000 890 2024 τι
920 1983 968 2025 ἂν
994 1986 1097 2025 εἵποι
1121 2000 1199 2030 τις;
1237 1984 1344 2023 ἀλλὰ
1369 1981 1467 2034 πρὸς

140 2054 239 2092 θεῶν
275 2050 388 2092 πάντ’
423 2051 612 2093 ἐάσαντες
642 2052 704 2091 καὶ
736 2051 859 2102 μόνον
892 2050 982 2104 οὐχὶ
1019 2049 1467 2103 συγκατασκευάσαντες

140 2118 255 2172 αὐτῷ,
281 2118 371 2158 τότε
399 2118 488 2160 τοὺς
518 2119 663 2159 αἰτίους
694 2118 837 2160 οἵτινες
869 2118 1018 2158 τούτων
1045 2117 1285 2168 ζητήσομεν;
1324 2116 1368 2156 οὑ
1393 2117 1467 2168 γὰρ

183 2237 205 2266 9
237 2228 314 2266 ὑμᾶς
337 2226 418 2257 secl.
447 2226 556 2258 Cobet
707 2237 742 2257 11
776 2227 914 2269 ’γραφείη
941 2225 975 2257 S¹
1003 2228 1103 2266 (corr.
1127 2228 1245 2268 γραφῇ,
1274 2225 1397 2256 deinde
1423 2234 1464 2254 m.

142 2271 374 2300 recentissima
391 2272 429 2302 ἂν
440 2273 584 2313 ’γραφῇᾙ
610 2270 853 2311 ·γράφεινυίς.;
879 2272 917 2302 ἂν
932 2270 1210 2312 ὙραφῇΑευρρΙ.
1308 2269 1344 2298 18
1370 2267 1467 2308 εἰσιν]

142 2324 206 2344 orn.
228 2313 262 2343 S¹
364 2324 404 2352 23
430 2314 606 2355 προείληφε
625 2319 703 2345 ante
719 2315 761 2345 τὰ
777 2315 880 2355 χωρία
897 2313 920 2343 S
937 2326 943 2344 :
968 2318 1044 2353 post
1060 2315 1101 2345 τὰ
1118 2313 1221 2354 χωρία
1236 2312 1323 2351 vulg.
1416 2312 1468 2343 ἅν-

143 2360 261 2398 θρωπος
280 2356 303 2387 S
320 2368 326 2387 t
352 2358 509 2399 ἄνθρωπος
526 2357 614 2396 vulg.
752 2367 792 2396 25
817 2356 1050 2397 πολεμήσαιεν]
1068 2357 1283 2395 πολεμήσειεν
1301 2358 1419 2386 ἐκεῖνος
1437 2354 1467 2383 Α

143 2400 251 2439 suppl.
269 2411 275 2429 :
300 2401 519 2440 πολεμήσαιεν
536 2401 646 2441 ἐκείνῳ
664 2400 693 2430 Y
827 2402 869 2430 26
893 2403 1090 2439 πολεμοῦσιν
1109 2400 1141 2428 S'
1157 2398 1182 2428 B
1197 2400 1202 2415 ¹
1219 2410 1225 2430 :
1252 2401 1467 2436 πολεμοῦνται

145 2443 232 2480 vulg.
369 2454 410 2481 29
435 2445 495 2475 εἶσι
514 2449 591 2483 post
609 2446 722 2476 οἵτινες
737 2444 811 2474 add.
833 2443 919 2481 vulg.
938 2455 943 2473 t
970 2453 1033 2472 om.
1054 2444 1076 2472 S
1095 2443 1187 2471 solus

1483 144 1568 199 [32]

1492 659 1531 693 14

1495 1122 1533 1158 15

1499 1514 1540 1548 16

1497 1886 1581 1941 [33]

1501 1952 1540 1985 17
