1763 2828
103 108 201 162 [3¹1]

141 429 205 466 253

136 695 205 731 254

98 949 203 1006 [312]

136 1100 202 1137 255

134 1559 202 1604 256

660 108 1143 146 ΔΗΜΟΣΘΕΝΟΎΣ
1438 103 1559 159 [xvm

235 211 373 254 ἄλλοις
406 212 467 252 καὶ
497 213 583 264 περὶ
616 213 764 253 τούτων
789 212 1048 265 ὑπερηφάνως
1073 215 1215 266 χρῆται
1239 217 1292 267 τῷ
1318 214 1439 268 λόγῳ,
1467 212 1558 254 σκέ-

235 278 376 331 ψασθ’,
413 278 442 319 ὦ
476 279 612 331 ἄνδρες
645 279 861 330 Ἀθηναῖοι,
898 281 960 320 καὶ
993 279 1217 332 θεωρήσατε
1250 282 1333 335 ὅσῳ
1368 280 1430 320 καὶ
1462 282 1558 331 ἀλη-

237 344 427 397 θέστερον
463 347 525 386 καὶ
562 347 908 399 ἀνθρωπινώτερον
945 347 1022 400 ἐγὼ
1056 347 1143 399 περὶ
1176 350 1244 398 τῆς
1274 347 1395 401 τύχης
1425 347 1562 388 τούτου

236 412 562 466 διαλεχθήσομαι.
622 414 699 466 ἐγὼ
719 413 789 464 τὴν
809 417 877 465 τῆς
894 415 1047 456 πόλεως
1066 415 1190 468 τύχην
1209 414 1360 466 ἀγαθὴν
1379 414 1560 466 ἡγοῦμαι,

237 480 298 520 καὶ
317 480 424 520 ταῦθ’
444 481 518 532 ὁρῶ
541 481 601 521 καὶ
621 480 690 522 τὸν
710 482 789 521 Δία
807 481 875 522 τὸν
893 485 1132 523 Δωδωναῖον
1150 483 1240 533 ὑμῖν
1258 482 1560 533 μαντευόμενον,
1582 502 1600 534 5

236 546 306 597 τὴν
332 546 469 598 μέντοι
496 551 573 588 τῶν
603 547 761 588 πάντων
790 549 1018 600 ἀνθρώπων,
1046 547 1069 600 ἢ
1099 552 1169 590 νῦν
1197 547 1347 602 ἐπέχει,
1379 548 1562 602 χαλεπὴν

238 614 300 654 καὶ
330 612 472 664 δεινήν·
511 615 569 656 τίς
600 616 675 666 γὰρ
699 613 959 666 Ἑλλήνωνῆ
991 617 1050 658 τίς
1075 615 1295 668 βαρβάρων
1321 615 1366 656 οὐ
1396 619 1562 656 πολλῶν

238 684 364 721 κακῶν
390 682 431 721 ἐν
456 684 508 736 τῷ
535 682 700 733 παρόντι
723 683 974 734 πεπείραται,·
1011 682 1055 723 τὸ
1079 684 1150 734 μὲν
1169 683 1300 724 τοίνυν
1320 682 1564 735 προελέσθαι

235 749 284 788 τὰ
314 746 511 788 κάλλιστα
543 748 604 788 καὶ
633 747 678 788 τὸ
711 752 788 789 τῶν
822 748 1034 799 οἰηθέντων
1065 749 1287 800 Ἑλλήνων,
1320 751 1354 791 εἰ
1387 749 1561 801 προοῖνθ’

234 814 346 865 ἡμᾶς,
382 815 425 855 ἐν
456 814 680 868 εὐδαιμονίᾳ
717 814 863 866 διάξειν
900 816 1027 857 αὐτῶν
1063 816 1222 867 ἄμεινον
1258 815 1456 868 πράττειν,
1494 818 1562 867 τῆς

235 882 385 933 ἀγαθῆς
414 881 536 934 τύχης
565 884 632 932 τῆς
663 882 816 924 πόλεως
846 882 946 923 εἶναι
973 884 1118 933 τίθημι·
1156 882 1201 923 τὸ
1226 886 1267 924 δὲ
1292 887 1562 935 προσκροῦσαι

236 948 297 988 καὶ
321 947 372 999 μὴ
399 947 515 989 πάνθ’
536 948 587 990 ὡς
612 948 849 999 ἐβουλόμεθ’
869 949 961 1000 ἡμῖν
987 952 1203 1001 συμβῆναι,
1229 952 1298 1000 τῆς
1322 953 1401 990 τῶν
1427 948 1562 990 ἄλλων

235 1015 450 1068 ἀνθρώπων
469 1015 592 1068 τύχης
615 1014 660 1056 τὸ
686 1015 912 1067 ἐπιβάλλον
932 1015 997 1068 ἐφ’
1015 1017 1117 1067 ἡμᾶς
1140 1015 1258 1068 μέρος
1281 1015 1564 1068 μετειληφέναι

235 1083 377 1133 νομίζω
407 1082 478 1133 τὴν
509 1083 639 1123 πόλιν.
710 1083 781 1133 τὴν
810 1082 843 1123 δ’
873 1084 976 1124 ἰδίαν
1008 1083 1132 1136 τύχην
1164 1083 1236 1134 τὴν
1266 1082 1364 1134 ἐμὴν
1396 1083 1458 1123 καὶ
1491 1082 1563 1133 τὴν

235 1148 322 1191 ἑνὸς
357 1149 464 1200 ἡμῶν
501 1149 671 1191 ἑκάστου
708 1151 750 1190 ἐν
783 1153 864 1192 τοῖς
901 1151 1012 1192 ἰδίοις
1048 1148 1245 1200 ἐξετάζειν
1279 1151 1430 1190 δίκαιον
1464 1148 1563 1191 εἶναι

235 1216 390 1267 νομίζω.
461 1216 538 1269 ἐγὼ
567 1218 640 1267 μὲν
670 1216 815 1257 οὑτωσὶ
844 1217 932 1269 περὶ
960 1219 1029 1267 τῆς
1057 1217 1179 1270 τύχης
1209 1216 1317 1267 ἀξιῶ,
1346 1216 1469 1268 ὀρθῶς
1500 1217 1562 1257 καὶ

236 1284 403 1330 δικαίως,
441 1283 491 1325 ὡς
523 1284 675 1338 ἐμαυτῷ
709 1286 821 1329 δοκῶ,
856 1284 999 1334 νομίζω
1033 1286 1074 1324 δὲ
1113 1283 1175 1323 καὶ
1210 1284 1313 1334 ὑμῖν·
1361 1283 1382 1323 ὁ
1418 1284 1460 1324 δὲ
1491 1282 1562 1333 τὴν

237 1350 338 1390 ἰδίαν
370 1350 492 1403 τύχην
524 1349 595 1400 τὴν
630 1349 728 1402 ἐμὴν
761 1353 830 1401 τῆς
863 1352 994 1400 κοινῆς
1030 1353 1099 1401 τῆς
1136 1351 1290 1392 πόλεως
1327 1348 1562 1402 κυριωτέραν

236 1416 339 1457 εἶναί
360 1422 475 1469 φησι,
496 1417 567 1467 τὴν
585 1419 727 1470 μικρὰν
746 1418 810 1458 καὶ
835 1418 995 1470 φαύλην
1014 1419 1083 1468 τῆς
1108 1418 1258 1470 ἀγαθῆς
1284 1418 1346 1459 καὶ
1369 1415 1559 1470 μεγάλης.

236 1483 297 1523 καὶ
323 1487 403 1526 πῶς
430 1484 487 1525 ἔνι
510 1487 626 1524 τοῦτο
651 1483 857 1536 γενέσθαι;

302 1550 377 1590 Καὶ
401 1550 477 1601 μὴν
497 1552 533 1591 εἴ
550 1567 595 1602 γε
613 1550 684 1601 τὴν
704 1550 801 1601 ἐμὴν
821 1551 945 1604 τύχην
966 1550 1122 1594 πάντως
1142 1549 1348 1600 ἐξετάζειν,
1372 1551 1558 1603 Αἰσχίνη,

233 1620 421 1669 προαιρεῖ,
460 1617 556 1669 πρὸς
592 1617 662 1668 τὴν
700 1621 867 1658 σεαυτοῦ
903 1618 1056 1664 σκόπει,
1097 1618 1167 1658 κᾶν
1205 1619 1316 1674 εὕρῃς
1356 1616 1425 1667 τὴν
1464 1616 1560 1667 ἐμὴν

232 1685 383 1735 βελτίω
408 1686 476 1735 τῆς
502 1686 588 1735 σῆς,
611 1688 761 1725 παῦσαι
779 1685 1080 1737 λοιδορούμενος
1101 1684 1208 1741 αὐτῇ.
1270 1684 1412 1725 σκόπει
1430 1685 1560 1724 τοίνυν

233 1750 344 1793 εὐθὺς
373 1750 418 1802 ἐξ
446 1751 581 1804 ἀρχῆς.
655 1752 721 1792 καί
747 1768 823 1803 μου
852 1751 948 1804 πρὸς
977 1751 1072 1794 Διὸς
1104 1752 1296 1802 μηδεμίαν
1324 1751 1561 1805 ψυχρότητα

235 1821 411 1872 καταγνῷ
437 1818 583 1869 μηδείς.
652 1819 730 1870 ἐγὼ
755 1820 830 1871 γὰρ
854 1818 933 1859 οὔτ’
960 1820 995 1859 εἴ
1017 1835 1075 1860 τις
1100 1820 1237 1859 πενίαν
1263 1818 1558 1871 προπηλακίζει,

231 1888 324 1925 νοῦν
343 1884 450 1939 ἔχειν
469 1885 649 1937 ἡγοῦμαι,
672 1885 752 1926 οὔτ’
775 1887 812 1926 εἵ
827 1903 885 1928 τις
901 1887 942 1926 ἐν
960 1886 1152 1938 ἀφθόνοις
1170 1885 1333 1938 τραφεὶς
1353 1886 1417 1926 ἐπὶ
1435 1885 1559 1939 τούτῳ

233 1952 479 2003 σεμνύνεται·
517 1952 609 1993 ἀλλ’
628 1952 704 1993 ὑπὸ
728 1955 796 2003 τῆς
821 1953 973 1993 τουτουὶ
998 1956 1065 1993 τοῦ
1089 1955 1269 2007 χαλεποῦ
1294 1953 1560 2004 βλασφημίας

279 2071 292 2092 1
319 2060 525 2103 ὑπερηφάνως
544 2061 567 2092 S
581 2060 667 2093 LA:
694 2060 883 2103 ὑπερηφάνῳ
902 2060 927 2091 F
944 2060 1033 2100 vulg.
1157 2063 1274 2102 χρῆται
1294 2060 1317 2090 S
1330 2059 1377 2090 L:
1403 2059 1559 2102 κέχρηται

233 2104 321 2144 vulg.
428 2115 447 2134 2
472 2106 523 2137 καὶ
541 2104 775 2146 ἀληθέστερον]
795 2103 992 2146 δικαιότερον
1008 2104 1039 2134 Α
1148 2114 1167 2143 3
1191 2103 1309 2136 τούτου
1325 2102 1404 2135 secl.
1425 2103 1558 2134 Roseu-

232 2148 316 2188 berg
448 2159 467 2187 4
492 2148 675 2189 διαλέξομαι
692 2148 722 2178 Y
735 2148 760 2178 F
776 2158 863 2179 corr.
884 2148 910 2178 B
929 2158 1013 2178 corr.
1032 2147 1062 2186 Q
1078 2161 1128 2189 γρ.
1232 2147 1293 2186 μὲν
1309 2151 1386 2186 post
1402 2147 1464 2185 τὴν
1479 2147 1554 2178 add.

233 2191 320 2232 vulg.
340 2204 347 2223 t
382 2203 447 2223 om.
474 2192 497 2223 S
512 2192 618 2222 LFA
734 2192 872 2232 ἡγοῦμαι
897 2201 962 2220 om.
989 2191 1019 2229 Q
1196 2201 1216 2229 5
1251 2191 1301 2222 καὶ
1326 2191 1384 2222 τὸν
1408 2189 1559 2222 Ἀπόλλω

235 2237 411 2271 (Απολλωῦ
429 2236 447 2266 i.
460 2246 488 2267 e.
506 2235 699 2267 Ἀπόλλωνα
715 2234 759 2275 Α)
779 2236 836 2266 ’τὸν
854 2235 969 2266 Πύθιον
987 2240 1062 2273 post
1081 2237 1150 2273 ὑμῖν
1167 2235 1244 2265 add.
1264 2234 1286 2264 S
1305 2243 1408 2273 marg.
1429 2233 1455 2263 L
1472 2243 1556 2266 corr.

235 2279 265 2310 A
283 2290 385 2319 marg.
405 2279 432 2310 B
448 2293 498 2321 γρ.
521 2279 662 2318 (omisso
680 2278 747 2317 καὶ)
849 2289 870 2317 9
896 2278 1051 2319 προοῖνθ’]
1069 2281 1216 2319 προεῖντο
1235 2277 1265 2308 O
1373 2287 1412 2307 10
1435 2277 1559 2308 τούτων

235 2328 314 2354 ante
343 2326 446 2355 αὐτῶν
474 2323 550 2354 add.
577 2322 631 2353 A:
665 2321 792 2354 ἐκείνων
819 2327 895 2361 post
921 2324 1024 2353 αὐτῶν
1051 2322 1128 2353 add.
1156 2321 1181 2351 L
1205 2320 1317 2359 vulg.:
1351 2330 1413 2351 om.
1445 2320 1559 2360 SF¹Q

240 2377 278 2406 13
301 2367 395 2409 μέρος
412 2377 476 2398 om.
495 2366 526 2397 A
707 2366 745 2395 16
769 2364 929 2405 ἐξετάζειν
945 2370 1022 2395 ante
1042 2366 1114 2405 ἀξιῶ
1131 2365 1208 2396 add.
1228 2364 1254 2394 L
1269 2364 1358 2403 vulg.
1376 2374 1383 2394 ι
1410 2374 1473 2395 om.
1495 2365 1559 2394 SA

241 2419 277 2449 17
302 2412 469 2442 συνδοκεῖν
485 2413 561 2449 post
580 2410 651 2449 ὑμῖν
667 2408 743 2439 add.
763 2407 850 2447 vulg.
868 2418 874 2437 :
899 2418 963 2438 om.
983 2408 1006 2438 S
1023 2407 1090 2438 LA

1585 835 1624 858 10

1586 1167 1622 1201 15

1583 1501 1623 1525 20

1583 1836 1621 1868 ²5
