1747 2844
188 103 276 157 mx]
411 108 554 145 ΠΕΡΙ
605 107 728 145 ΤΗΣ
776 106 1294 145 ΠΑΡΑΙἸΡΕΣΒΕΙΑΣ
1541 105 1659 161 [404]

190 211 382 264 συμφέρει
408 212 453 267 τῇ
479 211 607 252 πόλει.
677 211 825 251 τούτων
850 209 884 250 δ’
907 209 1110 261 οὐδέτερον
1142 209 1288 250 δύναιτ’
1314 210 1362 251 ἂν
1395 211 1506 253 οὗτος

188 280 364 328 ποιῆσαι.
425 278 513 319 οὔτε
535 279 610 330 γὰρ
637 276 688 320 ὡς
713 275 908 329 συμφέρει
926 274 1049 325 δήπου
1068 274 1231 316 Φωκέας
1251 276 1506 318 ἀπολωλέναι
1538 291 1606 325 204

189 345 252 384 καὶ
285 344 423 386 Πύλας
455 345 658 384 Φίλιππον
693 342 801 396 ἔχειν
834 343 896 383 καὶ
929 343 1137 392 Θηβαίους
1174 342 1329 394 ἰσχύειν
1367 344 1428 383 καὶ
1464 345 1506 385 ἐν

190 411 343 464 Εὐβοίᾳ
381 410 621 463 στρατιώτας
658 409 756 450 εἶναι
795 409 857 449 καὶ
894 407 1095 461 Μεγάροις
1132 409 1407 459 ἐπιβουλεύειν
1445 411 1506 450 καὶ

149 493 166 525 5
187 478 389 528 ἀνώμοτον
423 477 521 517 εἶναι
554 476 626 527 τὴν
659 474 827 527 εἰρήνην,
856 475 988 516 ἔνεστι
1021 474 1157 527 λέγειν
1191 475 1308 530 αὐτῷ,
1336 476 1394 517 οἶς
1425 477 1506 517 τότ’

188 543 336 585 ἐναντί’
364 542 583 596 ἀπήγγειλε
613 542 710 595 πρὸς
742 543 842 592 ὑμᾶς
873 542 924 584 ὡς
955 540 1212 594 συμφέροντα
1242 542 1304 582 καὶ
1334 544 1503 595 γενησό-

186 627 296 661 μενα·
335 609 414 650 οὔθ’
442 609 492 651 ὣς
521 610 566 650 οὐ
594 608 814 661 πέπρακται
845 611 978 654 ταῦτα,
1006 607 1217 659 δυνήσεται
1246 610 1387 650 πεῖσαί
1414 610 1506 652 τοὺς
1538 610 1651 666 [405]

186 676 324 718 αὐτοὺς
349 676 557 728 ἑορακότας
581 677 678 727 ὑμᾶς
705 676 766 716 καὶ
793 675 834 715 εὗ
859 675 1023 717 εἰδότας.
1083 675 1221 716 οὐκοῦν
1241 675 1292 718 ὡς
1312 676 1357 716 οὐ
1383 693 1505 717 κεκοι-
1537 692 1603 728 205

186 744 339 794 νώνηκα
368 743 519 784 τούτοις
548 743 718 789 οὐδενός,
743 742 887 783 λοιπόν
916 759 983 793 μοι
1011 740 1147 792 δεῖξαι.
1219 742 1413 794 βούλεσθ’
1438 743 1507 784 οὖν

129 825 167 847 10
185 811 287 861 ὑμῖν,
317 808 446 850 πάντα
478 808 592 849 τᾶλλ’
625 809 753 862 ἀφείς,
786 809 810 849 ἃ
841 808 932 861 παρ’
966 809 1057 859 ὑμῖν
1091 810 1290 855 ἀντεῖπον,
1327 810 1351 850 ἃ
1385 811 1426 850 ἐν
1458 816 1506 867 τῇ

186 877 383 931 ἀποδημίᾳ
411 875 690 929 προσέκρουον,
719 875 769 917 ὡς
795 874 949 916 ἅπαντα
973 875 1042 916 τὸν
1074 876 1221 929 χρόνον
1248 876 1502 927 ἠναντίωμαι,

186 943 325 986 αὐτοὺς
353 942 619 996 παράσχωμαι
651 941 848 994 μάρτυρας
878 942 1040 984 τούτους
1072 943 1132 982 ὅτι
1166 942 1294 983 πάντα
1326 943 1505 984 τάναντί’

186 1011 272 1061 ἐμοὶ
299 1010 360 1051 καὶ
383 1009 534 1052 τούτοις
560 1009 791 1062 πέπρακται,
821 1010 882 1050 καὶ
911 1008 1080 1062 χρήμαθ’
1108 1008 1214 1049 οὗτοι
1245 1011 1316 1060 μὲν
1341 1009 1506 1064 ἔχουσιν

186 1077 251 1129 ἐφ’
276 1079 378 1128 ὑμῖν,
405 1078 483 1130 ἐγὼ
509 1076 541 1117 δ’
567 1076 636 1117 οὐκ
660 1076 842 1127 ἠθέλησα
866 1079 1031 1127 λαβεῖν;
1070 1075 1273 1117 θεάσασθε
1298 1075 1356 1126 δή.

128 1158 164 1190 15
252 1145 352 1185 Τίνα
383 1147 461 1184 τῶν
495 1145 537 1184 ἐν
567 1144 612 1200 τῇ
646 1143 761 1184 πόλει
793 1142 959 1196 φήσαιτ’
988 1142 1035 1184 ἂν
1069 1143 1373 1195 βδελυρώτατον
1406 1143 1504 1185 εἶναι
1536 1147 1606 1182 206

187 1211 248 1251 καὶ
273 1211 466 1261 πλείστης
495 1211 692 1252 ἀναιδείας
726 1210 788 1251 καὶ
822 1211 1033 1262 ὀλιγωρίας
1065 1210 1234 1261 μεστόν,·
1273 1209 1398 1253 οὐδεὶς
1423 1210 1503 1251 οὐδ’

184 1276 231 1318 ἂν
256 1278 436 1330 ἁμαρτὼν
461 1278 568 1328 ὑμῶν
593 1277 720 1318 ἄλλον
747 1276 787 1318 εὖ
814 1276 885 1317 οἶδ’
911 1277 970 1317 ὅτι
996 1275 1164 1328 φήσειεν
1188 1273 1211 1327 ἢ
1239 1276 1503 1329 Φιλοκράτην.

183 1345 271 1385 τίνα
303 1346 344 1385 δὲ
377 1344 626 1397 φθέγγεσθαι
659 1343 851 1396 μέγιστον
885 1342 1070 1384 ἁπάντων
1105 1343 1167 1383 καὶ
1200 1342 1423 1396 σαφέστατ’
1456 1343 1504 1385 ἂν

184 1412 307 1452 εἰπεῖν
332 1412 354 1451 ὅ
377 1428 413 1451 τι
446 1411 636 1462 βούλοιτο
668 1416 714 1467 τῇ
739 1416 874 1467 φωνῇ,·
914 1411 1114 1462 Αἰσχίνην
1148 1408 1218 1449 οἶδ’
1243 1411 1303 1450 ὅτι
1335 1412 1502 1451 τουτονί.

124 1495 162 1517 20
181 1479 268 1518 τίνα
304 1477 336 1518 δ’
374 1477 479 1517 οὗτοι
515 1480 587 1528 μὲν
624 1477 798 1528 ἄτολμον
837 1477 897 1517 καὶ
935 1475 1065 1517 δειλὸν
1100 1475 1197 1528 πρὸς
1233 1476 1323 1519 τοὺς
1358 1479 1504 1530 ὄχλους

181 1544 310 1596 φασὶν
342 1543 453 1591 εἶναι,
488 1545 566 1596 ἐγὼ
600 1543 632 1584 δ’
667 1543 839 1594 εὐλαβῆ,
878 1542 960 1594 ἐμέ·
998 1542 1110 1584 οὐδὲν
1142 1544 1217 1596 γὰρ
1248 1543 1399 1584 πώποτ’
1425 1544 1502 1584 οὔτ’

180 1610 400 1664 ἠνώχλησα
424 1611 513 1652 οὕτε
535 1611 588 1663 μὴ
622 1610 891 1663 βουλομένους
920 1611 1019 1662 ὑμᾶς
1051 1610 1291 1662 βεβίασμαι.
1364 1610 1502 1651 οὐκοῦν
1534 1625 1602 1660 207

182 1679 225 1718 ἐν
248 1677 394 1721 πάσαις
419 1682 504 1721 ταῖς
529 1679 769 1729 ἐκκλησίαις,
798 1677 934 1720 ὁσάκις
958 1678 1080 1731 λόγος
1105 1676 1269 1730 γέγονεν
1294 1678 1381 1729 περὶ
1413 1678 1499 1718 τού-

181 1761 271 1791 των,
311 1746 372 1786 καὶ
410 1749 715 1799 κατηγοροῦντος
752 1745 911 1786 ἀκούετέ
948 1762 1021 1797 μου
1062 1745 1124 1785 καὶ
1163 1744 1402 1797 ἐλέγχοντος
1442 1745 1501 1785 ἀεὶ

122 1827 159 1858 25
181 1813 339 1854 τούτους
376 1814 437 1854 καὶ
473 1813 660 1866 λέγοντος
696 1813 874 1865 ἄντικρυς
911 1813 970 1853 ὅτι
1006 1811 1174 1866 χρήματ’
1209 1810 1402 1864 εἰλήφασι
1440 1811 1501 1851 καὶ

180 1879 309 1920 πάντα
338 1879 564 1933 πεπράκασι
593 1883 641 1921 τὰ
675 1881 886 1934 πράγματα
919 1882 987 1931 τῆς
1021 1880 1187 1920 πόλεως.
1260 1878 1322 1918 καὶ
1354 1878 1501 1918 τούτων

180 1946 304 1989 οὐδεὶς
328 1948 477 1988 πώποτ’
503 1948 654 1989 ἀκούων
679 1947 783 1988 ταῦτ’
810 1949 993 1988 ἀντεῖπεν
1018 1948 1108 1988 οὐδὲ
1138 1948 1246 1997 διῆρε
1279 1944 1322 1984 τὸ
1356 1945 1498 1996 στόμα,

180 2013 259 2053 οὐδ’
297 2013 444 2065 ἔδειξεν
480 2016 631 2056 ἑαυτόν.
701 2017 741 2056 τί
776 2015 862 2056 ποτ’
899 2015 966 2055 οὖν
1003 2015 1090 2054 ἐστι
1126 2013 1170 2053 τὸ
1207 2013 1332 2052 αἴτιον
1368 2012 1426 2051 ὅτι
1463 2013 1499 2052 οἱ
1531 2015 1599 2048 208

178 2082 472 2134 βδελυρώτατοι
501 2086 579 2123 τῶν
612 2083 653 2123 ἐν
685 2083 731 2139 τῇ
764 2083 879 2123 πόλει
913 2081 975 2121 καὶ
1006 2080 1198 2133 μέγιστον
1233 2078 1500 2131 φθεγγόμενοι

224 2203 283 2223 1-2
308 2192 425 2225 δύναιτ’
442 2216 449 2223 .
470 2215 477 2222 .
501 2216 507 2223 .
525 2191 672 2231 ποιῆσαι]
691 2191 820 2224 δύναται
839 2193 939 2224 εἰπεῖν
956 2190 986 2222 Α
1223 2199 1242 2219 2
1267 2188 1368 2227 δήπου
1384 2198 1450 2219 om.
1466 2186 1499 2222 ,Α

177 2246 196 2276 5
220 2238 384 2276 ἀνώμοτον
401 2236 479 2268 εἶναι
497 2235 594 2266 codd.
612 2247 619 2266 ε
659 2235 813 2274 ἀνόνητον
831 2235 898 2274 (vel
917 2233 1086 2273 ἀνήνυτον)
1107 2233 1185 2265 εἶναι
1205 2231 1359 2262 Dobree:
1401 2231 1499 2271 ὄνομα

176 2280 346 2321 ’γεγονέναι
363 2279 455 2310 Weil
571 2278 615 2311 οἷς
632 2279 727 2309 codd.
748 2291 754 2309 :
777 2280 811 2311 ‘bs
830 2279 964 2309 Dobree
1075 2276 1145 2307 τότ’
1163 2276 1291 2308 ἐναντία
1310 2275 1394 2306 SY:
1421 2274 1497 2306 τότε

176 2324 331 2356 τάναντία
349 2323 374 2353 L
390 2323 478 2361 vulg.
628 2331 668 2352 10
691 2322 832 2352 alterum
850 2322 869 2353 ἃ
887 2332 950 2352 om.
973 2319 1050 2350 S¹Y
1202 2329 1238 2349 12
1263 2318 1393 2350 τούτους
1412 2317 1496 2349 SA:

177 2368 325 2398 τουτουσὶ
345 2367 370 2396 L
388 2367 474 2405 vulg.
583 2366 631 2397 ὅτι
651 2366 674 2395 S
687 2365 810 2396 LAY:
836 2367 875 2396 ὡς
893 2365 981 2403 vulg.
1151 2373 1189 2401 19
1213 2365 1343 2403 λαμπρᾷ
1359 2367 1438 2392 ante
1455 2363 1496 2404 τῇ

177 2413 264 2451 φωνῇ
282 2411 356 2442 add.
375 2410 417 2449 A,
436 2410 475 2441 cf.
498 2412 513 2447 ξ
536 2419 596 2448 199
728 2419 768 2438 22
794 2408 972 2447 ἐβιασάμην
989 2406 1018 2436 Α
