1747 2844
161 140 281 194 xv111]
476 144 618 182 ΠΕΡΙ
667 145 788 183 ΤΟΎ
836 145 1174 182 ΣΤΕΦΑΝΟὙ

157 249 250 300 ἡμῖν
269 249 289 288 ὁ
310 248 429 300 ἀγών,
453 247 663 301 σκέψασθε
682 252 777 290 πῶς.
831 251 987 300 πρῶτον
1010 249 1083 298 μὲν
1103 246 1201 300 ἦρχε
1226 250 1302 287 τῶν
1323 248 1487 287 ἀκολου-

157 315 330 356 θούντων
356 315 471 357 αὐτὸς
496 314 757 367 αὐτοκράτωρ,
779 314 798 354 ὃ
824 318 899 355 τῶν
926 315 979 355 εἷς
1004 314 1072 354 τὸν
1097 314 1273 365 πόλεμον
1298 313 1489 365 μέγιστόν

156 384 268 423 ἐστιν
293 381 491 422 ἁπάντων·
529 381 600 422 εἶθ’
621 381 728 422 οὗτοι
751 383 800 422 τὰ
824 380 915 422 ὅπλ’
936 380 1046 433 εἶχον
1073 382 1115 421 ἐν
1139 384 1223 422 ταῖς
1248 380 1389 433 χερσὶν
1415 381 1488 420 ἀεί·

157 449 292 491 ἔπειτα
324 448 537 502 χρημάτων
565 448 727 500 ηὐπόρει
761 448 822 488 καὶ
855 448 1047 500 ἔπραττεν
1072 448 1096 488 δι
1125 447 1275 498 δόξειεν
1303 447 1418 501 αὐτῷ,
1446 447 1489 487 οὐ

119 533 136 564 5
157 515 366 568 προλέγων
403 517 445 556 ἐν
482 519 564 558 τοῖς
598 515 878 568 ψηφίσμασιν,
914 514 994 555 οὐδ’
1028 516 1072 555 ἐν
1104 518 1156 569 τῷ
1195 518 1352 569 φανερῷ
1390 518 1488 565 βου-

156 583 382 634 λευόμενος,
415 582 493 623 οὐδ’
524 581 599 622 ὑπὸ
629 585 706 622 τῶν
737 581 1096 634 συκοφαντούντων
1127 582 1364 633 κρινόμενος,
1402 581 1490 621 οὐδὲ

156 651 313 702 γραφὰς
339 649 499 701 φεύγων
523 649 774 700 παρανόμων,
801 648 880 689 οὐδ’
907 648 1120 690 ὑπεύθυνος
1150 647 1203 689 ὢν
1229 648 1370 693 οὐδενί,
1399 647 1490 688 ἀλλ’

156 718 292 758 ἁπλῶς
322 715 434 757 αὐτὸς
467 716 676 766 δεσπότης,
704 716 874 768 ἡγεμών,
903 715 1032 767 κύριος
1060 714 1232 756 πάντων.
1305 715 1382 767 ἐγὼ
1413 714 1444 754 δ’
1471 715 1490 753 ὁ

156 781 252 836 πρὸς
275 785 413 822 τοῦτον
438 781 763 834 ἀντιτεταγμένος
788 780 867 834 (καὶ
892 783 968 834 γὰρ
991 781 1092 822 τοῦτ’
1120 781 1304 832 ἐξετάσαι
1329 780 1492 831 δίκαιον)

99 865 136 887 10
157 851 262 890 τίνος
289 849 417 901 κύριος
446 848 512 899 ἧν;
550 849 721 891 οὐδενός·
760 849 854 889 αὐτὸ
884 850 958 902 γὰρ
985 848 1030 888 τὸ
1060 852 1296 901 δημηγορεῖν
1321 852 1487 900 πρῶτον,

158 916 202 955 οὗ
232 916 353 967 μόνου
382 919 567 969 μετεῖχον
594 916 683 968 ἐγώ,
712 914 758 966 ἐξ
783 917 873 957 ’ίσου
904 915 1124 968 προύτίθεθ’
1150 917 1258 966 ὑμεῖς
1286 919 1367 957 τοῖς
1397 915 1488 967 παρ’

158 983 309 1023 ἐκείνου
344 985 609 1035 μισθαρνοῦσι
647 983 708 1023 καὶ
746 984 844 1034 ἐμοί,
885 983 947 1023 καὶ
987 982 1051 1022 ὅσ’
1088 982 1194 1022 οὗτοι
1231 981 1490 1034 περιγένοιντ’

160 1051 254 1100 ἐμοῦ
282 1049 432 1101 (πολλὰ
461 1048 494 1089 δ’
523 1050 702 1102 ἐγίγνετο
734 1053 868 1096 ταῦτα,
895 1049 944 1090 δι’
974 1048 1020 1099 ἣν
1052 1050 1222 1089 ἕκαστον
1251 1050 1364 1101 τύχοι
1393 1050 1488 1100 πρό-

159 1113 313 1168 φασιν),
335 1115 443 1156 ταῦθ’
463 1117 560 1168 ὑπὲρ
586 1120 664 1156 τῶν
684 1117 837 1169 ἐχθρῶν
862 1117 986 1173 ἀπῇτε
1009 1115 1338 1167 βεβουλευμένοι.
1399 1115 1490 1156 ἀλλ’

98 1197 134 1229 15
158 1183 263 1234 ὅμως
298 1185 339 1224 ἐκ
372 1184 559 1224 τοιούτων
593 1182 880 1234 ἐλαττωμάτων
914 1183 993 1235 ἐγὼ
1027 1182 1259 1236 συμμάχους
1295 1185 1367 1234 μὲν
1399 1184 1490 1233 ὑμῖν

158 1251 331 1301 ἐποίησα
363 1249 558 1301 Εὐβοέας,
588 1249 787 1302 Ἀχαιούς,
822 1251 1063 1302 Κορινθίους,
1097 1250 1317 1301 Θηβαίους,
1352 1252 1488 1302 Μεγα-

157 1316 259 1369 ρέας,
282 1317 530 1363 Λευκαδίους,
554 1318 826 1368 Κερκυραίους,
848 1316 918 1369 ἀφ’
937 1317 990 1357 ὧν
1009 1316 1138 1368 μύριοι
1162 1318 1235 1367 μὲν
1262 1318 1323 1357 καὶ
1349 1333 1490 1357 πεντα-

159 1385 353 1437 κισχίλιοι
388 1383 507 1434 ξένοι,
547 1384 740 1436 δισχίλιοι
782 1383 815 1422 δ’
853 1385 985 1425 ἱππεῖς
1026 1383 1118 1423 ἄνευ
1159 1387 1236 1423 τῶν
1277 1387 1490 1424 πολιτικῶν

156 1449 357 1502 δυνάμεων
395 1449 668 1502 συνήχθησαν·
723 1448 936 1503 χρημάτων
971 1449 1004 1490 δ’
1040 1450 1148 1490 ὅσων
1185 1449 1375 1501 ἐδυνήθην
1413 1451 1490 1502 ἐγὼ

97 1531 136 1553 20
156 1517 357 1558 πλείστων
395 1515 628 1557 συντέλειαν
671 1517 855 1566 ἐποίησα.
926 1517 959 1557 εἰ
997 1517 1038 1556 δὲ
1076 1516 1209 1568 λέγεις
1245 1513 1268 1566 ἦ
1309 1518 1356 1556 τὰ
1394 1516 1490 1569 πρὸς

158 1584 367 1635 Θηβαίους
392 1582 527 1633 δίκαι’,
556 1584 743 1636 Αἰσχίνη,
771 1580 794 1633 ἢ
819 1584 867 1623 τὰ
891 1582 988 1635 πρὸς
1013 1584 1248 1633 Βυζαντίους
1272 1580 1295 1633 ἢ
1321 1585 1369 1623 τὰ
1394 1583 1490 1635 πρὸς

159 1650 354 1702 Εὐβοέας,
378 1648 401 1701 ἢ
421 1651 509 1703 περὶ
534 1653 612 1691 τῶν
632 1651 733 1690 ἴσων
755 1650 838 1690 νυνὶ
858 1649 1048 1702 διαλέγει,
1069 1653 1224 1702 πρῶτον
1243 1652 1316 1701 μὲν
1335 1651 1491 1702 ἀγνοεῖς

156 1718 215 1758 ὅτι
241 1719 304 1759 καὶ
334 1718 526 1770 πρότερον
551 1721 629 1758 τῶν
652 1718 749 1768 ὑπὲρ
779 1720 856 1757 τῶν
875 1715 1085 1767 Ἑλλήνων
1110 1717 1269 1758 ἐκείνων
1294 1718 1491 1769 ἀγωνισα-

155 1784 285 1835 μένων
315 1784 496 1837 τριήρων,
532 1785 769 1837 τριακοσίων
802 1784 934 1824 οὐσῶν
962 1787 1039 1824 τῶν
1072 1787 1225 1830 πασῶν,
1257 1786 1326 1826 τὰς
1359 1787 1487 1824 διακο-

96 1867 134 1897 ²5
156 1852 246 1892 σίας
283 1851 306 1902 ἡ
344 1852 460 1894 πόλις
497 1851 737 1905 παρέσχετο,
775 1851 837 1891 καὶ
873 1850 941 1891 οὐκ
979 1852 1243 1891 ἐλαττοῦσθαι
1278 1851 1490 1901 νομίζουσα

155 1918 244 1958 οὐδὲ
265 1919 453 1970 κρίνουσα
471 1918 562 1960 τοὺς
580 1922 700 1958 ταῦτα
721 1918 1103 1969 συμβουλεύσαντας
1123 1917 1203 1957 οὐδ’
1223 1916 1488 1970 ἇγανακτοῧσ’

154 1985 218 2025 ἐπὶ
247 1986 397 2027 τούτοις
428 1988 576 2037 ἑωρᾶτο
605 1983 790 2038 (αἰσχρὸν
820 1981 922 2038 γάρ),
955 1985 1062 2024 ἀλλὰ
1092 1987 1173 2025 τοῖς
1206 1986 1310 2026 θεοῖς
1340 1984 1490 2036 ἔχουσα

154 2051 284 2104 χάριν,
321 2054 355 2093 εἰ
393 2055 522 2092 κοινοῦ
557 2053 734 2092 κινδύνου
769 2055 850 2093 τοῖς
876 2050 1058 2102 ’Έλλησι
1095 2051 1355 2103 περιστάντος
1391 2050 1487 2100 αὐτὴ

155 2118 348 2160 διπλάσια
372 2123 449 2160 τῶν
474 2119 611 2159 ἄλλων
636 2121 690 2161 εἷς
715 2119 787 2169 τὴν
812 2118 997 2159 ἁπάντων
1023 2120 1220 2170 σωτηρίαν
1246 2117 1484 2169 παρέσχετο.

199 2238 218 2258 2
249 2230 292 2260 ὥν
315 2233 392 2267 post
417 2227 619 2270 αὐτοκράτωρ
644 2228 719 2260 add.
746 2227 842 2258 AO:
873 2239 936 2259 om.
966 2227 989 2259 S
1005 2228 1030 2258 L
1046 2227 1112 2266 FQ
1127 2227 1156 2258 Y
1291 2229 1312 2257 6
1336 2227 1401 2258 οὐδ’
1427 2227 1485 2258 ὑπὸ

156 2294 164 2301 .
184 2295 192 2302 .
213 2295 219 2302 .
241 2271 422 2313 κρινόμενος
447 2282 511 2303 om.
541 2271 577 2302 S¹
603 2271 717 2302 solus:
751 2272 829 2302 secl.
861 2272 996 2302 Dobree
1182 2281 1215 2300 11
1251 2270 1349 2310 μόνου
1375 2270 1398 2300 S
1415 2269 1486 2300 LA

158 2313 182 2343 F
196 2313 222 2343 B
238 2325 244 2344 :
268 2314 366 2354 μόνον
382 2315 472 2354 vulg.
598 2314 798 2356 προύτίθεσθ’
817 2315 840 2346 S
855 2315 885 2354 Q
1057 2324 1095 2353 13
1119 2317 1222 2346 ταῦτα
1240 2314 1262 2344 S
1277 2314 1307 2352 Q
1322 2325 1327 2346 :
1354 2316 1486 2345 τοιαῦτα

159 2356 184 2386 L
202 2358 290 2397 vulg.
383 2358 438 2399 ἢν]
455 2359 556 2396 ἥντιν’
576 2358 712 2388 Dobree
843 2368 947 2398 19—20
971 2359 1054 2390 ὅσων
1073 2383 1078 2388 .
1099 2382 1105 2388 .
1125 2381 1132 2388 .
1152 2358 1315 2390 πλείστων
1332 2357 1484 2388 Wester-

158 2411 257 2431 mann
274 2413 280 2431 ε
306 2402 386 2440 ὅσην
403 2426 409 2433 .
432 2426 438 2433 .
458 2426 465 2432 .
486 2407 649 2439 πλείστην
668 2401 799 2432 Dobree
817 2414 822 2432 :
848 2403 931 2434 ὅσων
949 2426 954 2433 .
975 2426 981 2432 .
1002 2426 1008 2432 .
1031 2402 1191 2439 πλείστην
1209 2401 1304 2432 codd.

203 2467 389 2498 DEMOSTH„
409 2468 485 2489 vm..
505 2469 526 2490 1.
1322 2460 1361 2491 19

1518 143 1630 198 [305]

1521 714 1589 759 236

1522 1125 1588 1162 237

1520 1524 1589 1566 238
