1763 2828
105 124 208 178 [218]

168 312 210 348 23

164 784 209 817 24

158 1577 203 1612 26

88 1839 197 1893 [219]

155 2117 196 2151 27

650 121 1166 177 [ΔΗΜΟΣΘΕΝΟὙΣ]
1464 124 1565 178 [xm

243 228 458 270 ἐπαύσαντ’
494 228 840 282 ἐξαμαρτάνοντες,
872 229 992 280 ἧττόν
1027 247 1066 271 τι
1098 229 1222 281 δήπου
1256 231 1569 282 παραβεβήκασι

242 298 311 338 τὰς
338 299 468 339 κοινὰς
494 298 719 349 ὁμολογίας.
792 296 884 336 ἀλλ’
911 297 1155 350 εὐτυχοῦσιν,
1183 299 1244 338 ὅτι
1272 300 1569 351 ἐναποχρῶνται

242 369 289 420 τῇ
308 363 472 417 ὑμετέρᾳ
490 365 658 418 ῥᾳθυμίᾳ
677 365 721 419 τῇ
743 365 830 404 οὐδὲ
850 368 929 404 τῶν
948 365 1106 405 δικαίων
1127 365 1341 405 ἀπολαύειν
1361 382 1565 417 προαιρου-

241 429 352 487 μένῃ.
425 430 444 469 ὃ
472 431 532 470 καὶ
562 432 904 483 ὑβριστικώτατον
929 431 1204 482 συμβέβηκεν,
1232 433 1266 472 εἷ
1291 433 1326 472 οἱ
1353 434 1425 482 μὲν
1449 432 1567 474 ἄλλοι

234 496 436 548 “Έλληνες
479 499 540 538 καὶ
582 497 785 550 βάρβαροι
828 497 997 540 ἅπαντες
1038 498 1110 548 τὴν
1148 498 1244 550 πρὸς
1285 500 1383 549 ὑμᾶς
1421 499 1605 552 ἔχθραν5

243 568 477 617 φοβοῦνται,
507 565 613 604 οὗτοι
643 564 674 604 δ’
706 567 741 605 οἱ
772 566 1005 606 νεόπλουτοι
1033 566 1148 616 μόνοι
1179 569 1441 617 καταφρονεῖν
1470 566 1568 616 ὑμᾶς

240 632 345 682 ὑμῶν
362 631 487 671 αὐτῶν
508 631 785 683 ἀναγκάζουσι,
802 634 850 672 τα
870 635 942 683 μὲν
961 633 1174 678 πείθοντες,
1192 634 1240 672 τὰ
1260 634 1302 672 δὲ
1321 632 1565 683 βιαζόμενοι,

241 699 375 750 ὥσπερ
407 700 448 738 ἐν
478 698 733 750 Ἀβδηρίταις
766 695 790 748 ἢ
825 701 1110 751 Μαρωνείταις,
1147 698 1239 740 ἀλλ’
1273 699 1341 739 οὐκ
1375 700 1416 739 ἐν
1447 698 1564 750 Ἀθη-

241 766 363 805 ναίοις
380 766 690 816 πολιτευόμενοι.
747 766 809 806 καὶ
827 766 905 817 ἅμα
923 768 1040 819 μικρὰ
1058 768 1130 817 μὲν
1145 768 1194 806 τὰ
1212 766 1378 818 ὑμέτερα
1393 770 1563 813 ποιοῦσι,

239 833 287 871 τὰ
326 833 367 872 δὲ
402 836 479 872 τῶν
517 834 669 885 ἐχθρῶν
707 832 865 886 ἰσχυρά,
904 833 984 884 ἅμα
1023 835 1063 874 δὲ
1102 832 1368 874 λανθάνουσιν
1407 833 1566 876 ἑαυτοὺς
1589 853 1627 876 10

239 899 514 939 ἀνυπόστατον
541 898 614 949 τὴν
641 899 760 940 πόλιν
789 901 1074 952 ὁμολογοῦντες
1106 899 1218 946 εἶναι,
1250 901 1566 951 διακελευόμενοι

238 965 281 1005 τὸ
312 967 461 1006 δίκαιον
492 965 536 1006 οὐ
565 966 722 1008 δικαίως
752 966 1047 1019 διαφυλάττειν,
1080 966 1131 1008 ὡς
1161 970 1214 1021 τῷ
1245 966 1493 1019 συμφέροντί
1518 984 1565 1019 γε

237 1032 508 1084 προελομένην
528 1035 704 1086 χρῆσθαι
724 1036 878 1085 κρατεῖν
899 1033 946 1074 ἂν
965 1038 1041 1074 τῶν
1061 1034 1263 1084 πολεμίων
1287 1034 1429 1087 ῥᾳδίως
1449 1036 1561 1084 δυνη-

238 1102 387 1141 θεῖσαν.
459 1100 617 1142 εἰκότως
646 1100 679 1140 δ’
705 1099 799 1140 αὐτὸ
824 1101 1084 1141 πεπόνθασιν·
1123 1100 1196 1142 ἕως
1220 1102 1295 1153 γὰρ
1320 1099 1368 1140 ἂν
1395 1097 1462 1156 ἐξῇ
1487 1103 1565 1141 τῶν

237 1169 334 1206 κατὰ
368 1166 568 1208 θάλατταν
602 1168 664 1208 καὶ
696 1168 833 1218 μόνοις
865 1166 1235 1220 ἀναμφισβητήτως
1272 1167 1371 1208 εἶναι
1404 1168 1559 1219 κυρίοις,
1587 1185 1624 1218 15

235 1237 317 1276 τοῖς
342 1251 387 1286 γε
413 1236 508 1274 κατὰ
527 1237 602 1287 γῆν
622 1233 719 1286 πρὸς
737 1235 783 1290 τῇ
802 1235 1038 1290 ὑπαρχούσῃ
1063 1233 1224 1285 δυνάμει
1249 1234 1337 1275 ἔστι
1355 1235 1563 1286 προβολὰς

236 1301 370 1353 ἑτέρας
395 1300 652 1355 ἰσχυροτέρας
678 1300 873 1353 εὑρέσθαι,
895 1301 1029 1343 ἄλλως
1053 1318 1095 1342 τε
1122 1302 1184 1342 καὶ
1210 1299 1469 1351 πεπαυμένων
1487 1300 1562 1341 ὑπὸ

234 1369 303 1418 τῆς
322 1368 443 1422 τύχης
467 1371 545 1409 τῶν
564 1367 914 1420 δορυφορουμένων
938 1368 1014 1408 ὑπὸ
1038 1371 1116 1408 τῶν
1135 1371 1372 1420 τυραννικῶν
1393 1384 1559 1419 στρατο-

234 1434 376 1481 πέδων,
415 1435 476 1475 καὶ
512 1438 589 1475 τῶν
625 1437 696 1485 μὲν
733 1434 1005 1487 ἐφθαρμένων,
1043 1439 1121 1475 τῶν
1157 1437 1198 1475 δὲ
1235 1433 1561 1487 ἐξεληλεγμένων

233 1500 389 1544 οὐδενὸς
414 1500 535 1552 ἀξίων
559 1503 696 1542 ὄντων.
1584 1521 1624 1543 20

299 1568 358 1608 Τὸ
381 1570 453 1619 μὲν
473 1569 540 1610 οὖν
560 1569 648 1620 περὶ
672 1570 719 1608 τὰ
744 1573 866 1609 πλοῖα
890 1568 986 1620 πρὸς
1004 1572 1085 1610 τοῖς
1110 1568 1249 1610 ἄλλοις
1273 1573 1355 1610 τοῖς
1379 1585 1560 1622 προειρη-

232 1634 366 1686 μένοις
385 1636 405 1675 ὁ
425 1637 621 1676 Μακεδὼν
639 1639 869 1686 τηλικοῦτον
891 1635 1060 1687 παρέβη·
1099 1635 1143 1676 τὸ
1163 1638 1203 1677 δὲ
1222 1636 1562 1688 ὑβριστικώτατον

233 1702 295 1742 καὶ
320 1703 684 1754 ὑπεροπτικώτατον
708 1706 785 1743 τῶν
806 1703 1049 1743 Μακεδόνων
1075 1702 1118 1743 τὸ
1143 1703 1277 1755 πρώην
1297 1702 1560 1756 γεγενημένον

233 1770 332 1815 ἐστί,
367 1769 412 1809 τὸ
443 1772 643 1820 τολμῆσαι
681 1771 918 1810 εἰσπλεῦσαι
956 1771 1011 1812 εἰς
1047 1769 1116 1810 τὸν
1151 1772 1317 1822 Πειραιᾶ
1355 1772 1459 1822 παρὰ
1492 1771 1561 1811 τὰς

233 1837 363 1878 κοινὰς
396 1837 488 1887 ἡμῖν
518 1836 613 1889 πρὸς
646 1836 785 1878 αὐτοὺς
819 1838 1046 1889 ὁμολογίας.
1120 1838 1181 1877 καὶ
1215 1836 1330 1883 τοῦτ’,
1364 1835 1393 1876 ὦ
1424 1836 1561 1887 ἄνδρες
1582 1855 1619 1886 25

229 1902 445 1954 Ἀθηναῖοι,
472 1903 545 1956 οὐχ
570 1904 629 1944 ὅτι
652 1904 721 1954 μία
745 1903 903 1956 τριήρης
927 1903 987 1954 ἦν,
1015 1903 1153 1955 μικρὸν
1178 1902 1439 1954 ὑποληπτέον,
1468 1902 1560 1943 ἀλλ’

230 1971 291 2010 ὅτι
322 1970 518 2023 ἀπόπειρα
551 1969 721 2023 ἐγένετο,
755 1972 788 2011 εἰ
820 1971 1106 2023 περιοψόμεθα,
1139 1972 1203 2011 ἵνα
1234 1972 1332 2021 μετὰ
1365 1970 1560 2011 πλειόνων

230 2037 361 2079 αὐτοῖς
381 2037 588 2090 ἐγγένηται
607 2041 722 2077 τοῦτο
749 2037 944 2089 πράττειν,
970 2038 1031 2077 καὶ
1051 2038 1111 2077 ὅτι
1131 2037 1198 2077 οὐκ
1219 2037 1462 2089 ἐφρόντισαν
1481 2040 1560 2076 τῶν

229 2108 369 2144 κοινῶν
389 2104 606 2157 δογμάτων,
631 2103 804 2156 καθάπερ
825 2104 911 2144 οὐδὲ
931 2108 1008 2144 τῶν
1028 2103 1333 2157 προειρημένων.
1394 2104 1477 2144 ἐπεὶ
1498 2104 1559 2143 ὅτι

229 2187 275 2223 γε
290 2174 404 2211 τοῦτο
421 2170 638 2224 παράδυσις
659 2170 705 2221 ἦν
723 2173 818 2210 κατὰ
838 2171 976 2223 μικρὸν
995 2171 1056 2211 καὶ
1078 2170 1239 2221 ἐθισμὸς
1255 2174 1324 2210 τοῦ
1343 2170 1558 2223 ἀνέχεσθαι
1578 2187 1619 2219 30

272 2293 291 2312 2
317 2281 574 2324 e'vawoxpc'hvrat]
594 2282 669 2311 sort.
692 2280 726 2312 εὖ
744 2282 948 2322 ἀποχρῶνται
967 2280 1007 2312 G.
1029 2281 1073 2311 H.
1092 2280 1258 2311 Schaeser
1419 2290 1440 2319 9
1463 2280 1558 2320 μικρὰ

228 2330 307 2357 ante
330 2325 390 2365 μὲν
410 2325 460 2357 A:
489 2330 565 2366 post
587 2324 646 2365 μὲν
669 2324 758 2363 vulg.
868 2324 1003 2365 ὑμέτερα
1026 2324 1077 2355 Α;
1108 2323 1247 2365 ἡμέτερα
1269 2322 1443 2365 πράγματα
1464 2323 1553 2362 vulg.

233 2380 270 2408 15
294 2370 400 2409 μόνοις
417 2369 448 2399 Α
466 2381 473 2400 :
496 2369 601 2409 μόνων
619 2368 709 2407 vulg.
827 2368 866 2397 16
889 2368 1052 2409 προβολὰς
1072 2367 1287 2407 Harpocrat.,
1308 2366 1417 2406 phot„
1438 2366 1530 2397 Suid.
1549 2378 1556 2396 ε

229 2414 416 2455 προσβολὰς
435 2412 525 2451 vulg.
669 2421 710 2451 25
735 2411 908 2452 ὁμολογίας
924 2411 974 2441 A:
1002 2411 1159 2448 συνθήκας
1176 2410 1266 2449 vulg.
1410 2420 1450 2448 29
1474 2410 1555 2449 τῶν]

231 2457 304 2488 sort.
326 2457 374 2488 ἐπὶ
393 2459 457 2487 τῶν
476 2455 570 2486 Blass
