1763 2828
104 146 216 201 [288]

152 696 211 731 181

97 798 214 851 [289]

153 1199 217 1225 102

155 1518 218 1561 183

156 1845 221 1886 184

97 2056 218 2110 [290]

678 144 1163 184 ΔΗΜΟΣΘΕΝΟὙΣ
1463 147 1582 195 [xvm

251 253 375 292 κακῶς
412 249 650 303 ἐπέτριψας,·
696 250 786 290 τότε
827 250 960 290 τοίνυν
994 248 1078 290 κατ’
1112 249 1263 291 ἐκεῖνον
1295 248 1365 290 τὸν
1398 249 1532 302 καιρὸν
1565 251 1586 289 ὁ

252 317 464 359 Παιανιεὺς
511 318 591 369 ἐγὼ
635 316 841 358 Βάτταλος
885 316 1089 368 Οἰνομάου
1132 320 1201 357 τοῦ
1244 318 1470 358 Κοθωκίδου
1512 321 1587 358 σοῦ

251 386 435 427 πλείονος
469 384 577 435 ἄξιος
612 384 666 427 ὢν
700 384 856 437 ἐφάνην
889 385 935 440 τῇ
970 385 1140 436 πατρίδι.
1214 384 1265 426 σὺ
1297 383 1369 436 μέν
1404 383 1440 436 γ’
1473 385 1587 427 οὐδὲν

249 452 421 504 οὐδαμοῦ
455 451 653 506 χρήσιμος
690 451 808 502 ἦσθα·
858 453 936 504 ἐγὼ
971 454 1010 493 δὲ
1046 450 1161 493 πάνθ’
1197 453 1275 492 ὅσα
1308 453 1486 504 προσῆκε
1517 451 1588 494 τὸν

251 519 401 571 ἀγαθὸν
426 521 593 566 πολίτην
619 520 826 571 ἔπραττον.
902 518 1006 571 Λέγε
1031 519 1075 559 τὸ
1100 518 1299 572 ψήφισμά
1324 535 1403 570 μοι.

643 634 833 663 ΨΗΦΙΣΜΑ
867 634 1190 662 ΔΗΜΟΣΘΕΝΟΎΣ.

303 690 400 742 ζἘπὶ
421 692 599 741 ἄρχοντος
622 691 890 735 Ναυσικλέους,
914 693 1038 740 φυλῆς
1062 692 1360 740 πρυτανευούσης
1383 691 1587 737 Αἰαντίδος,

249 749 538 795 σκιροφοριῶνος
555 746 640 795 ἕκτῃ
659 746 717 783 ἐπὶ
733 745 830 788 δέκα,
846 745 1093 795 Δημοσθένης
1107 745 1373 795 Δημοσθένους
1392 746 1588 787 Παιανιεὺς

250 800 358 838 εἶπεν·
391 799 515 849 ἐπειδὴ
536 800 725 840 Φίλιππος
746 801 764 837 ὁ
786 800 967 838 Μακεδὼν
988 800 1025 838 ἕν
1044 816 1083 837 τε
1102 803 1151 851 τῷ
1172 800 1451 849 παρεληλυθότι
1465 802 1586 852 χρόνῳ

248 855 489 904 παραβαίνων
508 854 677 902 φαίνεται
701 856 765 894 τὰς
788 854 1035 906 γεγενημένας
1062 856 1157 905 αὐτῷ
1187 855 1374 903 συνθήκας
1403 856 1495 905 πρὸς
1523 856 1587 894 τὸν

248 908 452 958 Ἀθηναίων
487 909 603 959 δῆμον
634 909 718 958 περὶ
751 911 816 958 τῆς
851 910 1004 959 εἰρήνης,
1036 909 1213 959 ὑπεριδὼν
1246 909 1330 949 τοὺς
1364 908 1492 958 ὅρκους
1527 910 1587 948 καὶ

248 965 293 1001 τὰ
319 965 419 1014 παρὰ
445 966 540 1002 πᾶσι
569 965 644 1004 τοῖς
668 962 839 1013 ’Έλλησι
866 964 1087 1013 νομιζόμενα
1111 963 1201 1001 εἶναι
1225 963 1356 1008 δίκαια,
1380 964 1440 1002 καὶ
1460 965 1586 1005 πόλεις

248 1020 477 1068 παραιρεῖται
511 1018 615 1056 οὐδὲν
644 1019 741 1070 αὐτῷ
774 1019 1051 1069 προσηκούσας,
1086 1020 1186 1058 τινὰς
1220 1017 1258 1056 δὲ
1294 1018 1354 1057 καὶ
1381 1016 1587 1068 Ἀθηναίων

248 1074 363 1114 οὔσας
386 1073 630 1123 δοριαλώτους
656 1073 857 1123 πεποίηκεν
877 1073 980 1111 οὐδὲν
1000 1072 1258 1123 προαδικηθεὶς
1284 1073 1355 1112 ὑπὸ
1380 1075 1445 1112 τοῦ
1469 1073 1587 1123 δήμου

248 1131 312 1166 τοῦ
332 1127 548 1177 Ἀθηναίων,
572 1129 608 1166 ἔν
628 1145 667 1167 τε
687 1131 737 1179 τῷ
757 1129 912 1178 παρόντι
932 1128 992 1166 ε’πὶ
1010 1128 1110 1166 πολὺ
1130 1129 1287 1180 προάγει
1310 1130 1357 1179 τῇ
1379 1144 1418 1166 τε
1438 1128 1507 1179 βίᾳ
1528 1129 1587 1166 καὶ

248 1185 295 1233 τῇ
314 1183 486 1232 ὠμότητι·
519 1184 578 1221 καὶ
602 1185 674 1235 γὰρ
694 1182 917 1232 Ἑλληνίδας
937 1183 1065 1223 πόλεις
1086 1183 1128 1224 ἂς
1151 1184 1219 1233 μὲν
1241 1183 1471 1233 ἐμφρούρους
1491 1184 1590 1221 ποιεῖ

250 1238 309 1275 καὶ
347 1239 411 1278 τὰς
444 1239 633 1278 πολιτείας
672 1239 857 1283 καταλύει,
892 1239 991 1278 τινὰς
1026 1238 1064 1276 δὲ
1101 1238 1160 1276 καὶ
1195 1237 1587 1289 ἐξανδραποδιζόμενος

251 1293 513 1338 κατασκάπτει,
529 1294 577 1332 εἷς
593 1293 687 1332 ἐνίας
707 1293 745 1331 δὲ
767 1292 826 1330 καὶ
842 1293 923 1331 ἀντὶ
942 1291 1136 1342 Ἑλλήνων
1150 1293 1372 1343 βαρβάρους
1394 1293 1588 1339 κατοικίζει

249 1347 309 1385 ἐπὶ
328 1348 374 1384 τὰ
396 1348 472 1396 ἱερὰ
493 1347 552 1385 καὶ
572 1348 655 1387 τοὺς
678 1348 820 1396 τάφους
845 1349 1002 1399 ἐπάγων,
1024 1347 1128 1386 οὐδὲν
1150 1348 1351 1397 ἀλλότριον
1369 1350 1485 1386 ποιῶν
1505 1348 1587 1386 οὔτε

249 1403 313 1450 τῆς
333 1404 462 1440 ἑαυτοῦ
481 1402 655 1452 πατρίδος
682 1403 764 1440 οὕτε
790 1405 855 1441 τοῦ
881 1403 1031 1452 τρόπου,
1055 1402 1113 1440 καὶ
1140 1405 1187 1453 τῇ
1210 1405 1273 1441 νῦν
1293 1404 1390 1453 αὐτῷ
1414 1402 1586 1452 παρούσῃ

248 1457 343 1507 τύχῃ
375 1457 581 1506 κατακόρως
609 1457 807 1508 χρώμενος,
830 1458 1125 1506 ἐπιλελησμένος
1154 1460 1283 1496 ἑαυτοῦ
1309 1458 1364 1496 ὅτι
1392 1462 1431 1497 ἐκ
1454 1459 1587 1506 μικροῦ

251 1511 310 1548 καὶ
333 1513 398 1549 τοῦ
421 1512 596 1562 τυχόντος
620 1512 772 1563 γέγονεν
792 1511 1022 1552 ἀνελπίστως
1049 1512 1175 1564 μέγας·
1209 1513 1269 1550 καὶ
1290 1513 1353 1553 ἕως
1372 1515 1440 1563 μὲν
1459 1512 1587 1551 πόλεις

250 1565 343 1614 ἑώρα
376 1566 667 1614 παραιρούμενον
696 1567 806 1604 αὐτὸν
834 1567 1056 1615 βαρβάρους
1093 1566 1151 1604 καὶ
1187 1566 1288 1612 ἰδίας,
1319 1567 1588 1616 ὑπελάμβανεν

252 1619 405 1658 ἔλαττον
427 1619 515 1657 εἶναι
542 1622 561 1658 ὁ
590 1620 702 1670 δῆμος
730 1622 749 1658 ὁ
776 1619 981 1669 Ἀθηναίων
1001 1621 1043 1658 τὸ
1065 1622 1113 1660 εἷς
1137 1622 1247 1659 αὑτὸν
1267 1620 1585 1672 πλημμελεῖσθαι·

252 1676 313 1712 νῦν
348 1674 386 1712 δὲ
420 1675 511 1723 ὁρῶν
545 1673 767 1723 Ἑλληνίδας
800 1675 929 1715 πόλεις
962 1676 1027 1715 τὰς
1060 1676 1127 1724 μὲν
1160 1677 1416 1726 ὑβριζομένας,
1451 1677 1515 1716 τὰς
1550 1675 1588 1713 δὲ

253 1729 480 1768 ἀναστάτους
505 1730 733 1781 γιγνομένας,
757 1729 872 1767 δεινὸν
894 1730 1035 1781 ἡγεῖται
1064 1729 1153 1768 εἶναι
1179 1730 1237 1768 καὶ
1262 1732 1411 1777 ἀνάξιον
1429 1733 1494 1780 τῆς
1518 1733 1590 1769 τῶν

252 1784 443 1835 προγόνων
471 1782 579 1832 δόξης
607 1785 649 1822 τὸ
679 1787 852 1833 περιορᾶν
880 1785 964 1824 τοὺς
988 1783 1180 1833 θΈλληνας
1215 1785 1586 1835 καταδουλουμένους·

254 1838 308 1876 διὸ
339 1837 510 1887 δεδόχθαι
539 1841 585 1889 τῇ
612 1839 739 1889 βουλῇ
770 1839 828 1876 καὶ
858 1841 907 1890 τῷ
933 1839 1034 1890 δήμῳ
1062 1842 1111 1890 τῷ
1132 1838 1349 1889 Ἀθηναίων,
1372 1840 1590 1890 εὐξαμένους

254 1893 314 1931 καὶ
336 1893 518 1933 θύσαντας
537 1895 613 1933 τοῖς
635 1893 730 1933 θεοῖς
758 1893 816 1931 καὶ
844 1893 962 1942 ἥρωσι
990 1896 1065 1934 τοῖς
1091 1896 1291 1946 κατέχουσι
1311 1895 1378 1944 τὴν
1398 1895 1510 1933 πόλιν
1531 1894 1591 1931 καὶ

252 1947 320 1996 τὴν
342 1948 465 1999 χώραν
490 1948 557 1996 τὴν
583 1946 799 1997 Ἀθηναίων,
824 1948 883 1985 καὶ
914 1948 1181 1998 ἐνθυμηθέντας
1209 1951 1274 1998 τῆς
1303 1952 1375 1987 τῶν
1398 1949 1590 2000 προγόνων

253 2004 394 2051 ἀρετῆς,
412 2001 504 2040 διότι
519 2003 601 2052 περὶ
616 2003 787 2043 πλείονος
805 2005 994 2041 ἐποιοῦντο
1010 2003 1077 2051 τὴν
1091 2006 1162 2042 τῶν
1175 2002 1368 2053 Ἑλλήνων
1382 2003 1591 2053 ἐλευθερίαν

253 2056 436 2107 διατηρεῖν
460 2055 483 2106 ἦ
503 2057 569 2106 τὴν
594 2057 686 2095 ἰδίαν
710 2057 879 2106 πατρίδα,
903 2057 1092 2098 διακοσίας
1120 2060 1205 2099 ναῦς
1232 2059 1424 2097 καθέλκειν
1449 2061 1498 2098 εἷς
1523 2058 1592 2106 τὴν

253 2111 442 2151 θάλατταν
475 2112 535 2150 καὶ
572 2113 635 2150 τὸν
671 2113 854 2162 ναύαρχον
888 2114 1065 2150 ἀναπλεῖν
1105 2113 1204 2154 ἐντὸς
1245 2116 1393 2158 Πυλῶν,
1430 2112 1489 2151 καὶ
1526 2112 1591 2151 τὸν

300 2225 311 2246 1
341 2216 583 2258 ὑποκρινόμενος
601 2221 678 2247 ante
698 2215 867 2256 ἐπέτριψας
885 2216 961 2246 add.
978 2216 1004 2246 L
1019 2217 1108 2255 vulg.
1126 2227 1132 2246 :
1157 2226 1221 2248 orn.
1240 2216 1276 2248 S¹
1291 2217 1383 2247 solus
1473 2226 1492 2255 4
1510 2216 1586 2256 ὅσα]

254 2259 272 2291 ἃ
290 2259 320 2290 Α
466 2270 484 2299 5
512 2260 669 2302 ἔπραττον
686 2269 751 2290 orn.
769 2259 800 2289 Y
949 2270 970 2298 9
995 2261 1150 2292 Μακεδὼν
1168 2260 1195 2290 Β
1209 2260 1239 2299 Q
1256 2272 1262 2291 :
1288 2259 1481 2292 Μακεδόνων
1498 2260 1523 2291 S
1539 2260 1586 2290 L:

254 2303 446 2336 Μακεδόνων
463 2304 619 2341 βασιλεὺς
636 2303 725 2343 vulg.
863 2313 903 2333 22
927 2303 1027 2344 μέγας
1045 2313 1108 2334 om.
1130 2304 1226 2334 codd.
1245 2305 1344 2334 modo
1362 2313 1427 2334 non
1444 2313 1564 2334 omnes
1580 2314 1586 2333 ε

253 2348 327 2377 add.
348 2347 373 2377 L
391 2358 495 2386 marg.
516 2348 546 2378 O
725 2356 766 2386 23
792 2346 870 2378 ἰδίας
894 2346 965 2377 iure
987 2352 1183 2387 suspectum
1201 2358 1207 2377 t
1232 2349 1288 2378 οὐκ
1312 2348 1390 2379 ἰδίας
1413 2347 1587 2385 Scrimger

253 2392 295 2420 28
330 2390 478 2430 δεδόχθαι
506 2391 632 2430 Taylor
648 2401 654 2421 :
689 2390 836 2422 δέδοκται
866 2390 963 2421 codd.
1143 2400 1186 2430 30
1221 2392 1452 2430 ἐνθυμηθεντας
1482 2391 1508 2421 L
1534 2403 1584 2431 γρ.

255 2433 459 2465 Lambinus:
493 2437 691 2474 ἐνθυμηθεῑσι
711 2434 805 2465 codd.
825 2433 975 2473 plerique

1611 868 1648 891 10

1609 1415 1648 1437 20

1614 1687 1651 1718 25

1611 1960 1652 1992 30
