1763 2828
60 123 162 176 Lm&

56 559 162 615 [216]

122 702 162 735 16

117 1312 154 1346 17

118 1970 158 2004 18

608 117 1128 173 [AMMOEQENOTNJ
1418 119 1523 174 [mu

193 231 278 270 ταῖς
315 228 461 269 πόλεσι
495 229 647 280 νόμους,
685 230 782 279 μηδὲ
818 226 1030 280 χρημάτων
1067 227 1286 278 δημεύσεις,
1320 229 1415 278 μηδὲ
1452 230 1525 280 γῆς

195 295 429 347 ἀναδασμοί,
468 297 565 347 μηδὲ
607 299 736 348 χρεῶν
777 295 986 340 ἀποκοπαί,
1029 297 1126 345 μηδὲ
1168 294 1320 335 δούλων
1357 295 1523 336 ἀπελευ-

195 362 382 414 θερώσεις
415 362 479 402 ἐπὶ
512 365 774 416 νεωτερισμῷ.
847 364 883 402 οἱ
917 364 958 402 δὲ
987 361 1180 402 τοσούτου
1211 361 1346 402 δέουσι
1375 362 1525 403 τούτων

195 446 232 469 τι
278 429 443 470 κωλύειν
486 430 590 470 ὥστε
634 430 695 469 καὶ
739 428 1195 481 συγκατασκευάζουσιν·
1251 428 1316 470 οὓς
1357 432 1439 471 πῶς
1480 430 1525 470 οὐ

196 494 389 547 προσήκει
413 495 684 542 ἀπολωλέναω
725 497 761 536 οἳ
781 496 1019 546 τηλικαύτας
1045 496 1254 548 συμφορᾶς
1272 495 1519 545 παρασκευά-

198 563 332 612 ζουσιν
358 564 401 603 ἐν
424 566 509 605 ταῖς
535 564 716 609 πόλεσιν,
744 564 789 605 ἃς
814 565 877 603 διὰ
902 563 946 602 τὸ
970 562 1138 615 μέγεθος
1163 561 1294 605 αὐτοῖς
1318 562 1524 606 τοσούτοις

196 629 285 669 οὖσι
308 629 360 680 μὴ
387 633 572 681 περιορᾶν
599 629 806 680 ἐπέταξαν.

254 695 347 736 ’Έτι
371 696 403 736 δ’
424 697 557 748 ἕτερον
583 695 696 747 δείξω
722 697 765 736 τὸ
792 697 959 738 λελυκὸς
979 698 1047 738 τὰς
1075 696 1284 747 συνθήκας.
1344 698 1431 738 ἔστι
1450 699 1526 750 γὰρ

192 762 478 815 γεγραμμένον,
507 765 549 803 ἐκ
581 767 658 804 τῶν
689 764 848 804 πόλεων
874 767 952 804 τῶν
979 768 1251 804 κοινωνουσῶν
1275 766 1344 815 τῆς
1369 763 1525 817 εἰρήνης

190 829 243 880 μὴ
271 828 417 879 ἐξεῖναι
443 829 622 882 φυγάδας
648 829 899 882 ὁρμήσαντας
926 830 1016 871 ὅπλ’
1043 830 1247 883 ἐπιφέρειν
1273 832 1336 872 ἐπὶ
1362 831 1523 886 πολέμῳ

192 896 256 936 ἐπὶ
280 898 473 947 μηδεμίαν
497 898 617 938 πόλιν
641 901 720 938 τῶν
743 901 1000 950 μετεχουσῶν
1025 900 1094 947 τῆς
1124 897 1291 949 εἰρήνης·
1332 899 1364 938 εἰ
1390 900 1431 938 δὲ
1455 897 1522 949 μή,

191 963 414 1003 ἔκσπονδον
430 962 529 1004 εἶναι
548 964 618 1013 τὴν
636 965 754 1004 πόλιν
776 963 821 1014 ἐξ
837 964 882 1015 ἧς
902 964 951 1004 ἂν
972 963 1216 1015 ὁρμήσωσιν.
1272 966 1372 1005 οὕτω
1392 967 1524 1006 τοίνυν

188 1031 331 1083 ῥᾳδίως
365 1028 556 1082 ἐπήνεγκε
592 1032 640 1070 τὰ
674 1031 765 1072 ὅπλ’
799 1032 819 1070 ὁ
855 1032 1049 1071 Μακεδὼν
1084 1030 1179 1071 ὥστ’
1214 1031 1301 1072 οὐδὲ
1339 1031 1524 1072 κατέθετο

190 1097 360 1143 πώποτε,
380 1096 473 1137 ἀλλ’
490 1097 547 1138 ἔτι
567 1098 628 1138 καὶ
648 1101 716 1138 νῦν
732 1098 837 1151 ἔχων
857 1097 1106 1151 περιέρχεται
1128 1098 1210 1138 καθ’
1231 1099 1330 1138 ὅσον
1349 1098 1522 1146 δύναται,

191 1163 252 1203 καὶ
277 1164 454 1219 τοσούτῳ
482 1167 549 1205 νῦν
574 1167 730 1215 μᾶλλον
755 1162 777 1215 ἢ
805 1166 1009 1217 πρότερον,
1037 1166 1119 1220 ὅσῳ
1148 1167 1187 1206 ἐκ
1216 1164 1524 1217 προστάγματος

189 1230 337 1272 ἄλλους
369 1230 403 1271 θ’
435 1230 606 1284 ἑτέρωσε
639 1232 700 1272 καὶ
730 1232 797 1272 τὸν
823 1234 1084 1283 παιδοτρίβην
1118 1234 1172 1274 εἰς
1198 1235 1375 1273 Σικυῶνα
1405 1231 1520 1283 κατή-

189 1314 324 1350 γαγεν.
397 1298 535 1339 οὐκοῦν
568 1300 601 1339 εἰ
637 1302 697 1340 δεῖ
728 1301 937 1340 πείθεσθαι
969 1302 1054 1341 ταῖς
1094 1304 1242 1341 κοιναῖς
1279 1300 1520 1352 ὁμολογίαις,

190 1364 364 1416 καθάπερ
390 1365 500 1406 οὗτοί
523 1371 663 1418 φασιν,
692 1366 906 1407 ἔκσπονδοι
931 1367 1022 1417 ἡμῖν
1052 1368 1155 1407 εἰσιν
1182 1366 1295 1407 αὗται
1320 1369 1360 1408 αἱ
1385 1367 1522 1409 πόλεις

189 1432 227 1471 αἱ
263 1435 383 1472 ταῦτα
419 1432 769 1485 διαπεπραγμέναι.
843 1435 875 1473 εἰ
911 1435 984 1484 μὲν
1019 1434 1086 1474 οὖν
1120 1436 1181 1474 δεῖ
1215 1434 1523 1485 ἐπικρύπτεσθαι

188 1499 352 1548 τάληθῆ,
375 1498 486 1539 οὐδὲν
507 1502 567 1540 δεῖ
587 1499 722 1552 λέγειν
747 1501 807 1540 ὅτι
833 1501 937 1540 εἰσὶν
962 1502 1000 1541 αἱ
1024 1502 1304 1541 Μακεδονικαί·
1343 1502 1376 1541 εἰ
1402 1501 1434 1542 δ’
1454 1501 1521 1541 οὐκ

189 1565 348 1605 ἀνιᾶσιν
373 1567 409 1606 οἱ
441 1566 524 1606 καθ’
549 1567 657 1617 ὑμῶν
681 1571 733 1622 τῷ
762 1568 963 1608 Μακεδόνι
995 1567 1183 1620 ὑπηρέται
1208 1567 1522 1620 προστάττοντες

188 1631 374 1684 πράττειν
403 1634 451 1673 τὰ
481 1634 523 1673 ἐν
553 1637 638 1676 ταῖς
669 1638 815 1676 κοιναῖς
848 1635 1090 1687 ὁμολογίαις,
1120 1638 1346 1687 πεισθῶμεν
1376 1635 1520 1682 αὐτοῖς,

190 1699 324 1750 ἐπειδὴ
351 1702 399 1740 τὰ
425 1701 554 1741 δίκαια
578 1700 756 1753 λέγουσι,
782 1703 857 1747 καί,
883 1701 1057 1754 καθάπερ
1084 1702 1234 1743 κελεύει
1260 1703 1280 1742 ὁ
1304 1704 1430 1755 ὅρκος,
1459 1705 1520 1743 ε’κ-

191 1766 388 1808 σπόνδους
408 1767 546 1809 αὐτοὺς
564 1767 805 1818 ποιήσαντες
831 1770 1147 1820 βουλευσώμεθα
1166 1773 1247 1812 πῶς
1267 1772 1327 1810 δεῖ
1347 1772 1523 1823 χρῆσθαι

189 1836 272 1875 τοῖς
297 1836 539 1877 δεσποτικῶς
566 1835 629 1875 καὶ
655 1836 838 1888 ἀσελγῶς
860 1835 1117 1887 διακειμένοις
1144 1838 1205 1877 καὶ
1231 1839 1293 1877 διὰ
1312 1836 1451 1879 τέλους
1475 1839 1522 1878 τὰ

189 1902 261 1951 μὲν
291 1902 612 1952 ἐπιβουλεύουσι,
641 1904 688 1942 τὰ
719 1902 752 1942 δ’
779 1902 1046 1949 ἐπιτάττουσι,
1075 1904 1137 1943 καὶ
1169 1908 1422 1957 καταγελῶσι
1453 1907 1522 1955 τῆς

192 1969 322 2018 κοινῆς
351 1967 517 2020 εἰρήνης.
591 1970 655 2010 διὰ
685 1970 726 2010 τί
753 1971 826 2022 γὰρ
858 1970 902 2010 οὐ
932 1969 1137 2022 φήσουσιν
1167 1971 1275 2012 οὗτοι
1304 1974 1385 2012 δεῖν
1413 1970 1522 2012 ταῦθ’

190 2035 312 2077 οὕτως
343 2035 470 2089 ἕχειν;
508 2033 532 2086 ἢ
558 2037 775 2088 ὁμολογίαν
799 2036 870 2087 τὴν
894 2040 967 2088 μὲν
994 2039 1091 2078 κατὰ
1120 2040 1188 2088 τῆς
1212 2039 1368 2080 πόλεως
1397 2038 1522 2079 οὖσαν

189 2103 365 2153 βεβαίαν
386 2101 566 2153 ἀξιοῦσιν
586 2104 697 2150 εῖναι,
720 2103 791 2154 τὴν
810 2106 851 2145 δὲ
873 2102 1080 2159 σῴζουσαν
1100 2106 1144 2146 οὐ
1165 2104 1519 2159 συγχωρήσουσιν;

233 2222 252 2241 2
279 2213 505 2254 ἐλευθερώσεις
521 2212 565 2243 Α1
672 2222 692 2252 3
716 2213 876 2245 τοσούτου
894 2214 1001 2252 vulg:
1027 2216 1165 2245 τοσοῦτο
1182 2214 1256 2244 ΑΥ
1269 2214 1299 2245 O
1408 2224 1442 2244 11
1471 2215 1520 2246 ἐπὶ

189 2256 347 2294 μηδεμίαν
385 2256 482 2288 πόλιν
519 2255 592 2286 AY
608 2269 671 2298 γρ.,
709 2256 813 2287 schol.
854 2267 883 2296 p.
921 2259 995 2295 258.
1032 2269 1074 2295 4:
1119 2260 1259 2299 μηδεμιᾷ
1297 2258 1390 2290 πόλει
1430 2257 1519 2297 vulg.

193 2309 231 2328 12
267 2299 451 2340 ὁρμήσωσιν
478 2299 592 2338 vulg:
626 2302 805 2341 ὁρμηθῶσιν
829 2300 962 2342 ΑΥγρ.
1157 2303 1195 2331 16
1226 2301 1365 2342 ἑτέρωσε
1389 2301 1520 2332 Cobet:

191 2341 318 2383 ἑτέρωθι
337 2343 432 2373 codd.
527 2344 714 2384 κατήγαγεν
731 2344 816 2382 vulg·
837 2356 843 2374 ε
868 2347 1011 2385 κατῆγεν
1028 2344 1058 2374 Α
1202 2346 1244 2374 26
1268 2343 1295 2376 δ’
1313 2345 1519 2376 ἐπιτάττουσι

189 2385 283 2415 AO:
317 2385 351 2417 δὲ
376 2387 552 2427 πράττουσι
576 2387 666 2426 vulg.
846 2388 886 2417 28
919 2389 1095 2428 ὁμολογίαν
1128 2391 1182 2426 τὴν
1209 2387 1268 2427 μὲν
1292 2387 1345 2417 A:
1377 2390 1439 2427 τὴν
1462 2388 1522 2427 μὲν

191 2430 368 2470 ὁμολογίαν
384 2430 444 2467 τὴν
463 2430 550 2468 vulg.

1542 512 1561 545 5

1547 847 1584 870 10

1546 1179 1583 1211 15

1544 1516 1583 1539 20
