1747 2844
115 530 133 561 5

94 860 131 883 10

91 1191 126 1223 Ι5

88 1525 128 1547 20

88 1857 125 1890 25

160 137 244 191 xlv]
448 144 591 181 ΠΕΡΙ
640 144 766 181 ΤΩΝ
817 144 1196 182 ΣΎΜΜΟΡΙΩΝ

156 244 201 284 τὸ
235 245 436 295 δαιμόνιον
465 246 588 297 φίλον
619 247 692 296 μὲν
724 247 955 296 ἀλυσιτελῆ,
990 245 1247 298 συμφέροντα
1277 246 1311 285 δ’
1341 247 1484 300 ἐχθρὸν

155 312 374 364 ἐμφανίζει,
411 315 550 353 τοῦτον
584 312 695 363 ἡμεῖς
732 313 970 365 φοβώμεθα;
1017 315 1216 363 μηδαμῶς·
1253 313 1361 352 ἀλλὰ
1396 313 1484 363 μηδ’

155 379 360 429 ἀδικῶμεν,
387 378 513 419 αὐτῶν
537 378 645 430 ἡμῶν
670 380 799 419 εἵνεκα
829 378 892 418 καὶ
920 380 988 429 τῆς
1013 382 1091 418 τῶν
1114 378 1252 419 ἄλλων
1275 377 1485 429 Ἑλλήνων

154 447 328 498 ταραχῆς
348 445 410 485 καὶ
428 446 626 487 ἀπιστίας·
661 445 746 485 ἐπεὶ
765 446 802 486 εἴ
817 444 854 497 γ’
879 445 1125 496 ὁμοθυμαδὸν
1144 444 1192 495 ἧν
1209 446 1308 496 μετὰ
1327 444 1485 486 πάντων

154 510 360 552 ἐπιθέσθαι
384 512 505 566 μόνῳ,
526 511 606 552 οὐδ’
625 512 772 552 ἀδικεῖν
800 512 900 563 ἡμᾶς
928 513 1080 553 ἐκεῖνον
1104 511 1257 563 ἀδίκημ’
1276 511 1325 552 ἂν
1350 512 1483 562 ἔθηκα.

153 577 287 627 ἐπειδὴ
316 579 359 618 δὲ
389 577 489 618 τοῦτ’
514 577 588 632 οὐχ
617 578 739 619 οὕτως
769 578 867 632 ἔχει,
897 578 1176 631 φυλάττεσθαί
1198 583 1300 631 φημι
1328 581 1408 619 δεῖν
1432 579 1484 629 μὴ

153 645 356 697 πρόφασιν
394 647 521 695 δῶμεν
558 648 728 695 βασιλεῖ
760 648 828 685 τοῦ
867 646 916 686 τὰ
954 644 1069 685 δίκαι’
1104 646 1201 697 ὑπὲρ
1235 648 1313 686 τῶν
1348 644 1484 686 ἄλλων

150 710 361 762 Ἑλλήνων
396 711 535 761 ζητεῖν·
570 711 745 764 ἡσυχίαν
779 714 851 763 μὲν
877 714 953 764 γὰρ
978 712 1152 765 ἐχόντων
1181 713 1288 762 ὑμῶν
1311 712 1484 754 ὕποπτος

150 776 199 817 ἂν
224 777 281 827 εἴη
307 777 486 817 τοιοῦτόν
514 794 552 817 τι
580 777 775 829 πράττων,
808 779 983 829 πόλεμον
1013 780 1055 818 δὲ
1084 776 1363 828 ποιησαμένων
1388 795 1481 830 προ-

149 842 274 895 τέρων
307 843 466 885 εἰκότως
501 842 551 884 ἂν
582 845 714 894 δοκοίη
750 846 814 884 διὰ
850 844 921 895 τὴν
953 843 1050 897 πρὸς
1085 845 1184 895 ὑμᾶς
1220 843 1366 897 ἔχθραν
1401 849 1483 886 τοῖς

148 908 288 951 ἄλλοις
308 910 428 961 φίλος
453 909 553 950 εἶναι
576 910 811 961 βούλεσθαι.
874 911 928 962 μὴ
947 911 1015 952 οῦν
1036 908 1262 963 ἐξελέγξηθ’
1282 910 1334 953 ὡς
1359 915 1483 953 κακῶς

149 975 234 1028 ἔχει
258 977 306 1015 τὰ
324 975 556 1026 Ἑλληνικά,
580 981 871 1029 συγκαλοῦντες
898 976 954 1018 ὅτ’
974 977 1018 1017 οὐ
1038 977 1258 1024 πείσονται,
1281 978 1343 1018 καὶ
1362 983 1480 1018 πολε-

148 1045 309 1092 μοῦντες
342 1041 399 1082 ὅτ’
428 1042 474 1082 οὐ
507 1041 741 1093 δυνήσεσθε·
779 1043 871 1084 ἀλλ’
908 1043 1013 1097 ἔχεθ’
1045 1044 1218 1097 ἡσυχίαν
1252 1047 1483 1096 θαρροῦντες

150 1109 213 1149 καὶ
232 1109 627 1161 παρασκευαζόμενοι,
653 1111 714 1151 καὶ
740 1110 935 1162 βούλεσθ’
956 1109 1288 1163 ἀπαγγέλλεσθαι
1305 1113 1377 1162 μὲν
1393 1111 1482 1163 περὶ

148 1176 255 1227 ὑμῶν
284 1175 381 1229 πρὸς
409 1176 599 1227 βασιλέα,
625 1176 678 1228 μὴ
711 1179 766 1228 μὰ
794 1177 862 1218 Δί’
889 1177 940 1219 ὡς
970 1178 1186 1229 ἀποροῦσιν
1210 1174 1233 1227 ἢ
1259 1181 1482 1230 φοβοῦνται

147 1239 171 1292 ἢ
203 1245 463 1295 θορυβοῦνται
493 1243 637 1286 πάντες
669 1241 719 1295 [οἱ
743 1243 944 1295 (Έλληνες
975 1245 1038 1284 καὶ
1066 1242 1295 1297 Ἀθηναῖοι],
1327 1247 1480 1285 πολλοῦ

148 1327 194 1362 γε
214 1311 275 1351 καὶ
294 1313 364 1351 δεῖ·
402 1309 493 1351 ἀλλ’
512 1311 583 1357 ὅτι,
608 1312 641 1351 εἰ
661 1312 733 1362 μὲν
758 1310 811 1361 μὴ
830 1315 913 1352 τοῖς
925 1309 1130 1361 ἽΞλλησιν
1148 1312 1291 1362 ὁμοίως
1310 1310 1478 1364 αἰσχρὸν

146 1375 195 1426 ἦν
223 1377 269 1418 τὸ
297 1378 517 1430 ψεύδεσθαι
552 1378 614 1418 καὶ
647 1378 845 1430 ἐπιορκεῖν
869 1377 1004 1429 ὥσπερ
1030 1378 1163 1432 ἐκείνῳ
1194 1378 1327 1424 καλόν,
1354 1377 1479 1418 πάλαι

146 1442 195 1484 ἂν
228 1443 289 1484 ἐπ’
318 1443 436 1484 αὐτὸν
471 1444 580 1495 ὑμεῖς
615 1443 864 1496 ἐπορεύεσθε,
899 1447 968 1484 νῦν
996 1446 1039 1484 δὲ
1068 1447 1184 1484 τοῦτο
1218 1446 1290 1495 μὲν
1325 1444 1395 1484 οὐκ
1430 1443 1479 1485 ἂν

147 1509 355 1561 ποιήσαιτε
387 1511 496 1561 ὑμῶν
531 1509 630 1551 ἕνεκ’
668 1510 808 1557 αὐτῶν,
844 1510 1012 1564 εὔχεσθε
1044 1512 1087 1551 δὲ
1118 1513 1220 1551 πᾶσι
1254 1513 1337 1552 τοῖς
1373 1512 1478 1553 θεοῖς

146 1576 217 1627 τὴν
236 1577 356 1628 αὐτὴν
376 1581 522 1628 λαβεῖν
541 1575 760 1629 παράνοιαν
782 1578 933 1618 ἐκεῖνον
954 1577 1077 1629 ἤνπερ
1103 1579 1199 1618 ποτὲ
1223 1577 1312 1619 τοὺς
1330 1578 1474 1630 προγό-

146 1659 235 1685 νους
258 1643 388 1684 αὐτοῦ.
449 1644 511 1684 καὶ
535 1643 639 1684 ταῦτ’
659 1643 708 1685 ἂν
736 1645 826 1701 ἐπίῃ
853 1647 1019 1685 σκοπεῖν
1044 1643 1160 1699 αὐτῷ,
1182 1644 1250 1685 οὐκ
1275 1644 1477 1696 ὀλιγώρως

146 1710 243 1760 ὑμᾶς
261 1710 574 1761 βουλευομένους
590 1709 759 1764 εὑρήσει.
819 1713 862 1752 ἐκ
883 1711 956 1762 μέν
971 1728 1017 1764 γε
1031 1714 1108 1751 τῶν
1123 1710 1219 1763 πρὸς
1234 1711 1324 1753 τοὺς
1340 1712 1476 1752 ἑαυτοῦ

147 1777 363 1829 προγόνους
379 1776 562 1828 πολέμων
580 1778 739 1818 σύνοιδε
757 1777 828 1828 τὴν
848 1778 966 1818 πόλιν
987 1777 1196 1829 εὐδαίμονα
1216 1778 1277 1818 καὶ
1296 1777 1475 1829 μεγάλην

146 1843 425 1895 γεγενημένην,
455 1845 496 1884 ἐκ
526 1846 567 1884 δὲ
591 1846 660 1894 τῆς
683 1844 855 1898 ἡσυχίας
881 1844 926 1895 ἧς
952 1844 1025 1897 ἦγέ
1053 1861 1161 1890 ποτε,
1189 1845 1369 1895 οὐδεμιᾶς
1397 1848 1474 1887 τῶν

144 1908 392 1960 Ἑλληνίδων
415 1911 571 1951 πόλεων
595 1914 785 1952 τοσοῦτον
814 1912 911 1952 ὅσον
942 1915 1009 1952 νῦν
1039 1912 1339 1964 ὑπεραίρουσαν.
1411 1911 1474 1951 καὶ

145 1976 223 2027 μὴν
248 1977 311 2016 καὶ
335 1976 423 2018 τοὺς
440 1975 648 2027 “Ελληνας
677 1978 748 2032 ὁρᾷ
772 1977 977 2029 δεομένους
1002 1977 1088 2029 ἤτοι
1114 1977 1219 2020 τινὸς
1245 1978 1425 2018 ἑκουσίου
1447 1973 1472 2027 ἢ

146 2043 332 2084 ἀκουσίου
351 2046 601 2089 διαλλακτοῦ,
622 2047 760 2085 τοῦτον
781 2044 815 2085 δ’
834 2044 951 2085 αὑτὸν
970 2043 1018 2085 ἂν
1038 2045 1119 2085 οἶδε
1139 2043 1300 2097 φανέντ’
1326 2044 1470 2090 αὐτοῖς,

189 2163 208 2183 2
232 2154 405 2194 φοβώμεθα
422 2152 485 2184 SA
500 2153 566 2183 FY
578 2153 608 2184 O
623 2165 628 2184 :
654 2153 838 2194 φοβούμεθα
853 2153 942 2193 vulg.
1062 2162 1081 2192 5
1106 2154 1145 2186 ἂν
1161 2158 1236 2193 post
1254 2153 1374 2185 ἀδικεῖν
1389 2153 1464 2183 add.

147 2195 315 2229 FBYO:
341 2208 406 2228 om.
426 2196 492 2228 SA
623 2198 742 2229 ἀδικεῖν
766 2197 847 2237 ἡμᾶς
872 2200 993 2230 ἐκεῖνον
1017 2198 1096 2228 secl.
1119 2197 1216 2227 Blass
1348 2198 1470 2228 ἐκεῖνον

146 2239 270 2280 ἀδίκημ’
287 2242 325 2273 ἂν
349 2241 446 2279 ἔθηκα
469 2240 492 2271 S
506 2239 677 2271 FBYO:
708 2241 806 2278 ἔθηκα
827 2243 948 2273 ἐκεῖνον
964 2240 1054 2280 vulg.
1239 2250 1275 2270 12
1301 2239 1468 2272 πείσονται

147 2282 220 2313 SFl
243 2284 344 2315 vind.
372 2295 384 2314 1
414 2284 467 2324 (cf.
493 2284 638 2325 schol.):
673 2284 802 2316 πείσετε
830 2285 918 2323 vulg.
1102 2284 1140 2314 16
1171 2284 1200 2315 οἷ
1223 2282 1385 2320 ’Έλληνες
1417 2283 1467 2314 καὶ

146 2326 302 2364 Ἀθηναῖοι
326 2328 406 2360 secl.
424 2327 517 2358 Weil
649 2329 678 2359 οἱ
702 2333 780 2358 ante
805 2328 963 2366 Ἀθηναῖοι
987 2328 1063 2359 add.
1086 2327 1197 2366 vulg.:
1229 2337 1294 2357 orn.
1312 2327 1336 2357 S
1351 2326 1466 2357 AYO

146 2378 187 2407 25
221 2369 258 2407 ἧς
287 2371 333 2401 S:
363 2371 402 2409 ἣν
426 2371 515 2410 vulg.
638 2385 715 2402 ποτε
742 2371 821 2402 SF:
854 2372 913 2413 πρὸ
938 2371 1062 2403 τούτων
1084 2371 1198 2408 vulg.:
1229 2371 1287 2411 πρὸ
1311 2372 1367 2401 τοῦ
1391 2368 1467 2400 YO

148 2413 171 2442 S
186 2425 238 2453 γρ.

1516 144 1623 199 [188]

1513 917 1556 961 38

1513 1111 1623 1166 [189]

1508 1326 1554 1361 39

1504 1721 1551 1755 40
