1763 2828
133 985 204 1031 306

134 1327 202 1363 307

91 1754 204 1809 [328]

663 140 1152 178 ΔΗΜΟΣΘΕΝΟΎΣ
1383 128 1388 134 ’
1444 139 1563 193 βψω

238 244 337 293 ἐμοί,
365 242 518 286 οὐδένες
543 243 631 284 οὔτε
655 247 733 284 τῶν
758 243 832 294 ἔξω
855 246 1001 284 Πυλῶν
1019 243 1229 294 Ἑλλήνων
1253 245 1343 286 οὔτε
1367 249 1444 286 τῶν
1469 248 1565 287 εἵσω

238 313 320 351 τοῖς
352 314 522 362 παροῦσι
559 315 690 352 κακοῖς
727 309 928 364 ἐκέχρηντ’
961 310 1020 356 ἄν,
1056 312 1162 351 ἀλλὰ
1195 310 1339 353 πάντες
1375 311 1423 353 ἂν
1455 314 1567 355 ὄντες

238 377 439 429 ἐλεύθεροι
476 378 538 417 καὶ
576 377 784 428 αὐτόνομοι
820 379 918 428 μετὰ
956 376 1088 428 πάσης
1125 378 1256 420 ἀδείας
1292 379 1488 430 ἀσφαλῶς
1524 381 1567 420 ἐν

238 443 462 498 εὐδαιμονίᾳ
493 445 562 486 τὰς
596 447 743 485 ἑαυτῶν
773 444 895 499 ᾤκουν
929 446 1130 496 πατρίδας,
1163 449 1241 485 τῶν
1273 446 1475 486 τοσούτων
1505 447 1567 487 καὶ

236 510 422 551 τοιούτων
456 511 614 563 ἀγαθῶν
647 512 737 562 ὑμῖν
770 512 833 552 καὶ
866 514 947 552 τοῖς
980 511 1121 554 ἄλλοις
1150 510 1374 562 Ἀθηναίοις
1406 512 1568 566 ἔχοντες
1589 530 1606 562 5

235 576 352 630 χάριν
373 577 420 617 δι’
441 577 520 628 ἐμέ.
582 579 646 618 ἵνα
671 577 703 617 δ’
725 578 843 628 εἰδῆθ’
864 579 923 618 ὅτι
949 582 1089 633 πολλῷ
1109 583 1192 620 τοῖς
1216 578 1355 631 λόγοις
1379 578 1568 620 ἐλάττοσι

235 648 389 696 χρῶμαι
427 647 504 684 τῶν
543 645 680 696 ἔργων,
721 644 1016 696 εὐλαβούμενος
1055 645 1124 685 τὸν
1162 646 1327 698 φθόνον,
1366 646 1462 698 λέγε
1500 664 1567 698 μοι

235 711 345 752 ταυτὶ
372 710 432 750 καὶ
463 710 663 763 ἀνάγνωθι
694 713 833 763 λαβὼν
858 711 927 752 τὸν
953 712 1118 764 ἀριθμὸν
1143 715 1220 753 τῶν
1245 715 1444 763 βοηθειῶν
1471 715 1567 754 κατὰ

235 779 283 817 τὰ
308 779 382 828 ἐμὰ
406 779 668 830 ψηφίσματα.

687 904 869 933 ΑΡῘΘΜΟΣ
902 904 1123 932 ΒΟΗΘΕῘΩΝ.

301 979 436 1017 Ταῦτα
462 977 524 1018 καὶ
549 980 708 1018 τοιαῦτα
728 976 928 1029 πράττειν,
951 978 1139 1031 Αἰσχίνη,
1162 976 1229 1018 τὸν
1251 977 1373 1018 καλὸν
1393 978 1567 1031 κάγαθὸν

236 1045 402 1095 πολίτην
427 1044 517 1090 ἔδει,
544 1045 598 1085 ὧν
623 1044 948 1096 κατορθουμένων
971 1047 1044 1095 μὲν
1068 1046 1273 1097 μεγίστοις
1303 1045 1564 1097 ἀναμφισβη-

235 1110 359 1160 τήτως
396 1112 572 1166 ὑπῆρχεν
609 1111 709 1152 εἶναι
746 1112 808 1152 καὶ
848 1111 890 1151 τὸ
930 1111 1087 1153 δικαίως
1126 1114 1294 1163 προσῆν,
1336 1112 1387 1155 ὡς
1426 1111 1567 1165 ἑτέρως

236 1180 277 1218 δὲ
311 1178 553 1229 συμβάντων
585 1178 629 1218 τὸ
658 1181 752 1231 γοῦν
786 1178 1005 1230 εὐδοκιμεῖν
1037 1180 1215 1232 περίεστι
1250 1179 1312 1219 καὶ
1342 1179 1386 1220 τὸ
1418 1179 1568 1231 μηδένα

234 1245 464 1297 μέμφεσθαι
488 1245 559 1296 τὴν
584 1246 703 1286 πόλιν
726 1248 825 1297 μηδὲ
852 1245 924 1296 τὴν
949 1246 1180 1298 προαίρεσιν
1206 1245 1337 1296 αὐτῆς,
1365 1247 1471 1287 ἀλλὰ
1495 1247 1568 1298 τὴν

234 1312 359 1366 τύχην
385 1313 553 1362 κακίζειν
578 1313 649 1363 τὴν
673 1313 773 1353 οὕτω
798 1314 845 1353 τὰ
870 1313 1081 1365 πράγματα
1108 1313 1310 1365 κρίνασαν·
1349 1313 1393 1354 οὐ
1417 1315 1470 1365 μὰ
1497 1313 1567 1354 Δί’

236 1379 304 1419 οὐκ
334 1379 564 1420 ἀποστάντα
593 1383 670 1420 τῶν
703 1381 988 1433 συμφερόντων
1014 1385 1061 1438 τῇ
1086 1381 1215 1427 πόλει,
1242 1381 1503 1432 μισθώσαντα
1534 1380 1567 1422 δ’

236 1446 352 1486 αὑτὸν
371 1450 452 1488 τοῖς
478 1448 680 1493 ἐναντίοις,
701 1447 792 1489 τοὺς
815 1448 913 1500 ὑπὲρ
933 1451 1010 1488 τῶν
1031 1449 1185 1501 ἐχθρῶν
1206 1448 1361 1499 καιροὺς
1383 1448 1470 1488 ἀντὶ
1489 1451 1567 1489 τῶν

234 1515 304 1563 τῆς
336 1514 521 1565 πατρίδος
554 1514 793 1566 θεραπεύειν,
825 1513 914 1555 οὐδὲ
950 1514 1018 1554 τὸν
1049 1516 1123 1566 μὲν
1153 1513 1349 1567 πράγματ’
1380 1513 1471 1565 ἄξια
1498 1517 1567 1565 τῆς

1593 905 1631 927 10

1592 1264 1628 1296 Ι5

234 1580 389 1621 πόλεως
407 1579 637 1621 ὑποστάντα
661 1580 796 1632 λέγειν
816 1581 878 1621 καὶ
898 1580 1068 1633 γράφειν
1094 1582 1156 1621 καὶ
1181 1580 1314 1632 μένειν
1334 1583 1398 1622 ἐπὶ
1418 1582 1567 1623 τούτων
1590 1597 1629 1619 20

235 1648 484 1698 βασκαίνειν,
512 1647 560 1687 ἂν
585 1646 629 1688 δέ
653 1664 710 1689 τις
742 1648 819 1701 ἰδίᾳ
844 1664 881 1688 τι
906 1647 1081 1704 λυπήσῃ,
1109 1651 1223 1688 τοῦτο
1252 1650 1479 1700 μεμνῆσθαι
1505 1649 1566 1689 καὶ

235 1717 380 1766 τηρεῖν,
418 1713 507 1755 οὐδέ
543 1714 580 1766 γ’
611 1715 784 1767 ἡσυχίαν
819 1714 930 1767 ἄγειν
966 1715 1100 1756 ἄδικον
1137 1717 1200 1756 καὶ
1235 1717 1421 1762 ὕπουλον,
1460 1715 1481 1756 ὃ
1516 1716 1567 1757 σὺ

237 1784 362 1822 ποιεῖς
381 1781 587 1822 πολλάκις.
650 1782 736 1822 ἔστι
757 1781 845 1834 γάρ,
867 1782 977 1823 ἔστιν
995 1782 1146 1836 ἡσυχία
1165 1784 1295 1824 δικαία
1322 1784 1384 1824 καὶ
1410 1783 1564 1835 συμφέ-

235 1864 362 1899 ρουσα
394 1853 441 1905 τῇ
474 1848 601 1894 πόλει,
636 1846 684 1898 ἣν
719 1850 755 1889 οἱ
790 1849 937 1889 πολλοὶ
973 1853 1050 1890 τῶν
1083 1854 1256 1891 πολιτῶν
1287 1851 1398 1901 ὑμεῖς
1430 1852 1567 1893 ἁπλῶς

237 1914 365 1967 ἄγετε.
425 1915 518 1956 ἀλλ’
543 1915 587 1955 οὐ
612 1916 757 1966 ταύτην
782 1916 894 1958 οὗτος
919 1916 1006 1969 ἄγει
1031 1916 1102 1967 τὴν
1126 1917 1313 1971 ἡσυχίαν,
1341 1921 1497 1958 πολλοῦ
1520 1934 1567 1970 γε
1588 1931 1626 1965 ²5

237 1983 299 2023 καὶ
316 1984 385 2029 δεῖ,
405 1982 498 2023 ἀλλ’
514 1983 693 2025 ἀποστὰς
712 1984 808 2024 ὅταν
823 1983 924 2038 αὐτῷ
942 1983 1036 2040 δόξῃ
1053 1986 1122 2034 τῆς
1138 1986 1341 2027 πολιτείας
1355 1983 1566 2037 (πολλάκις

281 2103 294 2123 ῐ
321 2092 447 2126 οὐδένες
465 2093 572 2124 Cobet
587 2105 593 2123 τ
620 2095 722 2126 οὐδεὶς
739 2094 834 2125 codd.
971 2106 989 2125 2
1016 2094 1185 2136 ἐκέχρηντ’
1204 2094 1228 2125 S
1243 2094 1288 2125 L:
1315 2094 1467 2136 ἐκέχρητ’
1485 2099 1563 2126 cett.

232 2148 251 2175 4
291 2140 355 2168 τῶν
386 2136 475 2176 vulg.
492 2148 498 2168 :
539 2137 663 2169 τούτων
695 2137 719 2168 S
733 2137 770 2167 L¹
803 2138 865 2168 soli
883 2149 889 2168 :
929 2138 1054 2170 τούτων
1086 2141 1152 2169 τῶν
1182 2137 1351 2168 Aristides
1383 2138 1405 2168 ii
1438 2148 1469 2177 p.
1501 2139 1566 2176 516

232 2181 298 2219 8-9
320 2181 378 2212 τὸν
396 2181 525 2222 ἀριθμὸν
544 2205 551 2212 .
569 2204 576 2212 .
597 2205 604 2211 .
623 2181 818 2221 ψηφίσματα
834 2191 896 2212 om.
913 2180 937 2211 S
950 2181 987 2211 L¹
1083 2191 1123 2212 10
1145 2185 1328 2215 ΑΡΙΘΜΟΣ
1352 2186 1564 2214 ΒΟΗΘΕῙΩΝ

235 2229 341 2255 ΚΑΤΑ
364 2230 415 2256 ΤΑ
441 2229 526 2256 ΕΜΑ
550 2229 792 2257 ΨΗΦΙΣΜΑΤΑ
810 2224 834 2254 S
1006 2235 1043 2255 12
1069 2225 1131 2257 ἔδει
1151 2225 1176 2254 L
1194 2224 1365 2264 Spengel:
1390 2226 1441 2256 δεῖ
1453 2225 1563 2263 codd.,

233 2267 272 2297 cf.
297 2270 312 2304 ξ
330 2276 389 2305 301
511 2267 534 2299 ὦ
551 2269 594 2308 γῆ
613 2268 662 2299 καὶ
682 2268 743 2299 θεοὶ
763 2272 839 2306 post
854 2267 915 2307 μὲν
932 2268 1007 2299 add.
1027 2268 1058 2298 A
1075 2267 1165 2307 vulg.
1183 2279 1191 2299 ε
1214 2278 1278 2299 om.
1300 2267 1416 2298 SL¹Y
1531 2270 1565 2300 ἐν

234 2316 312 2340 ante
328 2311 497 2352 μεγίστοις
513 2312 589 2341 add.
611 2310 700 2349 vulg.
715 2322 721 2341 ε
747 2321 811 2341 om.
832 2310 855 2339 S
869 2311 893 2340 L
906 2311 937 2341 A
953 2311 977 2341 F
1124 2321 1162 2350 19
1186 2312 1358 2352 πράγματα
1374 2309 1452 2342 secl.
1470 2309 1563 2342 Weil

235 2364 272 2384 21
298 2355 515 2395 προελόμενον
531 2360 611 2384 ante
629 2354 818 2391 βασκαίνειν
833 2355 909 2384 add.
926 2354 950 2384 Ι.
963 2354 1012 2385 Α;
1039 2365 1102 2385 om.
1121 2355 1145 2385 S
1158 2355 1244 2394 vulg.
1337 2364 1376 2384 22
1398 2357 1415 2386 ὒ
1434 2354 1458 2386 S
1471 2354 1496 2385 L
1509 2355 1562 2385 A:

235 2399 275 2429 ὡς
293 2397 378 2436 vulg.
517 2408 558 2436 23
583 2411 632 2430 τις
648 2403 727 2428 ante
744 2398 866 2438 ἡσυχία
882 2399 958 2429 add.
979 2398 1114 2428 Dobree
