1763 2828
104 144 207 198 [172]

159 530 201 557 21

160 997 203 1023 22

99 1485 201 1586 [ng

639 137 1155 191 [ΔΙΙΜΟΣΘΕΝΟΎΣ]
1471 136 1564 184 [xm

1244 243 1334 258 ’sn’
1388 244 1397 258 ἱ

239 247 441 298 περίεστιν
467 248 509 286 ἐκ
541 246 689 286 τούτων
714 247 734 285 ὁ
767 248 875 286 δεῖνα
905 249 1076 298 χαλκοῦς
1109 246 1170 285 καὶ
1196 246 1216 284 ὁ
1241 255 1323 285 οειν
1360 246 1563 296 ευδαίμων,

238 314 293 355 εἰς
316 310 338 363 ἢ
365 313 444 359 δύο,
466 314 562 365 ὑπὲρ
588 312 660 363 τὴν
685 313 815 353 πόλιν·
854 314 890 353 οἱ
916 311 948 351 δ’
969 311 1087 352 ἄλλοι
1111 311 1302 363 μάρτυρες
1325 313 1394 362 τῆς
1417 312 1566 352 τούτων

237 380 485 431 εὐδαιμονίας
518 379 705 430 κάθησθε,
733 382 800 429 τῆς
827 378 909 419 καθ’
936 378 1084 430 ἡμέραν
1107 379 1297 432 ῥᾳθυμίας
1322 378 1476 428 πολλὴν
1504 379 1566 419 καὶ

234 447 413 499 μεγάλην
436 446 696 499 ὑπάρχουσαν
720 447 810 497 ὑμῖν
834 446 1083 496 εὐδαιμονίαν
1109 445 1260 487 τούτοις
1283 443 1520 497 προϊέμενοι.

304 514 444 553 Καίτοι
469 513 684 565 σκέψασθε
708 517 790 555 πῶς
817 513 881 553 ἐπὶ
900 516 976 553 τῶν
997 513 1204 564 προγόνων
1229 511 1336 551 ταῦτ’
1362 512 1483 564 εἶχεν·
1522 511 1566 552 οὗ
1587 531 1605 562 5

235 582 310 632 γὰρ
329 581 556 632 ἀλλοτρίοις
574 581 665 630 ὑμῖν
680 580 972 632 παραδείγμασι
992 578 1273 633 χρησαμένοις,
1296 578 1389 619 ἀλλ’
1409 579 1566 621 οἰκείοις

234 646 364 697 ἔξεσθ’
391 648 414 687 ἲι
445 646 636 698 προσήκει
665 646 852 698 πράττειν
883 646 1038 687 εἰδέναι.
1111 648 1253 686 ἐκεῖνοι
1284 645 1567 697 Θεμιστοκλέα

234 714 302 754 τὸν
320 713 391 764 τὴν
413 715 454 753 ἐν
476 716 670 763 Σαλαμῖνι
694 714 917 766 ναυμαχίαν
937 716 1234 765 στρατηγοῦντα
1259 713 1321 753 καὶ
1343 711 1567 762 Μιλτιάδην

232 780 303 820 τὸν
327 780 544 832 ἡγούμενον
571 782 789 831 Μαραθῶνι
815 780 876 820 καὶ
903 780 1078 821 πολλοὺς
1109 780 1268 825 ἄλλους,
1295 780 1363 820 οὐκ
1390 781 1460 820 ἴσα
1483 783 1566 821 τοῖς

234 850 303 888 νῦν
346 850 583 899 στρατηγοῖς
624 845 737 898 ἀγάθ’
776 845 1069 899 εἰργασμένους,
1107 848 1161 897 μὰ
1199 846 1268 886 Δί’
1307 846 1351 887 οὐ
1392 849 1566 899 χαλκοῦς
1589 863 1627 886 10

234 914 422 959 ἵστασαν,
450 913 542 953 ἀλλ’
568 913 619 955 ὡς
650 913 761 953 οὐδὲν
791 914 916 953 αὑτῶν
947 914 1141 965 κρείττους
1172 914 1299 959 ὄντας,
1332 913 1454 954 οὕτως
1485 914 1562 953 ε’τί-

232 997 330 1031 μων.
403 980 466 1020 καὶ
491 979 566 1032 γάρ
589 997 649 1020 τοι
679 983 756 1020 τῶν
781 980 908 1032 ἔργων
933 980 1103 1026 οὐδενός,
1131 978 1161 1019 ὦ
1186 979 1323 1030 ἄνδρες
1347 978 1563 1029 Ἀθηναῖοι,

233 1050 311 1087 τῶν
346 1047 426 1087 τότ’
464 1046 743 1098 ἀπεστέρησαν
779 1046 931 1092 αὐτούς,
971 1046 1049 1086 οὐδ’
1087 1045 1171 1086 ἔστ’
1209 1046 1335 1088 οὐδεὶς
1371 1047 1482 1088 ὅστις
1517 1045 1566 1086 ἂν

233 1115 336 1154 ε’ίποι
360 1114 432 1164 τὴν
452 1115 495 1155 ἐν
514 1117 711 1165 Σαλαμῖνι
735 1114 955 1166 ναυμαχίαν
976 1112 1313 1163 Θεμιστοκλέους,
1335 1111 1427 1152 ἀλλ’
1445 1111 1563 1162 Ἀθη-

232 1181 365 1227 ναίων,
392 1181 480 1222 οὐδὲ
505 1180 576 1231 τὴν
602 1177 675 1234 [ἐν]
702 1183 919 1233 Μαραθῶνι
943 1179 1075 1233 μάχην
1102 1179 1337 1225 Μιλτιάδου,
1366 1180 1472 1219 ἀλλὰ
1497 1181 1566 1229 τῆς
1589 1196 1626 1227 15

232 1248 400 1290 πόλεως.
469 1251 538 1288 νῦν
563 1250 605 1288 δὲ
633 1247 779 1288 πολλοὶ
807 1250 921 1287 τοῦτο
946 1246 1150 1299 λέγουσιν,
1178 1246 1229 1288 ὡς
1257 1245 1458 1298 Κέρκυραν
1482 1246 1566 1287 εἷλε

231 1315 425 1365 Τιμόθεος
456 1316 518 1355 καὶ
548 1314 620 1364 τὴν
643 1316 768 1366 μόραν
795 1313 1015 1366 κατέκοψεν
1041 1312 1266 1365 Ἰφικράτης
1293 1312 1354 1353 καὶ
1379 1312 1451 1363 τὴν
1476 1314 1564 1365 περὶ

232 1380 369 1431 Νάξον
405 1383 628 1435 ναυμαχίαν
661 1382 770 1422 ἐνίκα
802 1381 998 1432 Χαβρίας·
1047 1384 1195 1421 δοκεῖτε
1231 1382 1308 1433 γὰρ
1344 1379 1451 1420 αὐτοὶ
1487 1383 1564 1419 τῶν

232 1448 359 1501 ἔργων
388 1448 536 1489 τούτων
566 1451 816 1501 παραχωρεῖν
845 1451 923 1488 τῶν
956 1450 1077 1498 τιμῶν
1108 1450 1193 1489 ταῖς
1226 1447 1470 1498 ὑπερβολαῖς
1503 1447 1565 1488 αῖς

232 1514 414 1555 δεδώκατ’
440 1515 500 1556 ἐπ’
526 1515 656 1557 αὐτοῖς
681 1514 835 1568 ἑκάστῳ
865 1514 1025 1554 τούτων.
1097 1515 1167 1555 τὰς
1190 1515 1263 1564 μὲν
1288 1513 1333 1563 δὴ
1359 1514 1564 1554 πολιτικὰς
1587 1530 1626 1551 20

232 1583 379 1634 δωρεὰς
405 1583 525 1624 οὕτως
551 1583 696 1622 ἐκεῖνοί
717 1598 759 1621 τε
786 1584 914 1623 καλῶς
941 1581 1002 1620 καὶ
1027 1581 1135 1631 ὑμεῖς
1162 1579 1230 1620 οὐκ
1255 1581 1391 1632 ὀρθῶς·
1428 1581 1498 1621 τὰς
1521 1581 1562 1619 δὲ

230 1652 309 1689 τῶν
333 1648 457 1699 ξένων
482 1652 582 1695 πῶς;
626 1650 767 1688 ἐκεῖνοι
794 1647 954 1687 Μένωνι
984 1651 1036 1701 τῷ
1063 1647 1283 1701 Φαρσαλίῳ
1314 1646 1462 1686 δώδεκα
1491 1647 1563 1697 μὲν

230 1715 391 1756 τάλαντ’
417 1716 600 1768 ἀργυρίου
624 1715 731 1755 δόντι
761 1714 857 1766 πρὸς
883 1713 950 1754 τὸν
978 1713 1037 1754 ἐπ’
1063 1713 1195 1754 Ἠιόνι
1220 1719 1268 1770 τῇ
1292 1713 1388 1764 πρὸς
1413 1712 1559 1765 Ἀμφι-

229 1783 347 1824 πόλει
375 1783 564 1833 πόλεμον,
591 1782 807 1822 διακοσίοις
835 1780 867 1820 δ’
895 1782 1058 1821 ἱππεῦσι
1087 1779 1299 1822 πενέσταις
1325 1781 1437 1822 ἰδίοις
1461 1784 1560 1830 βοη-

231 1848 409 1899 θήσαντι,
437 1849 505 1889 οὐκ
536 1850 791 1901 ἐψηφίσαντο
824 1849 1041 1895 πολιτείαν,
1075 1847 1166 1888 ἀλλ’
1198 1847 1381 1888 ἀτέλειαν
1414 1846 1562 1887 ἔδωκαν
1585 1863 1623 1894 25

273 1972 292 1998 4
317 1960 493 2001 προϊέμενοι
513 1959 597 1992 SA:
623 1958 789 2001 προέμενοι
806 1958 895 1998 vulg.
1049 1960 1086 1996 ἐξ
1105 1957 1229 1998 21-24]
1250 1957 1289 1988 cf.
1309 1956 1392 1987 xxiii
1413 1957 1560 1996 196-201

229 2003 308 2044 5-7]
326 2004 366 2035 cf.
384 2003 417 2034 iii
435 2013 476 2042 23
626 2003 646 2032 8
671 2005 919 2044 στρατηγοῦντα
939 2002 962 2033 S
975 2003 1006 2032 A
1023 2013 1030 2032 :
1055 2002 1335 2043 στρατηγήσαντα
1351 2000 1441 2039 vulg.
1462 2000 1562 2041 (νική-

230 2060 333 2079 σαντα
350 2047 432 2077 xxiii
454 2046 528 2087 196)
706 2056 727 2085 9
753 2048 786 2078 ἐν
810 2051 889 2077 ante
917 2049 1083 2087 Μαραθῶνι
1110 2046 1185 2076 add.
1207 2044 1336 2076 FYO:
1361 2053 1425 2074 orn.
1446 2042 1512 2074 SA
1529 2048 1562 2074 et

229 2091 312 2121 xxiii
333 2092 394 2130 196
500 2101 534 2121 11
561 2090 625 2122 οὐδ’
642 2089 855 2131 ὑπερηγάπων
873 2094 950 2129 post
967 2091 1108 2121 ἵστασαν
1124 2089 1199 2119 add.
1221 2087 1310 2127 vulg.
1323 2092 1357 2117 et
1373 2087 1457 2117 xxiii
1479 2087 1560 2126 196:

229 2145 293 2165 om.
315 2134 338 2164 S
351 2134 396 2164 Α1
515 2135 614 2167 οὕτως
630 2144 694 2165 om.
715 2133 803 2172 vulg.
825 2144 832 2163 :
856 2133 930 2163 add.
950 2133 973 2164 S
986 2133 1018 2163 A
1185 2141 1224 2170 13
1248 2130 1437 2169 ἀπέστησαν
1454 2132 1562 2162 αὐτοῖς

230 2178 339 2209 Cobet
477 2187 514 2217 15
540 2181 572 2210 ἐν
589 2178 707 2208 codd.:
735 2187 799 2207 om.
818 2176 936 2214 Cobet,
957 2176 994 2206 cf.
1018 2179 1033 2214 ξ
1053 2186 1090 2206 21
1111 2181 1143 2206 et
1160 2175 1241 2205 xxiii
1263 2175 1323 2213 198
1471 2174 1510 2203 16
1534 2174 1563 2204 οἱ

229 2227 309 2252 ante
326 2223 444 2254 πολλοὶ
461 2223 536 2253 add.
557 2222 646 2260 vulg.
664 2231 671 2250 :
696 2230 758 2251 om.
782 2219 847 2250 SA
865 2226 898 2250 et
914 2220 996 2250 xxiii
1018 2220 1078 2259 198
1215 2219 1253 2248 18
1277 2217 1455 2258 ναυμαχίαν
1474 2218 1563 2248 ἐνίκα

232 2265 255 2295 S
267 2265 298 2295 A
313 2277 319 2297 :
347 2266 436 2297 ἐνίκα
452 2266 633 2306 ναυμαχίαν
649 2264 741 2302 vulg.
757 2268 789 2294 et
806 2264 889 2293 xxiii
911 2264 971 2302 198
989 2273 1096 2302 prope
1113 2272 1231 2293 omnes
1408 2270 1446 2300 19
1471 2259 1518 2292 αῖς
1537 2259 1561 2290 S

231 2314 263 2339 et
280 2309 360 2339 xxiii
382 2311 461 2347 198:
489 2310 524 2341 ἃς
539 2308 630 2347 vulg.
769 2316 810 2337 20
835 2307 883 2338 ἐπ’
901 2317 967 2337 om.
988 2307 1011 2337 S
1153 2315 1191 2335 21
1219 2305 1335 2345 δωρεὰς
1352 2314 1416 2335 om.
1439 2301 1537 2334 Blass
1554 2315 1560 2334 :

232 2353 265 2382 in
286 2353 367 2383 xxiii
388 2363 450 2392 199
469 2363 534 2384 om.
561 2352 585 2383 S
777 2355 853 2389 post
873 2353 979 2382 καλῶς
1001 2349 1074 2381 add.
1098 2349 1244 2381 ἐδίδοσαν
1262 2348 1316 2378 A:
1346 2347 1422 2378 add.
1448 2347 1560 2386 ἔνεμον

231 2397 341 2436 vulg.:
373 2397 447 2427 add.
469 2397 519 2428 καὶ
542 2393 801 2427 λυσιτελούντως
824 2395 929 2426 αὑτοῖς
951 2393 1098 2425 ἐδίδοσαν
1115 2392 1196 2423 xxiii
1217 2401 1298 2431 199:
1332 2400 1394 2422 om.
1421 2390 1445 2421 S
1465 2389 1559 2421 solus

231 2450 270 2478 24
297 2438 484 2479 διακοσίοις]
504 2437 695 2480 τριακοσίοις
713 2436 794 2467 xxiii
816 2445 876 2475 199
