1731 2844
99 875 137 898 10

98 1209 132 1240 Ι5

95 1539 134 1563 20

94 1870 131 1901 25

91 2199 130 2230 30

164 151 221 206 v1]
518 154 675 192 ΚΑΤΑ
725 153 1044 192 ΦΙΛΙΠΠΟὙ
1092 155 1123 191 Β
1515 152 1601 207 [65]

163 257 391 307 ἀποκρίσεων
412 257 588 307 μνησθεὶς
608 256 879 308 ἐπαγγελλεται
898 257 966 304 μὲν
981 256 1090 295 αὐτὰς
1109 255 1250 299 δώσειν,
1267 255 1365 304 φησὶ
1385 256 1413 293 δ
1434 256 1488 294 ὅτι

162 311 350 350 δίκαιον
330 329 375 360 ην
406 312 489 352 τοὺς
521 311 588 360 τὴν
616 311 831 362 δυσχέρειαν
859 310 1114 358 πεποιηκότας,
1146 311 1300 349 ἐκεινονς
1335 310 1394 347 καὶ
1426 311 1489 349 τὰς

162 366 373 415 ἀποκρίσεις
400 365 644 410 ἀπαιτεισθαι,
667 365 750 404 τοὺς
780 365 1052 413 ἀπατήσαντας,
1074 364 1183 412 φησί,
1204 365 1268 402 τὸν
1291 363 1407 412 δῆμον
1431 365 1489 401 καὶ

162 420 373 465 ἀνοιξαντας
388 420 561 457 Φιλίππω
578 419 719 458 Πύλας.
759 421 872 456 ταῦτα
888 417 917 455 δ’
939 419 987 458 εἷς
1006 419 1070 456 τὸν
1086 418 1270 468 Αἰσχίνην
1284 418 1488 462 αἰνίττεται,

165 474 603 523 προκατασκευαζόμενος,
629 473 674 513 ὥς
703 476 812 521 φασι,
836 472 903 520 τὴν
933 470 1009 510 κατ’
1037 473 1148 510 αὐτοῦ
1178 488 1399 522 κατηγοριαν
1425 473 1490 520 τῆς

161 526 512 577 παραπρεσβειας,
492 544 538 575 ην
557 527 712 577 ὕστερον
732 527 971 575 ἐνεστήσατο,
993 526 1053 564 καὶ
1071 525 1362 576 προδιαβάλλων
1381 526 1490 564 αὐτὸν

160 582 251 631 πρὸς
264 582 348 622 τοὺς
366 580 595 631 Ἀθηναίους.

218 727 359 775 ‘'Orav,
397 726 426 768 ὦ
464 728 602 780 ἄνδρες
637 727 853 779 Ἀθηναῖοι,
891 728 1007 779 λόγοι
1048 727 1263 779 γίγνωνται
1300 725 1388 778 περὶ
1425 726 1480 766 ὧν

160 795 361 837 Φίλιππος
385 793 545 847 πράττει
572 795 633 835 καὶ
666 793 847 845 βιάζεται
873 795 977 845 παρὰ
1002 792 1073 843 τὴν
1104 791 1273 845 εἰρήνην,
1300 792 1360 833 ἀεὶ
1390 792 1479 834 τοὺς

158 861 252 913 ὑπὲρ
277 861 385 912 ἡμῶν
409 862 552 914 λόγους
580 861 641 901 καὶ
667 861 838 902 δικαίους
865 860 927 901 καὶ
953 859 1259 913 φιλανθρώπους
1283 859 1357 910 ὁρῶ
1384 864 1475 911 φαι-

159 926 355 978 νομένους,
383 927 445 968 καὶ
477 927 613 979 λέγειν
644 929 716 978 μὲν
745 926 921 968 ἅπαντας
950 927 1011 967 ἀεὶ
1035 927 1083 966 τὰ
1107 924 1246 966 δέοντα
1271 928 1478 967 δοκοῦντας

158 993 247 1034 τοὺς
278 998 585 1047 κατηγοροῦντας
611 994 825 1039 Φιλίππου,
854 993 1089 1045 γιγνόμενον
1114 992 1146 1031 δ’
1173 991 1285 1032 οὐδὲν
1310 991 1360 1033 ὡς
1384 991 1478 1033 ἔπος

160 1061 282 1100 εἰπεῖν
318 1064 394 1100 τῶν
430 1061 611 1105 δεόντων,
650 1059 729 1100 οὐδ’
765 1060 819 1099 ὧν
856 1060 985 1100 εἵνεκα
1019 1057 1124 1099 ταῦτ’
1163 1058 1316 1098 ἀκούειν
1352 1057 1475 1108 ἄξιον·
1511 1055 1601 1110 [66]

159 1125 248 1165 ἀλλ’
276 1128 330 1168 εἰς
354 1126 455 1166 τοῦτ’
481 1126 552 1177 ἤδη
579 1125 806 1178 προηγμένα
830 1124 1018 1179 τυγχάνει
1043 1124 1169 1166 πάντα
1192 1126 1239 1164 τὰ
1269 1123 1479 1176 πράγματα
1511 1139 1529 1163 2

157 1197 204 1248 τῇ
236 1193 363 1237 πόλει,
391 1193 487 1233 ὥσθ’
518 1193 599 1247 ὅσῳ
633 1209 691 1234 τις
724 1192 771 1233 ἂν
802 1195 958 1243 μᾶλλον
991 1191 1054 1231 καὶ
1087 1191 1361 1244 φανερώτερον
1394 1190 1475 1241 ἐξε-

155 1257 285 1314 λέγχῃ
311 1260 514 1300 Φίλιππον
541 1259 602 1299 καὶ
631 1259 703 1309 τὴν
737 1258 833 1311 πρὸς
863 1259 960 1309 ὑμᾶς
991 1257 1148 1309 εἰρήνην
1177 1258 1479 1309 παραβαίνοντα

158 1324 218 1364 καὶ
243 1327 341 1365 πᾶσι
367 1329 449 1367 τοῖς
466 1323 672 1375 ΓΈλλησιν
698 1325 1024 1375 ἐπιβουλεύοντα,
1054 1324 1229 1378 τοσούτῳ
1259 1323 1303 1363 τὸ
1332 1325 1371 1364 τί
1401 1323 1477 1377 χρὴ

156 1394 282 1431 ποιεῖν
307 1395 608 1442 συμβουλεῦσαι
643 1391 935 1444 χαλεπώτερον.
1005 1392 1130 1431 α’ίτιον
1159 1392 1201 1431 δὲ
1230 1390 1391 1436 τούτων,
1418 1391 1478 1430 ὅτι
1509 1401 1530 1436 3

155 1455 309 1503 πάντες,
350 1455 379 1497 ὦ
417 1457 554 1510 ἄνδρες
595 1457 809 1509 Ἀθηναῖοι,
850 1457 939 1499 τοὺς
977 1460 1228 1498 πλεονεκτεῖν
1269 1457 1477 1507 ζητοῦντας

154 1522 254 1578 ἔργῳ
286 1524 450 1565 κωλύειν
480 1525 542 1565 καὶ
572 1523 776 1577 πράξεσιν,
804 1524 892 1577 οὐχὶ
921 1524 1058 1576 λόγοις
1087 1523 1190 1570 δέον,
1218 1527 1372 1575 πρῶτον
1404 1525 1477 1573 μὲν

153 1589 263 1641 ἡμεῖς
287 1592 322 1631 οἱ
347 1592 553 1643 παριόντες
584 1591 733 1631 τούτων
764 1593 836 1642 μὲν
861 1589 1094 1643 ἀφέσταμεν
1124 1590 1186 1630 καὶ
1218 1589 1388 1642 γράφειν
1415 1589 1476 1630 καὶ

154 1658 455 1707 συμβουλεύειν,
477 1657 549 1708 τὴν
568 1657 665 1710 πρὸς
688 1658 786 1709 ὑμᾶς
811 1656 1027 1710 ἀπέχθειαν
1053 1658 1268 1703 ὀκνοῦντες,
1291 1657 1353 1696 οἶα
1372 1660 1478 1697 ποιεῖ

154 1722 200 1768 δ’,
240 1723 290 1765 ὡς
328 1723 446 1769 δεινά,
489 1724 550 1764 καὶ
588 1728 748 1764 τοιαῦτα
786 1723 1079 1777 διεξερχόμεθα·
1129 1722 1252 1763 ἔπειθ’
1292 1723 1401 1774 ὑμεῖς
1439 1725 1475 1763 οἱ

155 1788 376 1840 καθήμενοι,
405 1791 456 1832 ὡς
480 1792 553 1841 μὲν
578 1790 626 1831 ἂν
651 1792 796 1832 εἴποιτε
822 1791 992 1832 δικαίους
1024 1791 1169 1842 λόγους
1200 1789 1262 1829 καὶ
1286 1789 1474 1841 λέγοντος

153 1854 277 1895 ἄλλον
320 1858 511 1908 συνείητε,
553 1857 711 1908 ἄμεινον
751 1858 953 1898 Φιλίππου
992 1856 1303 1908 παρεσκεύασθε,
1344 1856 1394 1897 ὡς
1433 1858 1474 1896 δὲ

155 1922 364 1962 κωλύσαιτ’
390 1923 438 1963 ἂν
463 1925 612 1964 ἐκεῖνον
638 1923 822 1975 πράττειν
847 1923 952 1964 ταῦτ’
980 1923 1044 1976 ἐφ’
1069 1925 1123 1964 ὧν
1150 1924 1238 1963 ἐστι
1268 1926 1347 1968 νῦν,
1374 1939 1470 1963 παν-

152 1992 276 2030 τελῶς
295 1989 423 2041 ἀργῶς
443 1990 567 2043 ἔχετε.
629 1992 843 2041 συμβαίνει
868 1990 913 2040 δὴ
933 1989 1079 2043 πρᾶγμ’
1100 1991 1328 2042 ἀναγκαῖον,
1351 1988 1469 2039 οἶμαι,
1503 2002 1525 2035 4

153 2055 215 2094 καὶ
239 2056 334 2097 ἴσως
361 2057 474 2098 εἰκός·
512 2058 553 2096 ἐν
578 2057 635 2098 οἶς
661 2056 835 2110 ἑκάτεροι
861 2058 1083 2109 διατρίβετε
1109 2057 1171 2096 καὶ
1196 2056 1284 2108 περὶ
1304 2056 1328 2095 ἃ
1347 2071 1469 2095 σπου-

151 2119 296 2170 δάζετε,
324 2123 428 2162 ταῦτ’
454 2122 614 2174 ἄμεινον
639 2122 835 2175 ἑκατέροις
862 2124 957 2176 ἔχει,
980 2125 1115 2177 ἐκείνῳ
1140 2125 1212 2174 μὲν
1238 2124 1278 2163 αἱ
1297 2120 1469 2173 πράξεις,

150 2186 238 2237 ὑμῖν
263 2187 295 2227 δ’
321 2190 356 2229 οἱ
381 2190 508 2241 λόγοι.
570 2191 603 2230 εἰ
626 2192 698 2240 μὲν
722 2190 789 2230 οὖν
816 2190 878 2230 καὶ
903 2193 971 2230 νῦν
995 2189 1130 2241 λέγειν
1156 2188 1361 2240 δικαιότερ’
1380 2189 1471 2238 ὑμῖν

196 2297 234 2327 18
268 2302 344 2336 post
375 2299 604 2339 χαλεπώτερον
632 2298 706 2328 add.
737 2298 814 2330 εἶναι
841 2298 948 2337 vulg:
980 2308 1045 2329 om.
1077 2296 1179 2328 S¹L¹z
1214 2297 1289 2327 add.
1316 2298 1353 2329 ὒν
1380 2295 1471 2326 Mad-

149 2348 168 2367 V
173 2349 205 2378 lg
360 2350 398 2379 19
421 2340 539 2373 πάντες
557 2340 592 2371 S¹
605 2341 631 2371 L
643 2341 693 2371 Α.
718 2341 840 2374 πάντας
856 2342 943 2380 vulg.
1099 2350 1139 2378 23
1164 2341 1215 2372 καὶ
1232 2342 1366 2372 τοιαῦτα
1383 2339 1419 2369 S¹
1434 2338 1468 2368 L¹

148 2382 230 2413 8011·
263 2384 314 2415 καὶ
340 2385 471 2423 χαλεπὰ
495 2386 597 2416 ταῦτα
621 2384 645 2415 5
670 2394 752 2415 corr.
772 2384 860 2415 BF:
888 2385 938 2417 καὶ
961 2385 1092 2425 χαλεπὰ
1113 2384 1164 2415 καὶ
1187 2386 1321 2415 τοιαῦτα
1339 2383 1364 2413 L
1383 2391 1469 2413 corr.

150 2423 268 2456 AYO
