1763 2828
78 128 193 184 [320]

126 840 191 884 285

88 1301 193 1357 [321]

128 1441 197 1476 286

132 1906 198 1948 287

649 125 1135 164 ΔΗΜΟΣΘΕΝΟΎΣ
1430 119 1551 175 [xvut

224 232 372 272 τούτων
397 232 618 284 φροντίσας
644 228 785 271 εὐθέως
812 228 1029 281 ὡμολόγεις
1055 228 1118 269 καὶ
1142 231 1386 280 προσεποιοῦ
1411 229 1553 281 φιλίαν

225 298 286 340 καὶ
305 298 438 350 ξενίαν
454 298 555 339 εἶναί
572 314 636 337 σοι
653 296 749 348 πρὸς
765 295 895 342 αὐτόν,
913 300 960 352 τῇ
978 296 1194 349 μισθαρνίᾳ
1209 299 1330 335 ταῦτα
1347 295 1550 346 μετατιθέ-

222 383 338 417 μενος
363 367 411 405 τὰ
441 365 626 416 ὀνόματα·
665 365 705 403 ἐκ
732 364 847 405 ποίας
873 364 948 415 γὰρ
974 363 1064 413 ἴσης
1089 359 1112 412 ἢ
1138 362 1288 404 δικαίας
1313 361 1553 414 προφάσεως

224 433 397 488 Αἰσχίνῃ
422 435 473 486 τῷ
502 430 748 472 Γλαυκοθέας
773 432 841 481 τῆς
865 430 1175 481 τυμπανιστρίας
1200 427 1312 479 ξένος
1336 425 1359 479 ἦ
1387 429 1504 481 φίλος
1527 426 1552 480 ἢ

223 499 416 553 γνώριμος
446 497 493 548 ἦν
523 499 743 543 Φίλιππος;
783 497 860 549 ἐγὼ
889 498 961 547 μὲν
990 497 1063 549 οὐχ
1093 496 1182 547 ὁρῶ,
1214 495 1304 536 ἀλλ’
1332 496 1554 546 ἐμισθώθης
1574 513 1592 545 5

225 567 290 607 ἐπὶ
322 569 374 620 τῷ
408 567 456 605 τὰ
488 565 653 605 τουτωνὶ
691 562 950 616 συμφέροντα
982 563 1237 615 διαφθείρειν.
1309 561 1401 602 ἀλλ’
1435 563 1552 613 ὅμως,

224 633 324 673 οὕτω
351 635 530 685 φανερῶς
555 630 670 672 αὐτὸς
701 629 937 680 εἰλημμένος
962 630 1155 681 προδότης
1188 629 1251 669 καὶ
1281 631 1378 669 κατὰ
1408 632 1556 670 σαυτοῦ

224 699 395 751 μηνυτὴς
437 698 500 738 ἐπὶ
543 701 625 739 τοῖς
669 699 879 747 συμβᾶσιν
920 696 1106 748 γεγονώς,
1148 696 1234 746 ἐμοὶ
1274 698 1452 748 λοιδορεῖ
1491 695 1554 736 καὶ

225 766 424 815 ὀνειδίζεις
448 767 579 809 ταῦτα,
607 764 661 804 ὧν
687 762 837 805 πάντας
861 765 1018 813 μᾶλλον
1042 763 1188 804 αἰτίους
1214 761 1405 814 εὑρήσεις.

292 832 436 872 Πολλὰ
480 830 541 871 καὶ
584 831 687 870 καλὰ
729 829 791 869 καὶ
839 828 981 881 μεγάλ’
1023 828 1046 879 ἡ
1088 829 1217 875 πόλις,
1261 829 1447 882 Αἰσχίνη,
1493 830 1555 870 καὶ
1580 844 1618 868 10

226 899 433 950 προείλετο
464 897 527 938 καὶ
561 896 820 949 κατώρθωσεν
855 894 903 936 δι’
935 897 1042 946 ἐμοῦ,
1074 895 1128 936 ὧν
1162 896 1231 936 οὐκ
1261 894 1554 947 ἠμνημόνησεν.

225 969 391 1017 σημεῖον
421 964 476 1005 δέ·
514 966 751 1017 χειροτονῶν
784 964 859 1015 γὰρ
894 963 915 1002 ὁ
949 964 1069 1013 δῆμος
1100 961 1169 1002 τὸν
1199 962 1348 1014 ἐροῦντ’
1380 963 1445 1002 ἐπὶ
1475 965 1557 1004 τοῖς

224 1032 551 1082 τετελευτηκόσιν
574 1030 665 1083 παρ’
692 1029 789 1071 αὐτὰ
813 1031 863 1070 τὰ
889 1028 1114 1080 συμβάντα,
1136 1028 1182 1069 οὐ
1206 1031 1254 1070 σὲ
1279 1029 1558 1082 ἐχειροτόνησε

224 1097 518 1151 προβληθέντα,
557 1099 693 1149 καίπερ
732 1096 912 1149 εὔφωνον
951 1098 1059 1142 ὄντα,
1099 1095 1188 1136 οὐδὲ
1226 1094 1430 1146 Δημάδην,
1471 1095 1558 1147 ἄρτι

224 1166 466 1216 πεποιηκότα
497 1164 567 1215 τὴν
601 1163 771 1217 εἰρήνην,
807 1162 886 1203 οὐδ’
920 1161 1142 1215 “Ηγήμονα,
1176 1162 1257 1203 οὐδ’
1291 1162 1418 1203 ἄλλον
1449 1163 1557 1213 ὑμῶν
1581 1178 1618 1211 15

225 1232 377 1279 οὐδένα,
415 1231 507 1272 ἀλλ’
543 1230 624 1283 ἐμέ.
697 1231 759 1271 καὶ
796 1230 1065 1282 παρελθόντος
1102 1233 1176 1270 σοῦ
1210 1229 1272 1270 καὶ
1306 1227 1558 1270 Πυθοκλέους

226 1299 337 1350 ὠμῶς
364 1299 425 1339 καὶ
450 1299 629 1344 ἀναιδῶς,
657 1295 687 1338 ὦ
714 1300 792 1338 Ζεῦ
818 1297 879 1337 καὶ
906 1297 1001 1343 θεοί,
1030 1297 1092 1337 καὶ
1119 1296 1439 1348 κατηγορούντων
1464 1296 1559 1346 ἐμοῦ

225 1365 334 1407 ταῦθ’
360 1366 384 1406 ἃ
409 1365 472 1405 καὶ
498 1365 548 1406 σὺ
574 1364 670 1411 νυνί,
700 1364 762 1404 καὶ
785 1362 1115 1415 λοιδορουμένων,
1144 1362 1197 1404 ἔτ’
1217 1362 1378 1414 ἄμεινον
1404 1363 1556 1416 ἐχειρο-

227 1433 396 1483 τόνησεν
421 1431 501 1482 ἐμέ.
562 1431 606 1471 τὸ
631 1430 663 1471 δ’
685 1432 811 1471 αἴτιον
837 1430 906 1470 οὐκ
933 1431 1091 1482 ἀγνοεῖς
1115 1428 1200 1481 μέν,
1222 1430 1326 1480 ὅμως
1350 1431 1392 1470 δὲ
1413 1428 1558 1481 φράσω

229 1515 294 1539 σοι
319 1498 439 1550 κάγώ.
499 1497 691 1550 ἀμφότερ’
715 1496 866 1552 ᾔδεσαν
891 1496 1013 1542 αὐτοί,
1040 1495 1111 1547 τήν
1134 1495 1167 1536 τ’
1194 1495 1291 1546 ἐμὴν
1316 1495 1471 1536 εὔνοιαν
1495 1495 1559 1535 καὶ
1581 1510 1621 1533 20

228 1566 446 1619 προθυμίαν
474 1563 560 1616 μεθ’
584 1563 631 1614 ἧς
656 1565 704 1604 τὰ
728 1562 923 1615 πράγματ’
952 1562 1157 1614 ἔπραττον,
1186 1563 1248 1603 καὶ
1272 1561 1344 1612 τὴν
1367 1560 1559 1614 ὑμετέραν

229 1633 395 1673 ἀδικίαν·
433 1632 457 1671 ἃ
476 1632 550 1684 γὰρ
566 1630 829 1672 εὐθενούντων
844 1633 921 1671 τῶν
942 1628 1183 1682 πραγμάτων
1198 1629 1382 1681 ἠρνεῖσθε
1401 1629 1557 1680 διομνύ·

228 1715 352 1750 μενοι,
384 1697 488 1738 ταῦτ’
520 1699 563 1738 ἐν
591 1698 649 1738 οἶς
679 1696 869 1738 ἔπταισεν
898 1697 921 1747 ἡ
953 1696 1069 1738 πόλις
1099 1695 1397 1748 ὡμολογήσατε.
1468 1694 1560 1737 τοὺς

230 1765 299 1806 οῦν
338 1766 401 1806 ἐπὶ
439 1768 521 1807 τοῖς
560 1766 704 1806 κοινοῖς
741 1762 992 1817 ἀτυχήμασιν
1031 1763 1086 1804 ὧν
1124 1764 1317 1816 ἐφρόνουν
1356 1761 1561 1813 λαβόντας

230 1832 364 1873 ἄδειαν
389 1831 554 1886 ἐχθροὺς
577 1833 650 1882 μὲν
674 1829 810 1877 πάλαι,
832 1829 1027 1883 φανεροὺς
1052 1832 1093 1871 δὲ
1117 1829 1198 1870 τόθ’
1218 1827 1411 1882 ἡγήσανθ’
1431 1829 1561 1870 αὑτοῖς
1583 1842 1621 1875 25

231 1900 484 1952 γεγενῆσθαι·
519 1897 603 1939 εἶτα
619 1897 680 1938 καὶ
697 1896 916 1951 προσήκειν
932 1894 1311 1950 [ὑπολαμβάνοντες]
1328 1896 1396 1938 τὸν
1411 1895 1560 1948 ἐροῦντ’

231 1966 296 2007 ἐπὶ
321 1969 402 2007 τοῖς
426 1965 726 2016 τετελευτηκόσι
758 1964 820 2005 καὶ
844 1963 916 2014 τὴν
946 1964 1105 2005 ἐκείνων
1133 1963 1276 2017 ἀρετὴν
1306 1962 1561 2015 κοσμήσοντα

231 2032 322 2083 μήθ’
359 2032 584 2084 ὁμωρόφιον
622 2030 712 2083 μήθ’
750 2031 1001 2082 ὁμόσπονδον
1038 2030 1304 2083 γεγενημένον
1343 2030 1442 2072 εἶναι
1478 2033 1561 2072 τοῖς

232 2098 327 2152 πρὸς
361 2100 533 2141 ἐκείνους
563 2096 914 2151 παραταξαμένοις,
946 2097 1036 2149 μηδ’
1067 2099 1150 2139 ἐκεῖ
1176 2100 1247 2149 μὲν
1278 2097 1468 2149 κωμάζειν
1498 2096 1560 2136 καὶ

232 2166 457 2216 παιωνίζειν
496 2166 560 2206 ἐπὶ
598 2168 682 2207 ταῖς
721 2168 798 2204 τῶν
836 2163 1047 2214 Ἑλλήνων
1086 2168 1309 2217 συμφοραῖς
1347 2165 1444 2214 μετὰ
1481 2166 1560 2203 τῶν
1580 2180 1619 2212 3c

275 2285 296 2314 9
318 2277 338 2314 ἢ
357 2274 416 2315 ἐμέ
430 2281 507 2315 post
525 2274 668 2316 εὑρήσεις
684 2273 757 2304 add.
778 2272 866 2312 vulg.
886 2284 892 2303 ε
916 2283 979 2304 om.
999 2273 1023 2304 S
1038 2273 1073 2303 Ι.ι
1231 2282 1270 2312 13
1294 2272 1331 2304 σὲ
1348 2271 1459 2312 vulg.:
1486 2273 1516 2304 ‹r'
1536 2272 1560 2302 S

236 2320 275 2350 18
297 2320 400 2351 ταύτὰ
418 2316 481 2349 B²t
506 2321 609 2350 ταῦτα
627 2317 650 2348 S
663 2317 688 2347 L
706 2316 796 2356 vulg.
908 2326 948 2355 19
972 2316 1029 2356 ἐμέ
1044 2316 1132 2356 vulg.
1148 2327 1155 2346 :
1179 2330 1219 2355 με
1237 2316 1261 2347 S
1274 2316 1300 2346 L
1403 2326 1446 2347 20
1470 2316 1561 2347 αὐτοί

235 2362 297 2392 SL
320 2361 429 2400 vulg.:
456 2360 542 2392 οὗτοι
566 2360 598 2391 Α
773 2360 815 2391 26
838 2361 1123 2399 ὑπολαμβάνοντες
1148 2359 1210 2390 SL
1224 2359 1312 2397 FQ:
1336 2358 1415 2390 secl.
1441 2358 1559 2391 Blass:

233 2404 395 2440 ὑπέλαβον
412 2403 442 2433 Y
458 2415 465 2434 ε
489 2403 716 2442 ὑπελάμβανον
733 2403 822 2444 vulg.
942 2413 985 2442 30
1008 2402 1186 2443 παιωνίζειν
1205 2402 1229 2433 S
1242 2402 1267 2432 L
1280 2402 1311 2432 A
1326 2402 1350 2432 F
1361 2400 1392 2432 Y
1407 2413 1414 2431 t
1439 2403 1558 2434 παιανί-

233 2447 298 2488 (ew
314 2446 417 2485 vulg.,
435 2446 474 2477 cs.
495 2447 554 2477 xix
575 2448 634 2477 128
