1763 2828
138 122 222 177 [37]

131 803 217 859 [38]

171 870 216 904 34

167 1578 209 1615 35

678 127 1164 165 ΔΗΜΟΣΘΕΧΟΎΣ
1514 125 1575 177 [ῐιι

252 229 352 269 ἐθῶν
382 227 601 279 ἐθελήσητε
630 231 922 282 στρατεύεσθαί
946 247 989 271 τε
1019 231 1082 271 καὶ
1112 230 1297 282 πράττειν
1327 231 1445 282 ἀξίως
1473 233 1580 283 ὑμῶν

251 294 392 341 αὐτῶν,
415 296 477 336 καὶ
502 301 587 338 ταῖς
610 298 855 348 περιουσίαις
879 301 963 338 ταῖς
989 299 1089 338 οἴκοι
1112 298 1270 340 ταύταις
1295 299 1491 351 ἀφορμαῖς
1516 300 1580 340 ἐπὶ

251 363 299 402 τὰ
335 361 410 413 ἔξω
447 367 524 403 τῶν
562 364 721 414 ἀγαθῶν
758 367 942 417 χρησθαι,
984 366 1080 406 ἴσως
1122 364 1184 411 ἄν,
1223 366 1332 411 ἴσως,
1371 364 1400 406 ὠ
1442 365 1579 418 ἄνδρες

251 428 468 479 Ἂθηναῖοι,
499 429 655 470 τέλειόν
686 447 723 470 τι
755 431 816 471 καὶ
845 431 949 483 μέγα
983 431 1193 482 κτησαισθ’
1223 431 1372 484 ἀγαθὸν
1407 433 1469 473 καὶ
1502 438 1579 475 τῶν

249 496 438 537 τοιούτων
465 496 681 548 λημμάτων
711 498 1021 550 ἀπαλλαγείητε,
1048 499 1072 539 ’ἀ
1101 502 1182 540 τοῖς
1207 495 1449 551 [ἀσθενοῦσιῖ
1476 502 1580 552 παρὰ
1600 518 1618 549 5

249 566 328 603 τῶν
360 564 501 615 ἰατρῶν
532 565 672 605 σιτίοις
689 561 936 616 [διδομένοις]
970 566 1084 606 ἔοικε.
1157 565 1220 606 καὶ
1250 567 1324 618 γὰρ
1355 566 1469 607 ἐκεῖν’
1499 567 1579 607 οὔτ’

252 629 373 684 ἰσχὺν
398 631 599 681 ἐντίθησιν
628 631 708 671 οὔτ’
734 633 1002 688 ἀποθνῄσκειν
1027 634 1085 687 ἐᾷ·
1124 633 1187 672 καὶ
1217 632 1326 673 ταῦθ’
1357 633 1381 674 ’ὰ
1411 632 1580 685 νέμεσθε

249 699 318 737 νῦν
353 698 474 747 ὑμεῖς,
508 698 596 739 οὔτε
631 698 793 739 τοσαῦτ’
832 699 943 739 ἐστὶν
979 699 1075 739 ὥστ’
1109 699 1310 751 ὠφέλειαν
1346 700 1456 754 ἔχειν
1491 703 1579 742 τινὰ

248 765 396 815 διαρκῆ,
433 763 512 804 οὔτ’
546 765 795 817 ἀπογνόντας
830 765 934 806 ἄλλο
969 783 1006 806 τι
1043 766 1230 818 πράττειν
1266 768 1323 822 ἐᾷ,
1362 767 1454 807 ἀλλ’
1491 767 1578 808 ἔστι

248 834 367 870 ταῦτα
395 830 467 880 τὴν
493 830 661 871 ἑκάστου
690 833 883 886 ῥᾳθυμίαν
908 834 1014 884 ὑμῶν
1044 832 1327 883 ἐπαυξάνοντα.
1341 829 1496 890 ᾗύκοῦν
1527 834 1578 874 σὺ
1603 849 1640 871 10

245 899 499 949 μισθοφορὰν
534 897 685 950 λέγεις,·
727 898 851 950 φήσει
892 916 962 941 τις.
1038 899 1100 939 καὶ
1141 890 1382 953 παραχρῆμά
1420 918 1466 953 γε
1507 900 1579 951 τὴν

246 962 367 1013 αὐτὴν
393 963 581 1014 σύνταξιν
606 964 805 1011 ἁπάντων,
833 964 863 1006 ὦ
892 965 1030 1018 ἄνδρες
1054 965 1270 1016 Ἀθηναῖοι,
1299 967 1364 1006 ἵνα
1392 971 1470 1008 τῶν
1497 984 1574 1008 κοι-

246 1033 323 1071 νῶν
349 1030 516 1073 ἕκαστος
540 1031 585 1072 τὸ
608 1030 725 1083 μέρος
749 1031 982 1083 λαμβάνων,
1010 1034 1100 1073 ὅτου
1126 1032 1244 1073 δέοιθ’
1269 1033 1291 1083 ἡ
1319 1033 1446 1079 πόλις,
1473 1033 1578 1074 τοῦθ’

244 1096 428 1151 ὑπάρχοι.
492 1097 648 1149 ἔξεστιν
670 1098 781 1150 ἄγειν
801 1099 986 1153 ἡσυχίαν·
1026 1101 1126 1140 οἴκοι
1150 1099 1279 1150 μένων
1299 1101 1487 1150 βελτίων,
1509 1104 1578 1141 τοῦ

243 1163 291 1204 δι’
316 1164 470 1205 ἔνδειαν
496 1164 647 1221 ἀνάγκῃ
671 1183 708 1206 τι
737 1169 864 1207 ποιεῖν
889 1165 1059 1219 αἰσχρὸν
1084 1165 1406 1219 ἀπηλλαγμένος.
1478 1184 1575 1218 συμ-
1601 1182 1638 1214 15

243 1231 376 1281 βαίνει
401 1249 437 1272 τι
462 1236 636 1272 τοιοῦτον
662 1234 746 1273 οἷον
767 1233 828 1273 καὶ
853 1234 901 1272 τὰ
926 1236 1007 1274 νῦν·
1048 1220 1290 1285 στρατῗιῶῖης
1315 1233 1431 1275 αὐτὸς
1456 1231 1576 1286 ὑπάρ-

243 1314 326 1351 χων
352 1298 429 1339 ἀπὸ
457 1304 535 1356 τῶν
560 1299 687 1340 αὐτῶν
713 1299 859 1340 τούτων
883 1299 1112 1351 λημμάτων,
1143 1300 1279 1351 ὥσπερ
1311 1301 1398 1340 ἐστὶ
1427 1301 1576 1341 δίκαιον

243 1366 340 1417 ὑπὲρ
371 1368 440 1416 τῆς
473 1366 669 1418 πατρίδος.
741 1366 829 1407 ἔστι
861 1383 919 1408 τις
952 1365 1026 1417 ἔξω
1059 1369 1128 1416 τῆς
1160 1367 1314 1417 ἡλικίας
1347 1368 1468 1418 ὑμῶν·
1512 1367 1576 1407 ὅσ·’

242 1431 354 1474 οὗτος
379 1432 555 1485 ἀτάκτως
580 1436 648 1473 νῦν
667 1432 887 1484 λαμβάνων
906 1434 974 1474 οὐκ
1000 1433 1163 1485 ὠφελεῖ,
1185 1433 1290 1473 ταῦτ’
1312 1434 1354 1474 ἐν
1374 1434 1442 1490 'Co-27
1467 1433 1576 1485 τάξει

242 1498 463 1549 λαμβάνων
514 1499 628 1539 πάντ’
662 1500 818 1552 ἐφορῶν
853 1501 915 1540 καὶ
950 1503 1107 1540 διοικῶν
1143 1500 1167 1540 ἃ
1203 1499 1278 1554 χρὴ
1316 1486 1583 1563 πράττω-θοῇ
1596 1513 1636 1536 20

242 1565 343 1607 ὅλως
385 1564 418 1605 δ’
455 1565 534 1606 οὔτ’
571 1567 734 1619 ἀφελὼν
776 1567 865 1607 οὔτε
906 1568 1108 1618 προσθείς,
1153 1566 1258 1616 πλὴν
1298 1571 1458 1619 μικρῶν,
1503 1567 1574 1618 τὴν

242 1630 406 1682 ἀταξίαν
430 1633 583 1673 ἀνελὼν
613 1634 668 1675 εἰς
697 1632 809 1684 τάξιν
833 1633 986 1686 ἤγαγον
1010 1633 1082 1684 τὴν
1107 1633 1237 1680 πόλιν,
1265 1633 1337 1684 τὴν
1360 1633 1481 1684 αὐτὴν
1506 1637 1574 1674 τοῦ

240 1701 397 1749 λαβεῖν,
425 1702 495 1740 τοῦ
524 1699 823 1751 στρατεύεσθαι,
854 1704 922 1740 τοῦ
952 1699 1134 1750 δικάζειν,
1167 1703 1234 1740 τοῦ
1262 1704 1389 1742 ποιεῖν
1418 1700 1522 1741 τοῦθ’
1551 1701 1575 1740 ὅ

240 1781 278 1805 τι
315 1764 399 1805 καθ’
434 1765 591 1816 ἡλικίαν
627 1766 794 1808 ἕκαστος
834 1766 923 1820 ἔχοι
960 1767 1024 1807 καὶ
1059 1767 1150 1807 ὅτου
1187 1766 1316 1818 καιρὸς
1352 1768 1424 1818 εἵη,
1461 1766 1573 1818 τάξιν

240 1830 432 1882 ποιήσαςω
495 1833 563 1873 οὐκ
593 1833 703 1874 ἔστιν
732 1834 832 1875 ὅπου
861 1835 984 1885 μηδὲν
1015 1834 1093 1886 ἐγὼ
1123 1837 1282 1874 ποιοῦσι
1305 1835 1353 1874 τὰ
1381 1837 1459 1874 τῶν
1483 1851 1570 1874 ποι-
1594 1846 1632 1878 25

240 1898 388 1939 ούντων
425 1899 535 1940 εἶπον
572 1899 623 1941 ὡς
660 1903 720 1941 δεῖ
752 1900 898 1952 νέμειν,
936 1900 1016 1941 οὐδ’
1053 1899 1192 1943 αὐτοὺς
1227 1902 1299 1951 μὲν
1335 1901 1472 1953 ἀργεῖν
1509 1901 1571 1941 καὶ

282 2017 303 2046 3
327 2010 465 2050 χρῆσθαι
483 2007 514 2038 Α
526 2008 556 2039 Y
568 2008 598 2039 O
614 2020 621 2038 :
646 2008 813 2049 χρήσησθε
831 2009 855 2040 S
872 2008 960 2048 vulg.
1077 2020 1095 2047 4
1121 2009 1288 2048 κτήσησθε
1306 2008 1330 2040 S
1433 2018 1453 2047 5
1477 2010 1569 2041 ἀσθε-

241 2054 329 2083 νοῦσι
353 2051 437 2083 secl.
461 2052 493 2082 F.
513 2052 556 2083 A.
575 2051 678 2090 Wolf,
704 2053 813 2084 Cobet
999 2053 1020 2082 6
1052 2052 1227 2091 διδομένοις
1252 2052 1331 2083 secl.
1360 2051 1469 2083 Cobet
1493 2052 1567 2084 coll.

240 2094 395 2127 Prooem.
414 2104 455 2134 53
572 2107 610 2126 10
633 2097 675 2128 τὰ
693 2101 768 2135 post
785 2098 889 2128 ταῦτα
905 2096 981 2126 add.
1005 2096 1140 2126 Dobree
1266 2106 1304 2134 13
1328 2096 1414 2128 τοῦθ’
1432 2095 1568 2136 ὑπάρχοι

240 2137 366 2168 SFB:
397 2141 495 2171 τοῦτο
519 2139 646 2181 παρέχῃ
674 2141 717 2175 (v
737 2139 756 2169 l.
782 2138 931 2180 παρέχοι)
959 2138 1101 2178 Dionys.
1132 2138 1208 2170 Hal.
1234 2150 1256 2169 v
1282 2140 1367 2177 609.
1401 2139 1445 2171 εἷς
1470 2142 1568 2171 τοῦτο

241 2181 366 2221 ἕτοιμος
389 2182 516 2225 ὑπάρχῃ
543 2183 641 2213 AY.
674 2184 718 2214 εἰς
742 2183 828 2214 τοῦθ’
854 2183 987 2222 ἑτοίμως
1011 2182 1172 2223 χρήσιμον
1196 2183 1293 2214 αὑτὸν
1316 2180 1452 2224 παρέχοι
1476 2181 1566 2221 vulg.

244 2234 281 2262 14
306 2225 336 2256 εῑ
349 2230 428 2256 ante
446 2226 586 2262 βελτιων
602 2226 678 2256 add.
699 2226 814 2264 vulg.:
847 2230 922 2265 post
947 2226 1090 2262 βελτίων
1113 2226 1190 2257 add.
1210 2225 1354 2264 Diony.s
1374 2225 1451 2256 Hal
1469 2237 1475 2255 :

240 2268 265 2299 S
279 2267 306 2298 Β
443 2279 481 2307 19
506 2269 629 2309 ὠφελεῖ
641 2268 727 2307 vulg.
746 2280 753 2298 t
777 2269 951 2309 ὠφελεῖται
969 2269 992 2300 S
1006 2269 1031 2299 F
1176 2279 1218 2299 20
1242 2267 1436 2307 λαμβανέτω
1453 2236 1564 2308 vulg.
1559 2280 1566 2299 :

240 2311 415 2351 λαμβάνων
432 2312 455 2343 S
470 2314 494 2344 F
705 2322 742 2341 21
770 2315 889 2353 μικρῶν
905 2311 929 2342 S
948 2322 1032 2343 corr.
1053 2322 1104 2351 pr.
1123 2322 1163 2342 m.
1183 2311 1210 2342 B
1228 2321 1312 2342 corr.
1333 2311 1365 2342 A
1377 2311 1408 2342 O
1424 2321 1431 2341 :
1454 2311 1566 2353 μικρόν

241 2354 348 2386 S¹B¹2
385 2359 483 2395 μικρῷ
510 2355 649 2394 Dionys.
677 2354 754 2386 Hal.
928 2364 968 2394 25
1001 2355 1175 2387 ποιούντων
1201 2355 1237 2386 Sl
1264 2357 1316 2395 (ut
1340 2355 1487 2395 videtur)
1511 2354 1564 2386 A:

239 2397 441 2436 ποιησόντων
458 2398 545 2437 vulg.
