1747 2844
185 121 273 175 x1x]
398 127 540 163 ΠΕΡΙ
589 126 713 163 ΤΗΣ
761 125 1280 163 ΠΑΡΑΠΡΕΣΒΕΙΑΣ
1539 127 1653 181 [343]

184 227 335 278 ετάξατ’
369 230 411 269 ἐν
444 229 490 284 τῇ
527 228 725 281 πρεσβείᾳ
761 227 1014 277 πεποιηκότα,
1050 227 1112 267 καὶ
1149 228 1382 277 ἀνηλωκότα
1417 229 1506 270 τοὺς

182 295 347 347 χρόνους
390 296 431 335 ἐν
470 295 528 336 οἷς
567 297 730 334 πολλῶν
769 294 832 334 καὶ
872 292 1061 346 μεγάλων
1099 293 1340 346 πραγμάτων
1381 295 1506 346 καιροὶ

181 365 382 413 προεῖνται
410 361 455 417 τῇ
489 362 616 407 πόλει,
650 361 711 401 καὶ
744 359 902 401 πάντων
932 359 1078 401 τούτων
1109 363 1213 412 δῶρα
1245 360 1308 400 καὶ
1339 362 1506 411 μισθοὺς

182 429 376 479 εἰληφότα
398 430 497 479 μετὰ
517 426 797 479 Φιλοκράτους,
821 425 1155 479 καταψηφίσασθ’
1176 426 1294 466 αὐτοῦ
1315 427 1376 467 καὶ
1396 429 1506 478 δίκην

142 514 159 545 5
181 493 294 545 ἀξίαν
318 498 396 535 τῶν
420 493 667 545 ἀδικημάτων
689 492 854 544 λάβετε·
891 492 940 533 ἂν
965 495 1006 534 δὲ
1029 493 1082 544 μὴ
1109 491 1222 543 δείξω
1248 496 1381 541 ταῦτα,
1404 490 1427 544 ἢ
1451 494 1504 544 μὴ

180 560 319 606 πάντα,
347 563 415 611 ἐμὲ
437 563 509 612 μὲν
535 563 689 612 φαῦλον
713 559 877 611 ἡγεῖσθε
901 562 1040 600 τοῦτον
1066 559 1098 599 δ’
1123 559 1259 612 ἄφετε.

246 628 392 667 Πολλὰ
423 629 465 667 δὲ
498 627 561 667 καὶ
592 628 700 666 δεινὰ
733 629 965 678 κατηγορεῖν
995 625 1101 680 ἔχων
1135 626 1193 667 ἔτι
1225 625 1320 678 πρὸς
1352 626 1504 669 τούτοις
1535 639 1557 673 9

179 693 292 745 ἕτερ’,
327 692 356 734 ὦ
392 692 529 744 ἄνδρες
561 692 778 742 Ἀθηναῖοι,
812 691 859 742 ἐξ
891 693 946 732 ῶν
980 693 1050 732 οὐκ
1085 692 1170 733 ἔσθ’
1205 693 1316 734 ὅστις
1351 693 1398 733 ἂν
1436 694 1503 734 οὐκ

179 759 338 802 εἰκότως
364 759 574 810 μισήσειεν
603 758 733 805 αὐτόν,
765 759 964 809 βούλομαι
995 758 1070 811 πρὸ
1100 758 1258 799 πάντων
1286 760 1340 800 ὧν
1367 759 1502 810 μέλλω

121 842 159 865 10
177 825 312 877 λέγειν
331 826 646 876 μνημονεύοντας
664 826 772 876 ὑμῶν
791 825 862 866 οἶδ’
880 825 940 865 ὅτι
959 825 1048 867 τοὺς
1067 825 1243 867 πολλοὺς
1261 827 1500 877 ὑπομνῆσαι,

177 892 265 932 τίνα
282 891 392 942 τάξιν
412 893 549 933 ἑαυτὸν
570 891 707 942 ἔταξεν
728 892 923 944 Αἰσχίνης
943 893 985 932 ἐν
1003 893 1049 947 τῇ
1069 893 1252 946 πολιτείᾳ
1271 892 1314 932 τὸ
1334 896 1501 944 πρῶτον,

178 958 239 998 καὶ
264 959 372 999 τίνας
400 959 546 1010 λόγους
576 960 671 998 κατὰ
696 962 764 998 τοῦ
790 958 992 999 Φιλίππου
1023 961 1260 1011 δημηγορεῖν
1285 958 1380 1013 ᾤετο
1407 962 1499 1005 δεῖν,
1534 957 1650 1012 [344]

176 1024 224 1064 ἵν’
246 1024 365 1074 εἰδῆθ’
385 1026 445 1065 ὅτι
469 1028 550 1066 τοῖς
573 1023 642 1075 ὑφ’
668 1026 807 1065 ἑαυτοῦ
832 1023 1122 1076 πεπραγμένοις
1148 1025 1210 1065 καὶ
1236 1027 1499 1077 δεδημηγορη-

175 1090 308 1141 μένοις
341 1092 384 1131 ε’ν
414 1091 517 1147 ἀρχῇ
550 1090 712 1141 μάλιστ’
742 1089 1078 1143 ἐξελεγχθήσεται
1107 1090 1195 1142 δῶρ’
1226 1092 1344 1145 ἔχων.
1414 1091 1502 1132 ἔστι
1535 1105 1578 1130 10

117 1173 154 1205 15
174 1158 306 1197 τοίνυν
344 1157 456 1199 οὗτος
497 1157 518 1196 ὁ
555 1161 708 1209 πρῶτος
747 1156 968 1207 Ἀθηναίων
1010 1158 1245 1208 αἰσθόμενος
1284 1158 1498 1204 Φίλιππον,

176 1223 226 1265 ὡς
257 1224 348 1264 τότε
380 1226 611 1276 δημηγορῶν
643 1223 734 1276 ἔφη,
770 1223 1083 1275 ἐπιβουλεύοντα
1114 1228 1196 1265 τοῖς
1220 1222 1402 1275 ’Έλλησι
1439 1225 1500 1265 καὶ

175 1289 454 1341 διαφθείροντά
479 1306 588 1332 τινας
606 1294 683 1330 τῶν
703 1291 745 1330 ἐν
764 1289 950 1344 Ἀρκαδίᾳ
969 1290 1285 1342 προεστηκότων,
1308 1291 1369 1331 καὶ
1395 1291 1500 1345 ἔχων

168 1354 410 1409 Ἴσχανδρον
434 1355 502 1396 τὸν
521 1355 806 1407 Νεοπτολέμου
831 1356 1205 1408 δευτεραγωνιστήν,
1226 1358 1403 1409 προσιὼν
1427 1360 1501 1409 μὲν

173 1422 220 1478 τῇ
256 1422 399 1479 βουλῇ,
435 1423 611 1474 προσιὼν
645 1425 686 1463 δὲ
718 1426 770 1477 τῷ
807 1421 913 1477 δήμῳ
948 1423 1035 1475 περὶ
1067 1423 1226 1469 τούτων,
1263 1424 1324 1463 καὶ
1357 1425 1499 1466 πείσας

115 1505 154 1528 20
171 1489 269 1539 ὑμᾶς
307 1492 507 1541 πανταχοῖ
545 1488 737 1541 πρέσβεις
778 1488 935 1541 πέμψαι
972 1489 1062 1531 τοὺς
1104 1488 1347 1540 συνάξοντας
1386 1494 1498 1543 δεῦρο

171 1554 261 1597 τοὺς
289 1554 632 1606 βουλευσομένους
658 1556 745 1608 περὶ
775 1559 842 1596 τοῦ
869 1554 966 1608 πρὸς
991 1557 1196 1596 Φίλιππον
1221 1556 1407 1609 πολέμου,
1437 1558 1498 1597 καὶ
1532 1572 1568 1598 11

171 1621 438 1674 ἀπαγγέλλων
473 1624 572 1674 μετὰ
610 1621 718 1662 ταῦθ’
755 1622 860 1672 ἥκων
900 1622 948 1673 ἐξ
980 1622 1189 1674 Ἀρκαδίας
1226 1622 1316 1665 τοὺς
1355 1623 1497 1665 καλοὺς

170 1689 342 1731 ἐκείνους
368 1688 429 1729 καὶ
453 1688 623 1740 μακροὺς
646 1689 803 1741 λόγους,
825 1688 891 1731 οὓς
916 1690 957 1730 ἐν
982 1692 1063 1731 τοῖς
1086 1690 1237 1741 μυρίοις
1262 1691 1304 1730 ἐν
1324 1690 1496 1747 Μεγάλῃ

170 1755 286 1795 πόλει
321 1755 417 1807 πρὸς
451 1755 684 1807 Ἱερώνυμον
720 1755 786 1796 τὸν
821 1757 918 1808 ὑπὲρ
955 1757 1158 1797 Φιλίππου
1193 1755 1364 1808 λέγοντα
1398 1758 1495 1809 ὑπὲρ

111 1838 148 1869 25
168 1822 274 1872 ὑμῶν
304 1822 382 1873 ἔφη
409 1821 774 1874 δεδημηγορηκέναι,
804 1823 866 1863 καὶ
897 1821 1049 1873 διεξιὼν
1072 1823 1192 1873 ἡλίκα
1221 1823 1292 1873 τὴν
1317 1822 1495 1864 Ἑλλάδα

169 1890 315 1934 πᾶσαν,
343 1887 432 1941 οὐχὶ
461 1890 530 1930 τὰς
560 1889 658 1931 ἰδίας
689 1889 869 1929 ἀδικοῦσι
896 1890 1018 1940 μόνον
1043 1890 1232 1941 πατρίδας
1261 1892 1297 1930 οἱ
1327 1892 1492 1941 δωροδο-

170 1957 327 1997 κοῦντες
354 1955 415 1994 καὶ
440 1954 622 2008 χρήματα
645 1955 923 2006 λαμβάνοντες
948 1957 1053 2007 παρὰ
1079 1958 1295 1997 Φιλίππου.
1360 1955 1493 2006 ἐπειδὴ
1528 1968 1568 1995 12

168 2022 298 2061 τοίνυν
323 2024 444 2061 ταῦτα
470 2021 775 2073 πολιτευομένου
799 2022 937 2062 τούτου
962 2023 1051 2063 τότε
1077 2023 1138 2063 καὶ
1163 2026 1275 2062 τοῦτο
1300 2021 1343 2062 τὸ
1369 2022 1492 2074 δεῖγμ’

167 2086 445 2141 ἐξενηνοχότος
482 2088 569 2140 περὶ
604 2089 733 2135 αὑτοῦ,
766 2088 856 2130 τοὺς
888 2089 976 2141 περὶ
1007 2091 1076 2139 τῆς
1113 2088 1268 2141 εἰρήνης
1300 2088 1493 2140 πρέσβεις

107 2171 148 2201 30
166 2153 333 2205 πέμπειν
381 2155 431 2198 ὡς
478 2156 681 2196 Φίλιππον
729 2156 941 2206 ἐπείσθητε
987 2155 1051 2196 ὑπ’
1095 2155 1382 2207 Ἀριστοδήμου
1429 2156 1491 2196 καὶ

211 2271 223 2291 1
251 2263 448 2301 πεποιηκότα
466 2263 491 2292 L
509 2273 612 2302 marg.
629 2262 716 2303 vulg.
734 2275 741 2294 t
764 2263 944 2302 ποιήσαντα
961 2263 984 2295 S
998 2264 1022 2293 L
1035 2264 1064 2293 Y
1209 2264 1230 2293 6
1254 2264 1365 2303 ἀφίετε
1382 2263 1490 2295 Cobet

169 2315 203 2335 11
231 2307 274 2337 εἷς
292 2311 370 2336 ante
387 2307 460 2338 τίνα
478 2307 553 2338 add.
575 2307 599 2336 L
616 2307 705 2345 vulg.
720 2318 726 2337 ε
751 2318 815 2338 om.
839 2308 862 2338 S
1082 2317 1124 2337 20
1147 2309 1312 2347 πανταχοῖ
1327 2307 1350 2337 S
1365 2307 1390 2337 L
1407 2308 1486 2338 soli:

163 2352 329 2388 πανταχοῦ
348 2349 414 2388 FQ
427 2350 456 2380 Y
476 2350 571 2388 Frag.
591 2349 786 2381 Grafianum
808 2351 906 2381 (Brit.
926 2350 1010 2381 Mus.
1029 2349 1117 2380 Add.
1142 2350 1213 2380 MS.
1237 2352 1379 2391 34473):
1412 2364 1487 2383 παν·

164 2394 251 2431 ταχῆ
268 2392 299 2422 Α
311 2392 340 2422 O
473 2393 592 2433 πέμψαι
611 2393 634 2423 S
647 2393 714 2424 LA
727 2394 757 2424 O
777 2394 827 2425 Fr.
849 2393 942 2425 Graf.
960 2406 967 2426 ¹.
992 2394 1128 2432 πέμπειν
1147 2393 1212 2432 FQ
1226 2393 1256 2424 Y

207 2453 392 2475 DEMOSTH..
411 2454 485 2476 vm..
508 2455 529 2475 1.
1311 2446 1352 2477 22
