1747 2844
217 133 302 186 xm]
442 139 583 176 ΠΕΡΙ
632 139 755 175 THE
804 139 1325 177 ΠΑΡΑΠΡΕΣΒΕΙΑΣ
1569 141 1682 196 [352]

215 242 278 282 καὶ
302 241 402 281 τοῦτ’
429 241 495 281 οὐκ
521 241 598 281 ἀπὸ
622 240 867 291 ταύτομάτου
897 244 1034 280 τοῦτον
1068 240 1244 294 ἐπράχθη
1274 241 1342 282 τὸν
1373 243 1530 294 τρόπον,

213 308 305 348 ἀλλ’
330 309 426 360 ὑπὲρ
457 310 529 358 μὲν
558 309 612 348 ὧν
642 309 745 359 παρὰ
774 306 921 347 τούτων
945 308 1043 357 ὑμᾶς
1068 307 1146 348 ἔδει
1171 309 1281 358 δίκην
1309 309 1533 359 λαμβάνειν

212 374 257 415 οὐ
289 375 559 425 πεποιηκότων
596 374 685 414 οὐδὲ
720 374 966 428 διῳκηκότων
1002 373 1117 414 οὐδὲν
1152 375 1206 414 ὧν
1241 375 1350 425 ὑμεῖς
1386 393 1530 427 προσε-

210 439 344 490 τάξατ’
370 443 412 481 ἐν
436 445 488 495 τῷ
514 441 763 493 ψηφίσματι,
789 441 940 481 ἐκεῖνος
971 439 1174 493 ἐκδέχεται
1202 441 1272 491 τὴν
1302 442 1431 482 αἰτίαν
1455 440 1537 495 [καί

170 527 187 558 5
210 513 337 559 φησιν
356 507 471 549 αὐτὸς
491 508 612 548 αἴτιος
631 503 896 559 γεγενῆσθαι],
918 505 963 547 ὃν
985 506 1053 546 οὐκ
1074 506 1254 557 ἐμέλλεθ’
1271 509 1391 558 ὑμεῖς,
1410 508 1530 560 οἶμαι,

209 573 449 624 δυνήσεσθαι
470 572 650 613 κολάσαι·
691 573 716 612 ἃ
734 571 767 612 δ’
789 574 939 614 ἐκεῖνος
961 570 1206 624 ἐξαπατῆσαι
1228 574 1290 614 καὶ
1309 579 1532 627 προλαβεῖν
1563 583 1607 626 38

208 642 276 690 τῆς
302 640 455 682 πόλεως
476 639 681 690 ἐβούλετο,
704 639 815 680 οὗτος
841 638 1100 691 ἀπήγγειλεν,
1122 641 1186 680 ἵνα
1204 640 1293 691 μηδ’
1315 641 1532 693 ἐγκαλέσαι

206 708 303 757 μηδὲ
327 705 565 757 μέμψασθαι
589 707 709 757 μηδὲν
734 706 901 757 ὕστερον
927 707 1036 756 ὑμεῖς
1061 707 1193 759 ἔχοιτε
1212 707 1415 762 Φιλίππῳ,
1441 708 1531 758 μήτ’

207 774 249 812 ἐν
275 773 470 828 ἐπιστολῇ
493 771 581 822 μήτ’
608 771 752 812 ἄλλοθι
777 775 956 823 μηδαμοῦ
981 776 1058 813 τῶν
1090 773 1180 824 παρ’
1205 775 1355 814 ἐκείνου
1383 776 1531 816 τούτων
1563 776 1673 831 [353]

146 856 186 880 10
205 839 387 879 ἐνόντων.
446 837 541 890 λέγε
567 838 600 879 δ’
627 838 758 880 αὐτοῖς
788 838 908 889 αὐτὴν
938 838 1009 889 τὴν
1039 839 1270 890 ἐπιστολήν,
1297 839 1345 890 ἣν
1379 840 1531 894 ἔγραψε

203 907 276 956 μὲν
304 905 429 951 οὗτος,
459 904 616 957 ἔπεμψε
642 905 674 945 δ’
701 906 861 947 ἐκεῖνος·
902 906 964 946 καὶ
991 906 1170 947 σκοπεῖθ’
1195 908 1255 947 ὅτι
1279 911 1416 948 τοῦτον
1445 908 1530 962 ἔχει

203 970 272 1012 τὸν
296 972 455 1022 τρόπον,
484 970 528 1011 ὃν
554 970 799 1022 διεξελήλυθ’
826 973 917 1024 ἐγώ.
976 972 1083 1025 λέγε.

754 1091 970 1120 ΕΠΙΣΤΟΛΗ.

270 1170 456 1217 Ἀκούετ’,
479 1169 508 1211 ὦ
533 1170 669 1223 ἄνδρες
691 1170 905 1221 Ἀθηναῖοι,
927 1174 996 1222 τῆς
1022 1173 1250 1223 ἐπιστολῆς,
1273 1172 1323 1215 ὡς
1344 1172 1443 1223 καλὴ
1465 1175 1527 1214 καὶ
1557 1193 1602 1227 39

144 1255 180 1287 15
202 1236 496 1289 φιλάνθρωπος.
567 1238 655 1289 περὶ
689 1239 731 1278 δὲ
756 1236 929 1278 Φωκέων
963 1234 986 1288 ἦ
1013 1239 1209 1289 Θηβαίων
1234 1236 1256 1289 ἢ
1282 1243 1358 1279 τῶν
1391 1239 1527 1280 ἄλλων

200 1305 254 1344 ὧν
280 1304 391 1346 οὗτος
416 1302 672 1356 ἀπήγγειλεν,
704 1304 793 1344 οὐδὲ
816 1307 901 1356 γρῦ.
972 1306 1114 1356 ταύτης
1138 1307 1268 1346 τοίνυν
1293 1305 1372 1345 οὐδ’
1399 1307 1526 1347 ὁτιοῦν

201 1370 286 1410 ἐσθ’
319 1369 439 1423 ὑγιές.
513 1371 574 1411 καὶ
609 1370 712 1410 τοῦτ’
746 1371 884 1411 αὐτίκα
917 1371 963 1421 δὴ
995 1370 1087 1421 μάλ’
1120 1373 1228 1423 ὑμεῖς
1261 1374 1428 1424 ὄψεσθε.
1489 1374 1524 1413 οἱ

199 1438 271 1487 μὲν
303 1438 379 1489 γὰρ
410 1436 556 1483 Ἁλεῖς,
591 1437 656 1479 οὓς
690 1438 755 1477 ἵνα
790 1437 1135 1478 συνδιαλλάττωσι
1172 1443 1389 1492 κατασχεῖν
1422 1444 1524 1490 φησι

198 1503 370 1549 τούτους,
403 1503 584 1554 τοιαύτης
615 1502 857 1557 τετυχήκασι
888 1506 1108 1557 διαλλαγῆς
1137 1504 1233 1544 ὥστ’
1263 1504 1523 1556 ἐξελήλανται

139 1587 178 1609 20
199 1570 262 1610 καὶ
287 1569 508 1611 ἀνάστατος
532 1570 555 1621 ἡ
582 1571 698 1612 πόλις
724 1570 851 1611 αὐτῶν
884 1569 1038 1623 γέγονε·
1075 1571 1165 1613 τοὺς
1191 1571 1223 1612 δ’
1249 1572 1522 1625 αἰχμαλώτους

198 1636 218 1675 ὁ
252 1640 414 1678 σκοπῶν
446 1638 485 1677 τί
515 1636 562 1677 ἂν
595 1638 685 1688 ὑμῖν
721 1639 932 1691 χαρίσαιτο
967 1637 1091 1679 οὐδέν’
1125 1639 1390 1689 ἐνθυμηθῆναί
1419 1644 1522 1691 φησι

196 1703 412 1744 λύσασθαι.
483 1704 772 1757 μεμαρτύρηται
809 1706 851 1745 δὲ
890 1703 1085 1755 δήπουθεν
1120 1706 1210 1756 ὑμῖν
1245 1706 1288 1745 ἐν
1323 1709 1375 1760 τῷ
1413 1704 1520 1760 δήμῳ
1553 1721 1598 1754 4ο

197 1770 404 1817 πολλάκις,
441 1771 491 1812 ὡς
526 1771 602 1823 ἐγὼ
635 1771 829 1812 τάλαντον
863 1771 968 1825 ἔχων
1001 1771 1062 1812 ἐπ’
1088 1771 1227 1814 αὐτοὺς
1259 1771 1430 1826 ᾠχόμην,
1460 1773 1521 1812 καὶ

197 1839 266 1877 νῦν
292 1839 332 1877 δὲ
357 1836 710 1889 μαρτυρηθήσεται·
750 1837 810 1878 διὸ
835 1839 898 1878 καὶ
922 1838 993 1889 τὴν
1025 1838 1122 1890 ἐμὴν
1148 1840 1378 1892 φιλοτιμίαν
1408 1839 1520 1880 οὗτος

138 1919 174 1950 25
197 1903 487 1955 ἀφαιρούμενος
524 1903 627 1944 τοῦτ’
666 1904 826 1945 ἔπεισεν
865 1906 1016 1947 ἐκεῖνον
1056 1905 1271 1958 ἐγγράψαι.
1330 1905 1350 1945 ὃ
1388 1907 1519 1946 τοίνυν

195 1969 385 2022 μέγιστον
419 1969 617 2012 ἁπάντων·
661 1971 680 2009 ὁ
715 1973 791 2024 γὰρ
825 1973 880 2013 εἰς
911 1972 983 2023 τὴν
1017 1972 1211 2025 προτέραν
1244 1972 1402 2025 γράψας
1435 1974 1517 2012 ἐπι-

239 2088 301 2118 4-5
327 2080 378 2110 καὶ
396 2103 402 2109 .
423 2102 429 2109 .
450 2102 457 2109 .
477 2080 673 2119 ’γεγενῆσθαι
692 2079 769 2110 secl.
789 2079 897 2111 Cobet
1061 2092 1077 2120 7
1103 2081 1307 2122 ἀπήγγειλεν
1325 2081 1347 2111 S
1364 2081 1388 2110 L
1405 2080 1493 2120 vulg.
1512 2094 1518 2112 ε

196 2122 409 2163 ἀπήγγελλεν
425 2122 456 2152 Α
629 2133 650 2161 9
675 2123 795 2154 ἄλλοτε
813 2123 837 2153 S
970 2129 1050 2155 ante
1067 2126 1138 2166 παρ’
1155 2125 1231 2155 add.
1251 2127 1315 2156 τῶν
1332 2124 1380 2155 Α;
1405 2127 1473 2157 τοῖς
1491 2125 1517 2155 L

195 2166 282 2205 vulg.
302 2177 308 2196 :
334 2168 368 2197 ἐν
384 2168 451 2197 τοῖς
470 2166 493 2196 S
509 2179 559 2207 γρ.
577 2177 583 2196 z
609 2175 672 2196 om.
693 2165 760 2196 SY
940 2177 978 2198 10
1003 2168 1141 2200 ἐνόντων
1158 2169 1181 2198 S
1195 2167 1280 2198 LA:
1307 2168 1409 2200 ὄντων
1425 2168 1513 2207 vulg.

198 2210 237 2238 16
274 2210 349 2250 πρὸς
382 2211 459 2248 ὑμᾶς
490 2214 568 2248 post
600 2210 781 2250 ἀπήγγειλε
813 2210 1023 2251 (ἀπήγγελλε
1056 2212 1096 2252 L)
1130 2211 1204 2241 add.
1240 2211 1327 2250 vulg.
1343 2225 1349 2242 :
1390 2221 1455 2242 om.
1491 2212 1515 2242 S

199 2253 237 2282 18
261 2252 350 2284 ἁλεῖς
366 2253 454 2291 vulg.
474 2263 480 2282 ι
505 2260 610 2284 αλεεις
629 2253 671 2283 S:
697 2252 803 2285 ἁλεεῖς
822 2253 859 2291 L,
878 2254 917 2285 cs.
940 2258 954 2291 ,ξ
973 2255 1015 2293 36
1194 2264 1232 2293 19
1255 2257 1313 2292 τῆς
1329 2260 1409 2285 ante
1427 2258 1516 2287 διαλ-

195 2297 298 2336 λαγῆς
315 2296 389 2326 add.
411 2296 437 2326 L
454 2296 542 2335 vulg.
561 2307 567 2325 :
593 2306 655 2326 om.
677 2296 701 2326 S
713 2295 744 2325 A
840 2307 882 2327 20
907 2297 1113 2330 ἀνάσπαστος
1130 2298 1160 2328 Y
1259 2307 1296 2327 21
1324 2302 1422 2330 ποιῶν
1439 2303 1516 2338 post

195 2340 227 2370 τί
243 2340 280 2371 ἂν
296 2340 372 2370 add.
392 2339 481 2378 vulg.
500 2350 506 2369 :
530 2349 594 2369 om.
615 2339 639 2369 S
652 2338 733 2369 L¹Y
822 2341 922 2372 οὐδέν’
942 2340 1062 2371 Blass:
1086 2342 1149 2373 οὐδ’
1167 2341 1263 2372 codd.
1376 2352 1415 2380 24
1441 2347 1517 2381 post

195 2384 250 2413 νῦν
265 2382 340 2413 add.
361 2381 396 2414 δὲ
412 2382 466 2413 A:
490 2383 528 2421 δὴ
544 2382 631 2421 Aug.
653 2392 671 2411 2
687 2393 694 2413 :
718 2393 781 2413 om.
803 2384 828 2413 S
841 2383 866 2413 L
883 2384 971 2423 vulg.
