1763 2828
110 116 231 171 [396]

110 619 226 674 [397]

163 693 226 735 178

162 1295 226 1332 Ι79

161 1817 227 1852 180

682 113 1165 151 ΔΗΜΟΣΘΕΝΟΎΣ
1499 109 1584 163 [xlx

260 219 387 258 ποιεῖν
421 215 539 268 ἐγγὺς
574 217 691 258 ὄντας
726 218 794 255 τοῦ
830 215 1017 261 διδόντος,
1052 214 1109 254 ὅθ’
1142 215 1248 266 ὑμῶν
1284 215 1476 267 ὁρώντων,
1509 219 1588 257 τῶν

261 284 322 323 καὶ
351 285 515 334 τιμῆσαι
545 283 686 334 κυρίων
716 283 841 323 ὄντων
871 282 932 322 καὶ
963 281 1190 322 τούναντίον
1222 281 1403 328 κολάσαι,
1429 285 1588 324 τοιαῦτα

258 353 460 396 ποιοῦσιν,-

327 416 654 468 Συλλογίσασθαι
680 414 724 465 δὴ
749 414 951 466 βούλομαι
975 416 1024 455 τὰ
1049 414 1332 466 κατηγορημέν’
1357 413 1423 455 ἀπ’
1448 415 1585 469 ἀρχῆς,

258 482 307 523 ἵν’
324 482 386 523 ὄσ’
402 483 492 533 ὑμῖν
507 483 743 535 ὑπεσχόμην
759 482 978 534 ἀρχόμενος
997 485 1065 522 τοῦ
1084 481 1206 533 λόγου
1223 480 1336 532 δείξω
1353 482 1587 532 πεποιηκώς.
1610 499 1627 531 5

259 548 430 599 ἐπέδειξ’
450 548 562 589 οὐδὲν
583 549 728 598 ἀληθὲς
752 549 1044 601 ἀπηγγελκότα,
1068 549 1174 588 ἀλλὰ
1195 547 1456 600 φενακίσανθ’
1474 549 1585 599 ὑμᾶς,

257 615 427 668 μάρτυσι
468 618 550 656 τοῖς
591 614 868 666 γεγενημένοις
914 614 1057 661 αὐτοῖς,
1103 614 1147 654 οὐ
1188 615 1325 666 λόγοις
1370 614 1586 667 χρώμενος.

259 681 428 732 ἐπέδειξ’
465 682 590 721 αἴτιον
626 680 890 733 γεγενημένον
925 684 993 721 τοῦ
1028 681 1081 732 μὴ
1119 680 1264 721 ’θέλειν
1298 682 1396 731 ὑμᾶς
1432 681 1588 722 ἀκούειν

258 750 352 798 ἐμοῦ
380 749 533 798 τάληθῆ
565 751 651 789 ταῖς
681 746 957 800 ὑποσχέσεσιν
988 749 1050 788 καὶ
1080 751 1163 790 τοῖς
1198 747 1478 799 ἐπαγγέλμασι
1505 751 1587 789 τοῖς

257 814 396 855 τούτου
417 813 743 866 καταληφθέντας
762 814 862 860 τότε,
883 813 1011 854 πάντα
1030 814 1217 855 τάναντία
1238 813 1586 865 συμβουλεύσαντ’
1614 833 1652 856 10

256 878 279 931 ἢ
306 881 396 927 ἔδει,
427 881 487 920 καὶ
517 886 565 937 τῇ
593 882 666 931 μὲν
690 883 768 920 τῶν
799 879 1021 934 συμμάχων
1047 879 1266 920 ἀντειπόντ’
1295 879 1441 936 εἰρήνῃ,
1467 885 1514 937 τῇ
1545 882 1585 921 δὲ

257 946 530 999 Φιλοκράτους
564 945 907 999 συνηγορήσαντα,
942 946 1033 989 τοὺς
1068 947 1236 1000 χρόνους
1274 947 1584 999 κατατρίψαντα,

256 1015 321 1054 ἵνα
352 1013 442 1064 μηδ’
477 1014 510 1054 εἰ
545 1013 767 1064 βούλοισθε
800 1012 977 1053 δύναισθ’
1012 1012 1188 1064 ἐξελθεῖν
1221 1013 1276 1054 εἷς
1311 1012 1488 1059 Φωκέας,
1523 1013 1587 1053 καὶ

257 1080 349 1120 ἄλλ’
375 1080 438 1121 ἐπὶ
467 1082 536 1131 τῆς
566 1079 785 1130 ἀποδημίας
809 1081 943 1120 πολλὰ
973 1081 1036 1120 καὶ
1065 1078 1159 1120 δείν’
1188 1078 1463 1131 εἰργασμένον,
1490 1095 1585 1131 προ·

257 1147 453 1188 δεδωκότα
476 1145 617 1192 πάντα,
639 1146 879 1198 πεπρακότα,
901 1145 990 1198 δῶρ’
1010 1146 1166 1199 ἔχοντα,
1189 1145 1302 1186 οὐδὲν
1323 1145 1589 1186 ἐλλελοιπότα
1613 1161 1649 1194 15

255 1214 486 1266 μοχθηρίας.
541 1212 679 1253 οὐκοῦν
694 1212 803 1252 ταῦθ’
820 1213 1057 1266 ὑπεσχόμην
1077 1213 1119 1253 ἐν
1136 1212 1252 1268 ἀρχῇ,
1270 1211 1377 1252 ταῦτ’
1395 1210 1586 1263 ἐπέδειξα.

257 1280 373 1332 ὁρᾶτε
409 1280 541 1320 τοίνυν
570 1281 618 1319 τὰ
653 1280 752 1330 μετὰ
787 1282 919 1319 ταῦτα·
958 1280 1107 1320 ἁπλοῦς
1141 1277 1216 1331 γάρ
1250 1277 1335 1318 ἐσθ’
1371 1278 1392 1317 ὁ
1426 1277 1588 1329 μέλλων

256 1346 377 1398 λόγος
402 1345 539 1386 οὑτοσὶ
563 1345 660 1397 πρὸς
683 1346 782 1396 ὑμᾶς
806 1345 892 1396 ἤδη.
965 1345 1195 1396 ὀμωμόκατε
1220 1346 1466 1397 ψηφιεῖσθαι
1492 1346 1589 1385 κατὰ

256 1412 345 1455 τοὺς
370 1413 512 1463 νόμους
532 1412 594 1452 καὶ
613 1413 660 1452 τὰ
678 1413 925 1464 ψηφίσματα
948 1414 995 1451 τὰ
1021 1415 1090 1452 τοῦ
1108 1410 1230 1462 δήμου
1256 1411 1318 1451 καὶ
1341 1413 1411 1462 τῆς
1435 1413 1589 1462 βουλῆς

255 1482 334 1520 τῶν
366 1480 652 1520 πεντακοσίων·
690 1480 876 1530 φαίνεται
912 1477 945 1518 δ’
980 1478 1091 1520 οὗτος
1125 1477 1255 1518 πάντα
1286 1478 1474 1518 τάναντία
1505 1481 1588 1520 τοῖς
1610 1496 1650 1518 20

256 1546 403 1596 νόμοις,
425 1548 507 1587 τοῖς
526 1546 782 1598 ψηφίσμασι,
800 1548 882 1586 τοῖς
904 1545 1067 1586 δικαίοις
1088 1543 1410 1596 πεπρεσβευκώς·
1448 1543 1587 1584 οὐκοῦν

257 1611 474 1653 ἑαλωκέναι
495 1611 686 1663 προσήκει
706 1611 810 1664 παρά
837 1628 882 1663 γε
903 1614 994 1652 νοῦν
1015 1611 1155 1664 ἔχουσι
1180 1613 1396 1653 δικασταῖς.
1459 1611 1493 1651 εἷ
1512 1611 1588 1662 γὰρ

257 1678 360 1719 ἄλλο
389 1680 511 1729 μηδὲν
539 1678 676 1728 ἠδίκει,
711 1679 778 1719 δύο
809 1681 886 1718 τῶν
917 1677 1204 1730 πεπραγμένων
1233 1676 1318 1718 ἔσθ’
1345 1675 1443 1718 ἱκάν’
1469 1676 1587 1717 αὐτὸν

257 1746 498 1786 ἀποκτεῖναι·
536 1745 581 1785 οὐ
609 1746 684 1797 γὰρ
714 1745 836 1795 μόνον
867 1743 1043 1790 Φωκέας,
1075 1745 1182 1784 ἀλλὰ
1211 1744 1273 1784 καὶ
1300 1741 1464 1798 Θράκην
1493 1759 1587 1795 προ·

257 1812 401 1853 δέδωκε
437 1812 638 1866 Φιλίππῳ.
712 1812 837 1851 καίτοι
876 1811 944 1850 δύο
982 1809 1304 1864 χρησιμωτέρους
1341 1810 1484 1852 τόπους
1519 1811 1588 1860 τῆς
1609 1828 1647 1860 25

257 1878 485 1929 οἰκουμένης
521 1877 599 1919 οὐδ’
633 1878 681 1918 ἂν
716 1878 771 1920 εἷς
806 1876 995 1927 ἐπιδείξαι
1031 1882 1079 1934 τῇ
1111 1877 1239 1923 πόλει,
1276 1878 1372 1916 κατὰ
1407 1877 1480 1927 μὲν
1512 1877 1588 1928 γῆν

260 1948 418 1991 Πυλῶν,
447 1945 489 1985 ἐκ
519 1943 715 1995 θαλάττης
745 1946 786 1984 δὲ
814 1947 883 1984 τοῦ
907 1943 1226 1994 Ἑλλησπόντου·
1264 1943 1289 1983 ἃ
1318 1941 1586 1995 συναμφότερ’

258 2012 365 2052 οὗτοι
408 2010 658 2063 πεπράκασιν
700 2012 876 2063 αἰσχρῶς
919 2011 981 2050 καὶ
1025 2009 1108 2050 καθ’
1147 2010 1254 2060 ὑμῶν
1296 2009 1586 2062 ἐγκεχειρίκασι

258 2079 462 2132 Φιλίππῳ.
532 2081 646 2118 τοῦτο
671 2078 802 2117 τοίνυν
826 2075 919 2117 αὐτὸ
945 2075 1036 2117 ἄνευ
1060 2079 1138 2116 τῶν
1167 2075 1304 2116 ἄλλων
1332 2075 1471 2125 ἡλίκον
1501 2073 1585 2114 ἔστ’

258 2145 438 2195 ἀδίκημα,
473 2144 517 2184 τὸ
548 2141 711 2198 Θράκην
748 2143 810 2182 καὶ
841 2145 889 2182 τὰ
920 2143 1032 2196 τείχη
1066 2141 1271 2194 προέσθαι,
1306 2140 1412 2194 μυρί’
1445 2140 1494 2181 ἂν
1526 2141 1585 2190 εἵη
1608 2157 1648 2189 30

258 2210 405 2263 λέγειν,
449 2211 510 2251 καὶ
548 2211 638 2250 ὅσοι
676 2211 739 2250 διὰ
776 2208 881 2249 ταῦτ’
921 2209 1160 2249 ἀπολώλασι
1198 2207 1289 2259 παρ’
1323 2208 1427 2258 ὑμῖν,
1469 2207 1505 2247 οἱ
1544 2209 1586 2247 δὲ

300 2320 320 2350 8
345 2321 448 2351 αἴτιον
463 2327 527 2349 om.
547 2317 595 2356 Sl,
614 2318 656 2350 cf.
673 2317 750 2348 xviii
769 2327 844 2356 270,
862 2327 930 2347 xxv
946 2325 986 2355 57
1138 2325 1176 2346 12
1201 2314 1469 2357 συνηγορήσαντα
1487 2313 1584 2344 Blass

257 2362 332 2393 coll.
356 2365 371 2399 ξ
401 2371 458 2401 15:
495 2361 779 2402 συνηγορεύσαντα
806 2361 850 2392 L:
885 2359 1168 2402 συναγορεύσαντα
1193 2359 1217 2389 S
1241 2359 1357 2398 vulg.:
1391 2356 1584 2390 συνειπόντα

258 2405 365 2436 Cobet
501 2406 541 2435 16
563 2404 668 2445 ταῦθ’]
688 2405 756 2436 ἅτθ’
774 2404 885 2435 Cobet
1021 2405 1059 2434 18
1083 2404 1190 2434 οὑτοσὶ
1208 2412 1273 2433 om.
1293 2402 1324 2432 A
