1763 2828
161 504 206 540 97

99 1422 212 1477 [259]

168 1505 214 1540 99

155 2107 222 2134 100

660 110 1144 150 ΔΗΜΟΣΘΕΝΟΥΣ
1441 102 1563 157 [xvm

236 222 304 271 τῆς
342 219 495 267 πόλεως
532 218 622 259 τότε
659 215 908 267 κεκτημένης,
944 213 1122 265 ἐξήλθετ’
1160 214 1215 255 εἰς
1251 212 1463 265 Ἃλίαρτον
1500 213 1563 253 καὶ

237 286 358 327 πάλιν
385 287 429 327 οὐ
454 288 625 327 πολλαῖς
659 281 820 335 ἡμέραις
852 282 1021 333 ὕστερον
1054 282 1108 322 εἷς
1138 281 1344 332 Κόρινθον,
1371 283 1450 320 τῶν
1482 279 1562 319 τότ’

236 353 457 404 Ἀθηναίων
489 352 607 392 πόλλ’
633 351 682 391 ἂν
716 351 891 403 ἐχόντων
923 350 1220 400 μνησικακῆσαι
1255 346 1316 387 καὶ
1344 347 1563 398 Κορινθίοις

241 421 304 461 καὶ
322 420 522 471 Θηβαίοις
541 423 618 459 τῶν
639 418 726 470 περὶ
746 417 813 458 τὸν
835 414 1074 456 Δεκελεικὸν
1093 415 1269 465 πόλεμον
1289 412 1560 466 πραχθέντων·

239 487 330 528 ἀλλ’
357 487 423 528 οὐκ
451 487 608 527 ἐποίουν
633 488 759 530 τοῦτο,
787 483 866 525 οὐδ’
894 482 1023 535 ἐγγύς.
1095 482 1218 522 καίτοι
1243 480 1331 520 τότε
1356 479 1461 520 ταῦτ’
1487 480 1559 530 ἆμ-
1585 496 1603 528 5

239 554 388 607 φότερ’,
416 553 602 606 Αἰσχίνη,
630 551 711 592 οὔθ’
738 552 834 603 ὑπὲρ
862 550 1076 602 εὐεργετῶν
1102 549 1262 589 ἐποίουν
1288 546 1367 587 οὔτ’
1394 546 1563 587 ἀκίνδυν’

239 621 383 674 ἑώρων.
444 619 535 660 ἀλλ’
569 618 614 658 οὐ
646 619 710 658 διὰ
743 621 864 658 ταῦτα
898 615 1079 669 προΐεντο
1115 614 1205 656 τοὺς
1243 613 1564 666 καταφεύγοντας

239 687 304 740 ἐφ’
346 686 517 732 ἑαυτούς,
559 684 651 726 ἀλλ’
688 685 786 736 ὑπὲρ
825 681 1003 732 εὐδοξίας
1044 683 1106 723 καὶ
1144 684 1257 733 τιμῆς
1296 680 1442 732 ἤθελον
1483 683 1565 722 τοῖς

239 757 380 795 δεινοῖς
427 752 566 794 αὐτοὺς
613 751 774 797 διδόναι,
820 751 944 803 ὀρθῶς
987 749 1050 790 καὶ
1095 752 1222 790 καλῶς
1264 748 1562 799 βουλευόμενοι.

240 820 362 872 πέρας
393 821 464 870 μὲν
498 820 574 871 γὰρ
602 817 753 858 ἅπασιν
784 817 1003 868 ἀνθρώποις
1038 816 1125 856 ἐστὶ
1159 818 1227 855 τοῦ
1259 815 1351 865 βίου
1385 813 1563 860 θάνατος,
1589 830 1628 852 ιο

241 887 312 928 κᾶν
338 888 378 928 ἐν
404 886 565 940 οἰκίσκῳ
590 901 649 926 τις
675 883 791 924 αὑτὸν
819 882 1024 935 καθείρξας
1049 883 1159 938 τηρῇ·
1204 885 1265 922 δεῖ
1288 883 1330 922 δὲ
1353 881 1442 923 τοὺς
1467 881 1563 933 ἀγα-

242 954 331 996 θοὺς
368 952 511 1006 ἄνδρας
551 953 747 1005 ἐγχειρεῖν
788 952 860 1001 μὲν
899 948 1050 990 ἅπασιν
1089 948 1150 989 ἀεὶ
1188 951 1270 989 τοῖς
1311 951 1456 994 καλοῖς,
1496 947 1567 998 τὴν

241 1019 394 1073 ἀγαθὴν
426 1018 781 1072 προβαλλομένους
815 1017 968 1063 ἐλπίδα,
997 1015 1134 1069 φέρειν
1165 1015 1197 1056 δ’
1223 1015 1271 1056 ἂν
1304 1015 1325 1054 ὁ
1358 1014 1446 1056 θεὸς
1476 1016 1566 1069 διδῷ

242 1088 445 1141 γενναίως.
504 1085 608 1126 ταῦτ’
635 1086 791 1126 ἐποίουν
822 1086 859 1125 οἱ
888 1083 1068 1136 ὑμέτεροι
1098 1083 1299 1136 πρόγονοι,
1327 1080 1435 1122 ταῦθ’
1459 1082 1568 1132 ὑμεῖς

242 1156 278 1196 οἱ
315 1153 593 1206 πρεσβύτεροι,
632 1152 668 1193 οἲ
704 1151 1036 1202 Λακεδαιμονίους
1073 1150 1117 1190 οὐ
1154 1150 1298 1202 φίλους
1334 1150 1452 1190 ὄντας
1488 1146 1567 1188 οὐδ’
1592 1163 1628 1195 15

243 1220 462 1274 εὐεργέτας,
505 1221 612 1261 ἀλλὰ
651 1220 786 1259 πολλὰ
823 1218 895 1268 τὴν
931 1218 1049 1257 πόλιν
1087 1217 1196 1267 ἡμῶν
1233 1215 1467 1266 ἠδικηκότας
1507 1214 1570 1254 καὶ

242 1287 411 1341 μεγάλα,
440 1286 574 1337 ἐπειδὴ
602 1289 780 1338 Θηβαῖοι
807 1283 1072 1338 κρατήσαντες
1103 1285 1144 1324 ἐν
1171 1282 1382 1335 Λεύκτροις
1412 1282 1569 1322 ἀνελεῖν

244 1355 488 1408 ἐπεχείρουν,
516 1353 794 1399 διεκωλύσατε,
817 1353 861 1393 οὐ
888 1349 1138 1405 φοβηθέντες
1165 1350 1236 1401 τὴν
1261 1349 1351 1390 τότε
1371 1349 1570 1399 Θηβαίοις

243 1422 377 1474 ῥώμην
411 1422 474 1462 καὶ
508 1418 626 1470 δόξαν
658 1418 930 1472 ὑπάρχουσαν,
967 1417 1047 1458 οὐδ’
1072 1419 1170 1469 ὑπὲρ
1204 1417 1267 1457 οἶα
1298 1415 1570 1466 πεποιηκότων

245 1488 463 1541 ἀνθρώπων
489 1486 759 1529 κινδυνεύσετε
783 1484 1122 1538 διαλογισάμενοι.
1194 1483 1258 1524 καὶ
1286 1482 1361 1535 γάρ
1385 1499 1446 1523 τοι
1471 1484 1572 1522 πᾶσι
1593 1496 1632 1518 20

245 1560 327 1598 τοῖς
352 1554 557 1606 ’Έλλησιν
595 1552 759 1604 ἐδείξατ’
793 1554 835 1593 ἐκ
867 1552 1015 1593 τούτων
1049 1552 1121 1598 ὅτι,
1159 1549 1229 1591 κᾶν
1262 1551 1393 1590 ὁτιοῦν
1426 1566 1484 1592 τις
1517 1550 1572 1591 εἷς

245 1624 343 1674 ὑμᾶς
376 1621 586 1678 ἐξαμάρτῃ,
614 1621 762 1661 τούτων
795 1619 866 1669 τὴν
898 1618 1020 1672 ὀργὴν
1054 1619 1109 1660 εἷς
1142 1617 1255 1657 τᾶλλ’
1281 1617 1406 1671 ἔχετε,
1434 1618 1503 1657 ἐὰν
1536 1615 1570 1656 δ’

245 1691 342 1742 ὑπὲρ
373 1689 568 1741 σωτηρίας
593 1684 616 1738 ἢ
642 1687 863 1739 ἐλευθερίας
898 1686 1074 1727 κίνδυνός
1107 1702 1164 1727 τις
1199 1684 1337 1726 αὐτοὺς
1372 1689 1569 1734 καταλαμ-

245 1756 366 1813 βάνῃ,
394 1756 483 1796 οὔτε
507 1753 816 1806 μνησικακήσετ’
843 1753 924 1793 οὗθ’
950 1754 1245 1805 ὑπολογιεῖσθε.
1319 1751 1381 1791 καὶ
1412 1751 1479 1791 οὐκ
1508 1750 1573 1791 ἐπὶ

246 1823 394 1864 τούτων
418 1824 541 1874 μόνον
567 1823 689 1863 οὕτως
715 1819 927 1875 ἐσχήκατε,
953 1821 1057 1860 ἀλλὰ
1084 1819 1204 1860 πάλιν
1231 1817 1573 1872 σφετεριζομένων
1596 1832 1634 1863 25

249 1891 446 1942 Θηβαίων
482 1890 554 1940 τὴν
588 1889 766 1940 Εὔβοιαν
800 1887 845 1927 οὐ
877 1888 1104 1939 περιείδετε,
1140 1886 1219 1927 οὐδ’
1253 1887 1306 1927 ὧν
1341 1885 1416 1926 ὑπὸ
1449 1886 1572 1936 Θεμί-

249 1975 378 2000 σωνος
411 1957 474 1997 καὶ
508 1956 718 2008 Θεοδώρου
749 1955 837 2007 περὶ
862 1954 1048 2007 Ὠρωπὸν
1082 1953 1261 2005 ἠδίκησθ’
1288 1951 1572 2004 ἀνεμνήσθητε,

250 2024 342 2065 ἀλλ’
360 2023 613 2076 ἐβοηθήσατε
631 2023 692 2063 καὶ
707 2022 872 2069 τούτοις,
889 2026 966 2062 τῶν
983 2023 1203 2063 ἐθελοντῶν
1218 2021 1308 2062 τότε
1326 2019 1575 2072 τριηράρχων

250 2096 406 2145 πρῶτον
439 2089 665 2144 γενομένων
696 2091 742 2146 τῇ
776 2090 906 2135 πόλει,
933 2091 987 2129 ὧν
1022 2090 1076 2131 εἷς
1109 2088 1156 2139 ἦν
1189 2088 1280 2140 ἐγώ.
1351 2086 1442 2127 ἀλλ’
1468 2086 1574 2126 οὔπω

297 2212 309 2232 1
338 2200 534 2242 κεκτημένης
552 2200 662 2239 vulg-z
689 2198 893 2238 κτησαμένης
912 2198 987 2229 S¹L
1101 2208 1117 2237 7
1142 2198 1289 2239 προῖεντο
1308 2197 1331 2227 S
1345 2196 1404 2227 L¹:
1429 2199 1577 2237 προεῖντο

249 2245 280 2275 Λ
294 2246 380 2276 FO:
406 2245 553 2286 πρόειντο
571 2244 659 2283 vulg.
827 2252 866 2280 13
891 2242 927 2273 ἂν
947 2242 1113 2272 Dindors:
1139 2255 1176 2273 αν
1191 2243 1208 2273 *ὸ
1227 2241 1250 2272 S
1267 2252 1273 2271 :
1297 2242 1313 2273 ἢ
1331 2242 1369 2272 ἂν
1386 2240 1576 2271 Stobaeus:

250 2290 267 2321 ὅ
290 2303 320 2320 τι
346 2290 384 2322 ἂν
408 2289 435 2319 L
459 2288 547 2327 vulg.
723 2297 761 2325 14
795 2288 880 2326 ὑμεῖς
905 2286 929 2316 S
954 2286 1066 2316 solus:
1099 2287 1183 2324 ὑμῶν
1208 2284 1232 2315 S
1255 2298 1306 2325 γρ.
1335 2283 1417 2314 LF:
1451 2285 1522 2323 ὑμῖν
1544 2282 1576 2313 Α

250 2343 291 2363 22
315 2333 438 2364 τούτων
452 2332 475 2363 S
492 2344 498 2363 :
522 2331 627 2372 τούτῳ
645 2335 723 2362 cett.
818 2338 859 2367 25
883 2328 997 2369 μόνον]
1015 2328 1120 2368 μόνων
1135 2329 1160 2358 L
1173 2327 1251 2358 F1A
1340 2327 1381 2357 28
1399 2330 1577 2359 ἐθελοντῶν

251 2376 278 2406 Β
293 2388 298 2407 :
325 2376 503 2408 ἐθελόντων
521 2376 545 2406 S
559 2376 584 2406 L
601 2375 701 2414 vulg,
721 2374 760 2405 cs.
782 2376 797 2411 ξ
815 2373 858 2403 68
984 2372 1060 2405 τότε
1077 2377 1155 2403 ante
1173 2370 1372 2413 τριηράρχων
1389 2371 1413 2401 S
1426 2370 1451 2400 L
1467 2382 1472 2400 :
1500 2376 1577 2410 post

249 2419 450 2461 τριηράρχων
465 2419 553 2458 vulg.
