1747 2844
142 536 159 567 5

122 868 161 890 10

122 1204 159 1237 15

121 1541 160 1562 20

183 146 301 199 xvm]
482 151 626 187 ΠΕΡΙ
674 151 796 188 TOT
842 151 1182 188 ΣΤΕΦΑΝΟΎ

183 255 225 293 δὲ
255 249 386 301 δοκεῖ),
413 253 606 305 φυλάττει
633 253 762 303 πηνίκ’
788 252 934 293 ἔσεσθε
962 254 1104 304 μεστοὶ
1132 257 1202 293 τοῦ
1233 258 1411 306 συνεχῶς
1439 253 1505 294 λε’-

181 336 321 372 γοντος
345 316 368 369 ἢ
394 322 500 371 παρὰ
522 322 590 369 τῆς
615 319 735 372 τύχης
760 335 798 359 τι
827 318 1086 370 συμβέβηκεν
1113 320 1334 370 ἐναντίωμα
1357 316 1379 369 ἢ
1406 320 1508 360 ἄλλο

180 404 217 426 τι
243 386 441 427 δύσκολον
463 385 628 439 γέγονεν
651 385 799 436 (πολλὰ
824 388 865 425 δὲ
890 384 1163 437 τάνθρώπινα)·
1202 385 1270 426 εἶτ’
1297 386 1362 426 ἐπὶ
1384 386 1507 441 τούτῳ

180 457 232 507 τῷ
271 457 388 507 καιρῷ
424 452 551 505 ῥήτωρ
588 450 778 505 ἐξαίφνης
814 453 856 491 ἐκ
891 454 960 502 τῆς
994 451 1165 505 ἡσυχίας
1201 452 1336 505 ὥσπερ
1371 453 1508 504 πνεῦμ’

180 518 322 571 ἐφάνη,
342 521 405 560 καὶ
423 519 746 572 πεφωνασκηκὼς
767 519 828 559 καὶ
849 520 1092 571 συνειλοχὼς
1111 517 1264 571 ῥήματα
1285 518 1346 559 καὶ
1365 520 1509 572 λόγους

181 587 351 639 συνείρει
376 587 536 627 τούτους
560 589 704 638 σαφῶς
728 585 790 625 καὶ
816 586 1039 631 ἀπνευστεί,
1066 588 1206 636 ὄνησιν
1230 588 1302 637 μὲν
1327 585 1509 636 οὐδεμίαν

181 652 376 705 φέροντας
418 652 496 692 οὐδ’
536 653 684 705 ἀγαθοῦ
728 654 865 703 κτῆσιν
908 652 1078 698 οὐδενός,
1120 654 1329 705 συμφορὰν
1371 654 1413 693 δὲ
1454 657 1507 707 τῷ

180 720 340 773 τυχόντι
367 723 445 759 τῶν
474 723 649 759 πολιτῶν
680 719 743 759 καὶ
772 719 906 769 κοινὴν
935 720 1143 772 αἰσχύνην.
1216 720 1341 760 καίτοι
1366 720 1509 770 ταύτης

179 788 248 836 τῆς
278 785 447 837 μελέτης
480 787 542 826 καὶ
572 788 641 836 τῆς
673 786 911 837 ἐπιμελείας,
947 787 1134 839 Αἰσχίνη,
1162 787 1270 839 εἴπερ
1300 788 1343 826 ἐκ
1371 788 1507 840 ψυχῆς

181 854 332 894 δικαίας
361 854 542 905 ἐγίγνετο
573 853 636 893 καὶ
665 855 714 893 τὰ
741 855 811 903 τῆς
840 853 1026 905 πατρίδος
1056 852 1310 905 συμφέροντα
1335 870 1503 909 προῃρη-

178 919 313 970 μένης,
346 919 436 961 τοὺς
466 920 636 972 καρποὺς
667 920 746 960 ἔδει
777 921 982 973 γενναίους
1017 919 1077 959 καὶ
1112 920 1254 961 καλοὺς
1287 920 1350 960 καὶ
1381 922 1505 960 πᾶσιν

181 986 406 1039 ὠφελίμους
431 987 544 1032 εἶναι,
570 988 797 1039 συμμαχίας
822 987 991 1032 πόλεων,
1017 986 1161 1038 πόρους
1185 986 1412 1039 χρημάτων,
1437 988 1503 1037 ἐμ-

180 1053 318 1105 πορίου
353 1052 611 1104 κατασκευήν,
640 1054 772 1104 νόμων
801 1054 1087 1105 συμφερόντων
1120 1052 1263 1099 θέσεις,
1292 1057 1376 1095 τοῖς
1408 1054 1504 1094 ἀπο-

180 1122 399 1172 δειχθεῖσιν
427 1121 585 1173 ἐχθροῖς
614 1120 896 1171 ἐναντιώματα.
966 1120 1114 1160 τούτων
1146 1122 1222 1173 γὰρ
1247 1119 1432 1161 ἁπάντων
1461 1119 1508 1170 ἦν

182 1187 224 1226 ἐν
244 1189 325 1228 τοῖς
343 1186 422 1226 ἄνω
448 1187 606 1240 χρόνοις
625 1186 817 1237 ἐξέτασις,
842 1186 904 1227 καὶ
929 1186 1071 1227 ἔδωκεν
1091 1187 1113 1226 ὁ
1130 1187 1338 1239 παρελθὼν
1364 1187 1508 1239 χρόνος

180 1255 338 1294 πολλὰς
370 1252 590 1304 ἀποδείξεις
617 1253 730 1305 ἀνδρὶ
762 1257 867 1308 καλῷ
897 1269 939 1294 τε
974 1254 1144 1308 κάγαθῷ,
1175 1254 1217 1293 ἐν
1247 1254 1305 1295 οἷς
1337 1252 1508 1304 οὐδαμοῦ

181 1319 232 1359 σὺ
257 1319 429 1371 φανήσει
454 1320 639 1372 γεγονώς,
666 1320 711 1360 οὐ
740 1324 905 1372 πρῶτος,
931 1319 975 1360 οὐ
1005 1320 1195 1372 δεύτερος,
1223 1319 1267 1360 οὐ
1295 1321 1436 1372 τρίτος,
1463 1320 1508 1361 οὗ

179 1386 378 1439 τέταρτος,
398 1387 445 1427 οὐ
461 1386 654 1437 πέμπτος,
673 1386 747 1440 οὐχ
768 1388 890 1432 ἕκτος,
908 1386 983 1440 οὐχ
1003 1387 1265 1433 ὁποστοσοῦν,
1285 1387 1422 1427 οὔκουν
1442 1387 1510 1426 ἐπί

179 1452 216 1505 γ’
236 1453 293 1495 οἷς
318 1454 340 1504 ἡ
367 1453 505 1505 πατρὶς
529 1452 730 1504 ηὐξάνετο.
790 1453 849 1495 τίς
866 1455 942 1506 γὰρ
962 1454 1169 1507 συμμαχία
1193 1456 1266 1493 σοῦ
1285 1452 1507 1506 πράξαντος

178 1519 344 1572 γέγονεν
369 1519 415 1576 τῇ
436 1521 573 1567 πόλει,·
609 1522 667 1562 τίς
692 1522 733 1560 δὲ
758 1516 968 1571 βοήθειαῆ
991 1522 1128 1571 κτῆσις
1154 1520 1306 1562 εὐνοίας
1324 1517 1348 1570 ἢ
1369 1518 1503 1571 δόξης;

178 1588 237 1628 τίς
262 1589 304 1628 δὲ
326 1588 538 1638 πρεσβεία,
560 1587 617 1628 τίς
642 1587 820 1627 διακονία
846 1586 892 1627 δι’
915 1585 964 1637 ἢν
988 1587 1012 1638 ἡ
1038 1587 1155 1629 πόλις
1181 1587 1427 1640 ἐντιμοτέρα;
1468 1588 1508 1627 τί

178 1656 256 1693 τῶν
275 1654 428 1694 οἰκείων
446 1650 471 1704 ὴ
489 1658 569 1694 τῶν
585 1653 836 1704 Ἑλληνικῶν
863 1655 924 1694 καὶ
949 1653 1124 1705 ξενικῶν,
1146 1654 1204 1696 οἶς
1228 1654 1412 1705 ἐπέστης,
1436 1656 1503 1695 ἐπ-

178 1720 425 1771 ηνώρθωται,·
455 1720 765 1773 ποῖαιτριήρεις;
796 1725 890 1761 ποῖα
906 1720 1030 1772 flevum
1061 1725 1168 1761 ποῖοι
1184 1721 1412 1768 νεώσοικοι;
1447 1723 1505 1763 τίς

179 1787 366 1837 ἐπισκευὴ
380 1791 543 1840 τειχῶν;
570 1792 685 1828 ποῖον
699 1789 876 1835 ἱππικόν;
902 1790 944 1828 τί
951 1791 1027 1829 τῶν
1040 1787 1225 1829 ἁπάντων
1243 1788 1293 1828 σὺ
1309 1787 1504 1842 χρήσιμος

144 1873 155 1880 -
179 1850 262 1905 [εἶ];
300 1855 358 1895 τίς
381 1850 405 1904 ἢ
430 1858 512 1896 τοῖς
540 1854 719 1907 εὐπόροις
742 1851 766 1905 ἦ
804 1858 886 1897 τοῖς
911 1855 1072 1907 ἀπόροις
1097 1855 1280 1906 πολιτικὴ
1308 1856 1369 1895 καὶ
1396 1855 1502 1905 κοινὴ

177 1920 346 1971 βοήθεια
361 1920 591 1974 χρημάτων,·
630 1921 802 1972 οὐδεμία.
862 1922 967 1968 ἀλλ’,
990 1920 1019 1962 ὦ
1037 1925 1122 1968 τᾶν,
1144 1923 1177 1963 εἰ
1201 1925 1321 1974 μηδὲν
1340 1922 1500 1967 τούτων,

179 1986 309 2027 εὔνοιά
326 2004 371 2040 γε
391 1988 453 2028 καὶ
468 1989 674 2040 προθυμίω
712 1992 804 2035 ποῦ,·
842 1989 957 2035 πότε,·
996 1987 1346 2035 ὅστις,ὧπάντων
1363 1989 1500 2029 ἀδικώ-

177 2070 281 2101 τατε,
320 2054 399 2094 οὐδ’
437 2054 494 2095 ὅθ’
530 2054 713 2103 ἅπαντες,
752 2056 841 2097 ὅσοι
877 2056 1026 2097 πώποτ’
1064 2055 1299 2109 ἐφθέγξαντ’
1336 2056 1399 2097 ἐπὶ
1435 2059 1503 2095 τοῦ

224 2173 236 2194 1
265 2164 371 2202 πηνίκ’
390 2163 414 2195 S
427 2164 453 2194 L
469 2175 475 2194 ε
501 2164 668 2205 &vn-vvida)
686 2165 717 2195 A
729 2165 755 2195 F
770 2165 858 2204 vulg.
989 2165 1103 2198 ἔσεσθε
1121 2165 1145 2196 S
1163 2175 1248 2196 corr.
1265 2176 1272 2196 :
1297 2166 1424 2197 ἔσεσθαι
1444 2165 1477 2196 S'
1493 2176 1501 2196 ε

180 2207 257 2240 ἐστὲ
277 2208 301 2238 L
319 2208 408 2247 vulg.
534 2218 554 2247 5
579 2208 720 2249 ἀνεφάνη
737 2208 768 2238 Α
785 2209 885 2240 Vind.
908 2219 921 2239 1
1042 2210 1064 2239 6
1088 2209 1259 2240 ἀπνευστεί
1276 2208 1299 2239 S
1316 2220 1322 2238 ε
1348 2210 1504 2241 ἀπνευστί

178 2251 265 2290 vulg.
409 2261 431 2291 9
455 2252 595 2293 Αἰσχίνη
613 2257 691 2291 post
705 2252 846 2292 μελέτης
863 2252 894 2283 Α
1040 2253 1078 2282 18
1104 2253 1155 2284 ἐπί
1168 2253 1201 2293 γ’
1220 2251 1265 2284 οἷς
1283 2252 1306 2282 S
1320 2252 1406 2283 LA:
1434 2254 1502 2284 ἐπεὶ

178 2294 223 2327 οἷς
248 2294 316 2324 YF
338 2306 409 2337 γρ.;
436 2295 504 2327 ἐπεί
526 2308 566 2336 ’γε
590 2296 641 2327 καὶ
666 2295 754 2335 vulg.
933 2307 974 2327 22
999 2295 1044 2328 οῖς
1069 2295 1209 2333 ἐπέστης
1233 2305 1297 2326 om.
1325 2295 1350 2325 F
1453 2297 1502 2328 διὰ

179 2337 219 2369 σέ
236 2343 312 2378 post
330 2340 551 2381 ἐπηνώρθωται
569 2339 644 2370 add.
663 2339 749 2379 vulg.
766 2350 772 2371 :
799 2350 863 2372 om.
883 2340 907 2371 S
921 2340 957 2370 L¹
1091 2348 1132 2377 25
1157 2339 1187 2370 εῑ
1200 2348 1263 2369 om.
1285 2338 1502 2370 Alexander:

179 2381 259 2413 secl.
278 2381 369 2412 Weil
384 2393 392 2413 t
414 2382 554 2423 ’γέγονας
570 2382 601 2412 Α
723 2385 766 2414 26
788 2384 962 2425 χρημάτων
977 2382 1058 2414 Secl.
1078 2382 1174 2413 Blass
1264 2383 1393 2422 οὐδεμία
1409 2382 1433 2412 S
1445 2383 1502 2412 A¹t

180 2426 261 2466 παρὰ
278 2428 358 2462 (τοῦς
382 2427 511 2465 οὐδεμία
530 2427 555 2456 L
573 2426 660 2465 vulg.
677 2437 683 2457 :
709 2429 837 2465 οὐδεμία
854 2428 935 2468 παρὰ
954 2430 1010 2458 σοῦ
1029 2427 1059 2456 Α
1079 2436 1182 2464 marg.

1542 151 1653 206 [328]

1540 738 1609 773 309

1539 1134 1608 1170 310

1538 1466 1601 1501 311

1536 1586 1653 1642 [329]

1535 1939 1601 1974 312
