1747 2844
147 107 233 161 m]
370 112 513 149 ΠΕΡΙ
562 112 685 149 ΤΗΣ
732 112 1248 149 ΠΑΡΑΠΡΕΣΒΕιΑΣ
1496 111 1603 166 [391]

146 214 306 267 κράτους
336 215 442 255 ταῦτ’
474 215 710 267 ἀπαλεῖψαι,
744 213 898 267 γράψαι
926 213 959 254 δ’
990 214 1182 266 ἄντικρυς,
1211 214 1466 265 ιἈθηναίους

145 281 206 321 καὶ
235 280 324 322 τοὺς
349 281 568 332 Ἀθηναίων
595 279 854 334 συμμάχους,’
878 280 947 321 οὐκ
977 280 1170 331 ἐβούλετο
1200 284 1338 321 τοῦτον
1363 282 1464 332 ὀμω-

141 346 302 397 μοκέναι
326 347 393 388 τὸν
413 349 529 399 ὅρκον
549 346 687 388 οὐδένα
712 351 789 388 τῶν
808 347 925 388 αὑτοῦ
951 345 1245 400 συμμάχων(οὐ
1270 348 1346 399 γὰρ
1365 347 1466 401 αὐτῷ

143 414 454 465 συστρατεύσειν
481 413 546 467 ἐφ’
570 413 595 454 ἃ
625 417 692 455 νῦν
717 413 802 466 ἔχει
831 417 908 454 τῶν
937 412 1132 465 ὑμετέρων
1163 413 1348 465 ἔμελλον,
1375 413 1467 454 ἀλλ’

103 496 120 526 5
142 478 245 530 ἕξειν
276 480 480 532 πρόφασιν
511 480 602 522 τοὺς
635 475 801 532 ὅρκους),
835 480 923 521 οὔτε
952 479 1148 532 μάρτυρας
1172 479 1360 532 γενέσθαι
1390 483 1467 520 τῶν
1502 486 1567 521 160

140 545 415 600 ὑποσχέσεων,
463 545 527 598 ἐφ’
563 546 623 588 αἶς
664 547 866 598 εὑρίσκετο
907 546 977 597 τὴν
1018 545 1187 599 εἰρήνην,
1225 547 1313 588 οὐδὲ
1354 549 1467 586 τοῦτο

141 614 344 665 δειχθῆναι
363 615 500 659 πᾶσιν,
522 613 583 652 ὅτι
602 612 669 653 οὐκ
688 611 748 664 ἄρ’
767 612 790 663 ἡ
811 613 927 654 πόλις
945 613 968 664 ἡ
988 616 1067 654 τῶν
1086 612 1306 664 Ἀθηναίων
1325 613 1468 664 ἥττητο

141 682 194 733 τῷ
225 677 399 733 πολέμῳ,
427 679 533 719 ἀλλὰ
560 679 763 721 Φίλιππός
794 680 903 720 ἐστιν
934 679 954 719 ὁ
984 681 1052 729 τῆς
1083 678 1238 732 εἰρήνης
1270 681 1468 730 ἐπιθυμῶν

192 744 201 758 Χ
248 744 258 758 Q

142 761 204 785 και
240 761 260 784 ο
296 744 415 785 πόλλ’
452 746 768 798 ὑπισχνούμενος
803 750 885 787 τοῖς
921 745 1146 796 Ἀθηναίοις
1181 745 1229 786 ἂν
1264 746 1363 802 τύχη
1399 748 1468 796 τῆς

82 830 120 853 10
141 809 305 863 εἰρήνης.
362 813 425 852 ἵνα
450 811 495 862 δὴ
520 829 573 863 μη
599 811 753 864 γένοιτο
778 812 885 852 ταῦθ’
907 812 930 853 ἃ
953 811 1058 864 λέγω
1085 811 1251 865 φανερά,
1274 814 1337 853 διὰ
1361 811 1468 853 ταῦτ’

140 876 328 928 οὐδαμόσ’
361 877 458 933 ᾤετο
488 881 569 919 δεῖν
593 879 752 921 τούτους
783 879 972 929 βαδίζειν.
1044 878 1150 919 οὗτοι
1180 878 1212 919 δ’
1239 878 1468 932 ἐχαρίζοντο

140 942 280 990 πάντα,
309 945 596 996 ἐνδεικνύμενοι
621 945 682 985 καὶ
706 945 1085 997 ὑπερκολακεύοντες
1110 946 1271 986 ἐκεῖνον.
1345 946 1468 986 καίτοι
1503 947 1563 982 161

140 1009 246 1051 ταῦθ’
271 1011 366 1052 ὅταν
396 1010 687 1066 ἐξελέγχωνται
718 1011 857 1058 πάντα,
890 1012 979 1054 τοὺς
1009 1012 1176 1066 χρόνους
1206 1011 1466 1062 ἀνηλωκότες,

139 1077 212 1117 τάν
245 1076 382 1134 Θρᾴκῃ
416 1077 652 1130 προειμένοι,
685 1080 804 1129 μηδὲν
833 1079 888 1119 ὧν
917 1080 1181 1131 ἐψηφίσασθε
1211 1078 1467 1128 πεποιηκότες

80 1162 117 1194 15
137 1142 226 1193 μηδ’
258 1144 312 1184 ὧν
344 1144 549 1197 συμφέρον
582 1144 641 1195 ἦν,
676 1147 724 1185 τὰ
756 1147 882 1197 ψευδῆ
916 1145 1016 1197 δεῦρ’
1042 1145 1349 1198 ἀπηγγελκότες,
1385 1148 1467 1187 πῶς

138 1209 270 1250 ἔνεστι
295 1210 384 1262 παρ’
405 1212 446 1252 εὗ
472 1215 666 1264 φρονοῦσι
690 1214 892 1254 δικασταῖς
918 1211 980 1252 καὶ
1005 1212 1268 1263 βουλομένοις
1294 1211 1467 1263 εὐορκεῖν

137 1276 261 1331 τούτῳ
298 1275 516 1332 σῴζεσθαι,·
565 1279 671 1319 ἀλλὰ
706 1278 783 1330 μὴν
819 1279 880 1319 ὅτι
915 1278 1021 1319 ταῦτ’
1054 1279 1181 1329 ἀληθῆ
1218 1277 1336 1331 λέγω,
1371 1277 1467 1329 λέγε

137 1347 292 1394 πρῶτον
319 1346 392 1395 μὲν
422 1344 466 1385 τὸ
502 1344 711 1398 ψήφισμα,
746 1345 797 1387 ὡς
833 1346 972 1398 ὁρκοῦν
1003 1347 1203 1398 προσῆκεν
1238 1345 1343 1396 ἡμῖν,
1382 1344 1467 1385 εἶτα

135 1409 207 1460 τὴν
250 1411 467 1462 ἐπιστολὴν
508 1411 579 1462 τὴν
620 1415 687 1451 τοῦ
730 1412 948 1459 Φιλίππου,
987 1412 1071 1454 εἶτα
1111 1411 1156 1452 τὸ
1198 1410 1466 1463 Φιλοκράτους

77 1495 116 1517 20
134 1475 331 1529 ψήφισμα
357 1478 419 1519 καὶ
443 1478 486 1518 τὸ
511 1481 579 1518 τοῦ
604 1477 738 1529 δήμου.

409 1580 608 1609 ΨΗΦῙΣΜΑ.
657 1580 874 1609 ΕΠΙΣΤΟΛΗ.
920 1580 1173 1609 ψΗΦΙΣΜΑΤΑ.
1490 1568 1608 1622 [392]

203 1644 279 1685 Καὶ
303 1644 379 1696 μὴν
404 1646 465 1685 ὅτι
489 1644 559 1685 τὸν
578 1645 782 1685 Φίλιππον
806 1646 847 1685 ἐν
865 1643 1157 1699 Ἑλλησπόντῳ
1185 1643 1460 1695 κατελάβομεν
1495 1649 1559 1684 162

134 1710 194 1757 ἄν,
218 1712 253 1752 εἴ
276 1728 334 1754 τις
353 1712 533 1752 ἐπείθετό
555 1728 621 1763 μοι
642 1711 703 1751 καὶ
722 1713 770 1752 τὰ
791 1709 1104 1764 προστεταγμέν’
1123 1710 1191 1764 ὑφ’
1210 1713 1317 1763 ὑμῶν
1337 1712 1462 1752 ἐποίει

136 1779 233 1818 κατὰ
257 1779 304 1818 τὰ
328 1779 585 1831 ψηφίσματα,
615 1778 727 1820 κάλει
752 1778 841 1821 τοὺς
867 1780 950 1820 ἐκεῖ
970 1779 1166 1830 παρόντας
1190 1777 1399 1830 μάρτυρας.

76 1886 113 1918 25
692 1881 909 1910 ΜΑΡΤΤΡΕΣ.

200 1944 305 1997 Λέγε
341 1945 386 1997 δὴ
419 1945 481 1986 καὶ
516 1944 587 1996 τὴν
621 1944 756 1997 ἑτέραν
791 1946 1016 1997 μαρτυρίαν,
1052 1944 1076 1985 ἃ
1112 1943 1207 1995 πρὸς
1241 1943 1461 1994 Εὐκλείδην

132 2011 300 2063 ὕστερον
327 2013 496 2053 ἐλθόντα
520 2012 672 2053 τουτονὶ
698 2013 931 2065 ἀπεκρίνατο
957 2012 1169 2052 Φίλιππος.

180 2130 240 2151 1-2
265 2121 466 2159 Ἀθηναίοις
502 2145 509 2152 .
529 2123 667 2153 τοῖς..
687 2120 867 2162 συμμάχοις
882 2120 923 2161 Α,
941 2120 980 2151 cs.
1001 2120 1098 2158 §278
1200 2127 1220 2157 5
1245 2119 1319 2150 οὔτε
1336 2118 1434 2150 codd.
1450 2129 1456 2149 :

134 2163 206 2196 οὐδὲ
225 2164 361 2195 Bekker
470 2146 491 2204 9
515 2165 552 2196 ἂν
568 2164 654 2207 τύχῃ
673 2164 738 2195 SA
750 2164 802 2195 Y.
827 2166 911 2196 ὥστε
928 2167 1042 2205 τυχεῖν
1057 2162 1146 2201 vulg.
1269 2172 1308 2192 10
1331 2161 1459 2202 ’γένοιτο

135 2207 159 2238 S
173 2207 240 2238 LA
257 2220 263 2238 :
286 2207 422 2249 ’γένηται
439 2208 527 2247 vulg.
665 2217 699 2238 11
721 2207 921 2247 οὐδαμόσε”
896 2221 976 2249 ῳετο
993 2210 1059 2239 δειν
1074 2206 1207 2238 τούτους
1226 2205 1249 2236 S
1263 2205 1289 2235 L
1301 2204 1353 2234 A:
1380 2204 1459 2245 ᾤετο

135 2253 201 2283 δεῖν
218 2252 331 2284 αὐτοὺς
346 2252 514 2291 μηδαμόσε
532 2251 619 2290 vulg.
795 2262 832 2290 14
858 2250 1036 2293 προειμένοι
1055 2249 1214 2280 Bekker:
1239 2261 1459 2290 προειρημενοι

136 2295 160 2325 S
188 2295 279 2326 solus
306 2298 338 2336 (p
367 2300 400 2325 et
428 2308 447 2333 η
476 2300 601 2334 puncto
631 2295 783 2333 notata):
822 2295 988 2336 προέμενοι
1017 2294 1044 2324 L
1070 2292 1182 2332 v.:ulg
1223 2292 1401 2334 προιέμεναι

138 2348 175 2376 17
208 2338 312 2378 τούτῳ
337 2338 424 2369 SY:
458 2341 575 2370 τοῦτον
599 2337 652 2368 A:
684 2338 810 2371 τούτοις
834 2338 923 2377 vulg.
1068 2346 1105 2367 21
1142 2336 1257 2367 titulos
1282 2335 1334 2366 hie
1359 2339 1393 2367 et
1418 2344 1458 2374 25

137 2392 199 2412 om.
221 2382 244 2413 S
262 2383 370 2421 spatio
388 2392 493 2413 vacuo
512 2382 629 2413 relicto
