1747 2844
171 106 258 160 mx]
394 114 537 151 ΠΕΡΙ
585 114 707 151 ΤΗΣ
755 114 1269 151 ΙΙΑΡΑΠΡΕΣΒΕΙΑΣ

167 218 201 257 εἰ
230 216 337 257 ταῦθ’
366 216 430 257 ὑπ’
457 218 692 268 ἀβελτερίας
717 214 740 267 ἢ
766 216 814 257 δι’
840 216 1018 267 εὐήθειαν
1043 213 1066 266 ἢ
1092 216 1139 256 δι’
1165 217 1294 267 ἄλλην
1322 217 1484 269 ἄγνοιαν

166 283 346 334 ἡντινοῦν
382 284 480 323 οὕτω
518 282 749 334 πέπρακται,
789 283 905 325 αὐτός
941 282 974 322 τ’
1011 282 1151 335 ἀφίημ’
1188 284 1385 335 Αἰσχίνην
1423 285 1485 324 καὶ

166 351 255 401 ὑμῖν
294 350 568 400 συμβουλεύω.
640 351 764 390 καίτοι
806 353 883 389 τῶν
922 347 1114 402 σκήψεων
1150 349 1298 389 τούτων
1337 350 1484 400 οὐδεμί’

168 417 255 457 ἐστὶ
280 415 462 465 πολιτικὴ
488 415 575 455 οὐδὲ
602 416 743 455 δικαία.
815 414 955 455 οὐδένα
986 417 1061 467 γὰρ
1086 417 1135 455 τὰ
1161 417 1268 455 κοινὰ
1301 415 1486 468 πράττειν

128 483 274 533 5ὑμεῖς
311 482 489 522 κελεύετε
526 481 604 521 οὐδ’
641 481 893 533 ἀναγκάζετε·
932 481 1023 522 ἀλλ’
1059 481 1218 522 ἐπειδάν
1252 498 1311 523 τις
1348 482 1485 522 ἑαυτὸν

165 550 306 590 πείσας
344 549 536 588 δύνασθαι
574 547 792 604 προσέλθῃ,
834 550 994 600 πρᾶγμα
1031 551 1234 590 ποιοῦντες
1271 549 1487 600 ἀνθρώπων

165 618 353 668 χρηστῶν
387 615 448 654 καὶ
473 615 780 667 φιλανθρώπων,
808 615 991 656 εὐνοϊκῶς
1024 614 1192 667 δέχεσθε
1222 615 1285 654 καὶ
1315 615 1358 654 οὐ
1385 618 1484 667 φθο-

165 685 298 733 νερῶς,
325 682 430 721 ἀλλὰ
457 680 518 720 καὶ
544 684 807 734 χειροτονεῖτε
833 682 895 722 καὶ
920 682 967 721 τὰ
991 680 1143 733 ὑμέτερ’
1163 680 1288 721 αὐτῶν
1314 683 1483 734 ἐγχειρί-

167 748 261 797 ζετε.
333 749 401 788 ἐὰν
425 749 498 798 μὲν
524 747 591 788 οὖν
618 750 802 800 κατορθοῖ
824 764 894 794 τις,
922 746 1131 798 τιμήσεται
1160 748 1222 788 καὶ
1252 747 1376 789 πλέον
1407 748 1485 798 ἕξει

107 831 145 853 10
164 818 242 854 τῶν
275 817 439 855 πολλῶν
474 815 571 854 κατὰ
605 817 733 855 τοῦτο·
773 813 821 855 ἂν
855 814 887 854 δ’
917 813 1186 870 ἀποτυγχάνῃ,
1219 814 1391 867 σκήψεις
1425 816 1485 854 καὶ

164 879 388 933 προφάσεις
422 882 519 933 ἐρεῖ;
564 880 654 921 ἀλλ’
688 881 732 921 οὐ
766 881 927 921 δίκαιον.
998 881 1042 921 οὐ
1077 882 1150 934 γὰρ
1183 881 1231 921 ἂν
1262 879 1487 933 ἐξαρκέσειε

164 951 246 989 τοῖς
270 948 505 988 ἀπολωλόσι
525 946 747 1000 συμμάχοις
772 947 860 988 οὐδὲ
883 951 965 989 τοῖς
983 947 1120 988 παισὶν
1140 947 1265 988 αὐτῶν
1289 948 1377 988 οὐδὲ
1402 951 1486 990 ταῖς

165 1013 344 1066 γυναιξὶν
377 1014 464 1054 οὐδὲ
494 1017 576 1055 τοῖς
612 1013 752 1056 ἄλλοις
788 1015 851 1054 διὰ
886 1013 957 1064 τὴν
992 1014 1232 1066 ἀβελτερίαν
1267 1013 1339 1063 τὴν
1376 1013 1483 1065 ἐμήν,

166 1081 230 1120 ἵνα
264 1080 315 1131 μὴ
349 1080 421 1130 τὴν
450 1080 587 1120 τούτου
619 1080 738 1133 λέγω,
772 1084 931 1121 τοιαῦτα
964 1079 1215 1121 πεπονθέναι·
1253 1084 1406 1121 πολλοῦ
1440 1097 1487 1133 γε·

108 1164 144 1196 15
166 1147 228 1187 καὶ
262 1149 332 1187 δεῖ.
403 1146 495 1186 ἀλλ’
528 1147 631 1198 ὅμως
665 1148 773 1198 ὑμεῖς
802 1146 916 1200 ἄφετ’
942 1148 1114 1202 Αἰσχίνῃ
1147 1148 1195 1187 τὰ
1227 1148 1334 1188 δεινὰ
1365 1151 1486 1187 ταῦτα

166 1214 228 1254 καὶ
266 1212 586 1265 ὑπερβάλλοντα,
626 1212 674 1254 ἂν
709 1213 757 1254 δι’
794 1212 970 1263 εὐήθειαν
1008 1210 1031 1263 ἢ
1070 1213 1118 1253 δι’
1157 1213 1284 1263 ἄλλην
1322 1212 1486 1265 ἄγνοιαν

163 1280 345 1330 ἡντινοῦν
388 1280 691 1331 λελυμασμένος
734 1285 852 1337 φανῇ.
927 1279 975 1321 ἂν
1016 1279 1149 1330 μέντοι
1191 1281 1253 1320 διὰ
1295 1281 1487 1332 πονηρίαν

164 1346 346 1398 ἀργύριον
378 1347 520 1397 λαβὼν
548 1348 610 1387 καὶ
640 1349 754 1398 δῶρα,
783 1348 845 1387 καὶ
875 1346 978 1386 τοῦτ’
1004 1345 1223 1402 ἐξελεγχθῇ
1253 1350 1394 1398 σαφῶς
1422 1346 1485 1387 ὑπ’

163 1412 291 1453 αὐτῶν
314 1416 392 1454 τῶν
420 1412 719 1465 πεπραγμένων,
745 1412 922 1464 μάλιστα
952 1412 1036 1463 μέν,
1063 1414 1096 1453 εἰ
1123 1413 1204 1453 οἷόν
1229 1412 1277 1459 τ’,
1305 1414 1484 1453 ἀποκτεί-

106 1495 144 1518 20
161 1496 267 1529 νατε,
304 1481 337 1520 εἰ
371 1482 413 1520 δὲ
445 1478 511 1530 μή,
549 1479 671 1529 ζῶντα
703 1483 784 1521 τοῖς
815 1483 972 1520 λοιποῖς
1004 1478 1248 1531 παράδειγμα
1279 1478 1485 1529 ποιήσατε.

163 1550 349 1587 σκοπεῖτε
381 1545 426 1596 δὴ
461 1545 529 1586 τὸν
565 1547 662 1598 ὑπὲρ
695 1546 846 1587 τούτων
879 1545 1062 1598 ἔλεγχον,
1097 1546 1148 1587 ὡς
1179 1547 1326 1587 δίκαιος
1358 1546 1482 1595 ἔσται,

161 1612 246 1663 μεθ’
270 1614 389 1663 ὑμῶν.

230 1678 402 1732 Ἀνάγκη
443 1678 488 1730 δή
526 1696 600 1720 που
638 1679 728 1721 τοὺς
769 1679 914 1732 λόγους
955 1679 1112 1721 τούτους
1151 1680 1347 1732 Αἰσχίνην
1389 1678 1485 1730 πρὸς

162 1746 260 1796 ὑμᾶς
281 1747 405 1786 εἰπεῖν
423 1747 589 1792 τουτονί,
611 1746 700 1788 τοὺς
719 1746 808 1799 περὶ
826 1750 904 1787 τῶν
923 1746 1095 1786 Φωκέων
1115 1747 1177 1786 καὶ
1197 1750 1274 1786 τῶν
1295 1748 1485 1786 Θεσπιῶν

104 1828 142 1859 25
164 1813 226 1852 καὶ
250 1814 319 1862 τῆς
346 1812 534 1864 Εὖβοίας,
563 1814 670 1865 εἴπερ
703 1812 754 1864 μὴ
787 1813 994 1865 πεπρακὼς
1024 1812 1141 1853 αὑτὸν
1172 1813 1270 1853 ἑκὼν
1295 1811 1482 1863 ἐξηπάτα,

163 1882 270 1919 δυοῖν
303 1878 477 1931 θάτερον,
504 1876 527 1929 ἢ
554 1878 762 1931 διαρρήδην
796 1879 1008 1920 ἀκούσανθ’
1034 1879 1312 1932 ὑποσχομένου
1338 1880 1482 1919 Φιλίπ-

163 1962 238 1986 που
267 1946 328 1986 ὅτι
357 1944 495 1998 πράξει
524 1949 645 1986 ταῦτα
677 1947 737 1986 καὶ
769 1946 942 1997 ποιήσει,
969 1943 992 1996 ἦ
1020 1947 1053 1987 εἰ
1085 1946 1137 1997 μὴ
1169 1950 1296 1991 τοῦτο,
1324 1962 1483 1997 γοητευ-

163 2011 281 2052 θέντα
313 2012 375 2052 καὶ
409 2012 702 2065 φενακισθέντα
734 2019 781 2069 τῇ
817 2014 904 2065 περὶ
940 2013 1070 2053 τᾶλλα
1107 2014 1385 2065 φιλανθρωπίᾳ
1423 2012 1484 2051 καὶ

161 2078 268 2118 ταῦτ’
298 2079 521 2120 ἐλπίσαντα
554 2078 643 2131 παρ’
674 2078 803 2120 αὐτοῦ.
874 2079 942 2120 οὐκ
976 2080 1108 2120 ἔνεστι
1140 2079 1288 2119 τούτων
1322 2078 1409 2118 οὐδὲ
1444 2079 1485 2118 ἓν

102 2161 143 2191 30
161 2147 295 2198 χωρίς.
367 2147 410 2186 ἐκ
452 2146 583 2186 τοίνυν
623 2146 772 2186 τούτων
820 2146 1055 2199 ἀμφοτέρων
1103 2145 1280 2196 μάλιστα
1327 2145 1484 2186 πάντων

204 2264 224 2294 3
249 2255 374 2295 ἀφεῖναι
391 2258 469 2284 ante
487 2253 697 2293 συμβουλεύω
713 2254 789 2285 add.
802 2255 889 2293 vulg.
908 2266 915 2285 ε
941 2265 1003 2285 om.
1026 2254 1049 2284 S
1063 2254 1097 2284 L¹
1117 2254 1179 2283 soli
1269 2263 1288 2292 5
1314 2254 1483 2286 ἐκελεύετε

163 2297 187 2328 S
200 2297 267 2328 LY
375 2298 413 2327 18
438 2299 583 2339 ἐλεγχθῇ
600 2297 631 2327 Α
738 2308 777 2338 19
801 2299 829 2330 εἴ
845 2297 910 2331 οἶόν
927 2312 963 2329 τε
981 2298 1060 2328 secl.
1078 2296 1184 2328 Cobet
1296 2308 1338 2328 20
1361 2302 1484 2330 λοιποῖς

163 2341 187 2372 S
201 2340 287 2372 LA:
314 2343 450 2373 πολλοῖς
469 2340 589 2379 FQO,
608 2341 646 2370 cs.
669 2341 725 2370 xxi
748 2351 807 2371 112
978 2351 1019 2380 23
1044 2341 1202 2382 Αἰσχίνην
1218 2341 1297 2371 secl.
1316 2341 1484 2372 Weidner

161 2395 202 2423 24
227 2385 355 2417 τουτονί
371 2390 446 2424 post
464 2385 562 2417 εἰπεῖν
581 2384 604 2415 S
618 2384 684 2414 LY
701 2395 707 2414 :
732 2389 808 2424 post
825 2385 984 2425 Αἰσχίνην
1001 2384 1089 2423 vulg.

1518 113 1627 167 [372]

1518 286 1627 340 [373]

1519 762 1585 788 100

1520 1160 1581 1185 101

1518 1693 1582 1720 102

1517 2074 1629 2129 [374]

1518 2157 1582 2192 103
