1747 2844
103 844 140 866 10

103 1176 141 1208 15

101 1508 141 1531 20

158 121 243 176 X1x]
382 125 523 163 ΠΕΡΙ
572 124 696 162 ΤΗΣ
743 121 1261 161 ΠΑΡΑΠΡΕΣΒΕΙΑΣ

157 229 344 278 ἐποίησεν
377 229 535 269 ἐκεῖνος.
610 226 723 268 οὗτος
756 227 828 276 μὲν
861 225 934 276 γὰρ
966 224 1042 276 ἔφη
1070 224 1252 264 Θεσπιὰς
1280 223 1340 263 καὶ
1366 226 1477 263 Πλα-

158 296 268 337 ταιὰς
293 293 410 335 αὐτὸν
433 296 608 346 τειχιεῖν,
632 292 695 333 καὶ
719 291 808 333 τοὺς
831 292 904 342 μὲν
923 289 1087 332 Φωκέας
1111 289 1179 330 οὐκ
1205 290 1382 338 ἀπολεῖν,
1409 289 1479 338 τὴν

157 364 199 403 δὲ
234 362 429 412 Θηβαίων
464 361 580 411 ὕβριν
619 358 867 399 καταλύσειν·
916 358 937 396 ὁ
968 359 1011 398 δὲ
1046 356 1135 398 τοὺς
1170 358 1242 406 μὲν
1275 356 1479 405 Θηβαίους

157 429 310 479 μείζους
334 425 357 478 ἢ
383 428 558 479 προσῆκε
586 425 786 474 πεποίηκε,
814 424 902 465 τοὺς
928 425 970 464 δὲ
989 422 1151 464 Φωκέας
1176 421 1296 474 ἄρδην
1321 422 1476 461 ἀπολώ-

158 500 262 541 λεκε,
291 495 353 535 καὶ
377 495 447 536 τὰς
470 495 542 544 μὲν
570 493 753 533 Θεσπιὰς
786 491 847 531 καὶ
872 491 1080 531 Πλαταιὰς
1109 488 1154 529 οὗ
1181 489 1385 541 τετείχικε,
1412 487 1480 529 τὸν

159 561 190 601 δ’
232 559 477 614 Ὀρχομενὸν
523 560 583 600 καὶ
625 558 697 608 τὴν
740 557 964 609 Κορώνειαν
1006 555 1478 608 προσεξηνδραπόδισται.

160 631 241 669 πῶς
269 626 317 667 ἂν
346 626 604 678 ἐναντιώτερα
637 623 835 677 πράγμαθ’
861 626 1013 665 ἑαυτοῖς
1044 623 1193 663 τούτων
1225 621 1398 674 γένοιτο;
1437 622 1481 662 οὐ

159 694 288 734 τοίνυν
312 694 504 739 ἀντεῖπεν,
535 693 623 733 οὐδὲ
649 694 755 743 διῆρε
784 690 829 730 τὸ
859 692 999 741 στόμα,
1027 689 1106 729 οὐδ’
1131 686 1342 742 ἐφθέγξατ’
1367 689 1479 729 ε’ναν-

159 762 242 800 τίον
259 759 384 800 οὐδέν.
448 761 511 800 καὶ
530 759 616 811 οὐχὶ
637 759 751 798 τοῦτό
770 775 828 799 πω
846 758 986 803 δεινόν,
1004 759 1235 806 τηλικοῦτον
1254 757 1312 795 ὅν.
1375 756 1481 794 ἀλλὰ

161 826 222 866 καὶ
262 829 422 867 συνεῖπε
466 827 585 877 μόνος
623 829 699 865 τῶν
739 826 781 865 ἐν
817 830 864 881 τῇ
901 825 1017 864 πόλει
1055 822 1213 863 πάντων
1251 822 1479 873 ἀνθρώπων.

162 894 286 933 καίτοι
305 893 419 932 τοῦτό
444 892 479 944 γ’
500 892 588 932 οὐδὲ
608 890 856 943 Φιλοκράτης
877 891 1076 941 ἐτόλμησε
1095 892 1261 939 ποιῆσαι
1286 889 1306 927 ὁ
1330 889 1479 940 μιαρός,

161 959 252 1000 ἀλλ’
294 960 488 1012 Αἰσχίνης
527 959 674 999 οὑτοσί.
747 957 808 998 καὶ
847 957 1121 1009 θορυβούντων
1160 957 1266 1006 ὑμῶν
1311 955 1372 995 καὶ
1413 954 1480 994 οὐκ

161 1027 381 1067 ἐθελόντων
417 1025 572 1066 ἀκούειν
608 1025 736 1071 αὐτοῦ,
776 1024 1027 1075 καταβαίνων
1067 1022 1144 1063 ἀπὸ
1183 1026 1250 1062 τοῦ
1289 1020 1478 1073 βήματος,

163 1094 456 1143 ἐνδεικνύμενος
481 1097 561 1134 τοῖς
588 1091 789 1144 πρέσβεσι
818 1095 900 1132 τοῖς
930 1091 1034 1142 παρὰ
1064 1093 1130 1129 τοῦ
1156 1090 1359 1129 Φιλίππου
1384 1105 1478 1140 παρ-

163 1164 263 1206 οῦσι,
292 1160 467 1201 πολλοὺς
492 1160 568 1212 ἔφη
596 1158 685 1200 τοὺς
711 1161 978 1210 θορυβοῦντας
1004 1156 1115 1202 εῖναι,
1143 1157 1300 1208 ὀλίγους
1327 1157 1367 1196 δὲ
1392 1154 1481 1195 τοὺς

164 1226 495 1279 στρατευομένους
523 1227 617 1266 ὅταν
646 1224 726 1281 δέῃ,
753 1224 968 1276 (μέμνησθε
993 1224 1067 1276 γὰρ
1093 1221 1246 1274 δήπου,)
1269 1221 1384 1264 αὐτὸς
1414 1221 1479 1267 ὤν,

163 1293 282 1345 οἶμαι,
312 1293 529 1345 θαυμάσιος
555 1292 808 1344 στρατιώτης,
836 1289 864 1330 ὦ
892 1294 979 1331 Ζεῦ.

223 1360 314 1401 ’Έτι
339 1362 481 1407 τοίνυν,
511 1361 543 1400 εἰ
575 1361 647 1410 μὲν
679 1357 826 1409 μηδένα
858 1359 979 1408 μηδὲν
1012 1355 1142 1410 ἔχοντ’
1168 1357 1327 1409 εἴχομεν
1359 1352 1483 1405 δεῖξαι

160 1431 237 1468 τῶν
262 1427 488 1479 πρέσβεων,
523 1425 613 1477 μηδ’
639 1424 686 1475 ἦν
711 1424 805 1464 ὥστ’
833 1425 929 1464 ἰδεῖν
961 1423 1148 1469 ἅπαντας,
1184 1421 1387 1473 βασάνους
1422 1421 1483 1461 καὶ

160 1496 208 1534 τὰ
244 1493 389 1534 τοιαῦθ’
422 1494 642 1534 ὑπόλοιπον
677 1492 726 1532 ἂν
763 1490 809 1541 ἧν
844 1493 1019 1531 σκοπεῖν.
1092 1491 1125 1530 εἰ
1160 1491 1202 1531 δὲ
1235 1487 1483 1540 Φιλοκράτης

161 1560 212 1611 μὴ
246 1562 368 1611 μόνον
399 1560 596 1612 ὡμολόγει
623 1558 711 1610 παρ’
736 1559 827 1609 ὑμῖν
857 1559 898 1598 ἐν
928 1561 980 1612 τῷ
1010 1555 1116 1610 δήμῳ
1144 1554 1350 1601 πολλάκις,
1378 1555 1483 1594 ἀλλὰ

162 1628 225 1668 καὶ
271 1628 465 1668 ἐδείκνυεν
513 1628 617 1677 ὑμῖν,
668 1628 926 1677 πυροπωλῶν,
976 1625 1204 1673 οἰκοδομῶν,
1253 1624 1483 1672 βαδιεῖσθαι

161 1692 328 1745 φάσκων
365 1694 436 1734 κᾶν
475 1693 526 1744 μὴ
567 1691 809 1747 χειροτονῆθ’
845 1692 967 1742 ὑμεῖς,
1005 1688 1200 1742 ξυληγῶν,
1237 1688 1281 1728 τὸ
1317 1689 1484 1741 χρυσίον

162 1761 528 1811 καταλλαττόμενος
559 1763 738 1812 φανερῶς
775 1758 839 1799 ἐπὶ
869 1761 953 1799 ταῖς
983 1756 1203 1809 τραπέζαις,
1232 1755 1300 1795 οὐκ
1332 1754 1391 1795 ἔνι
1416 1752 1481 1804 δή-

106 1842 138 1852 ¹·
161 1843 236 1867 που
267 1830 405 1867 τοῦτον
439 1828 563 1868 εἰπεῖν
597 1826 648 1867 ὡς
680 1825 746 1865 οὐκ
782 1827 937 1877 εἴληφε,
964 1824 1033 1865 τὸν
1063 1823 1180 1864 αὐτὸν
1214 1823 1484 1873 ὁμολογοῦντα

161 1893 224 1933 καὶ
256 1894 471 1934 δεικνύντα.
543 1892 652 1933 ἔστιν
690 1892 756 1933 οὖν
791 1892 890 1931 οὕτω
922 1908 979 1933 τις
1013 1890 1228 1942 ἀνθρώπων
1262 1888 1427 1938 ἀνόητος
1460 1884 1483 1936 ἢ

162 1962 420 2011 κακοδαίμων,
451 1959 548 1999 ὥσθ’
582 1960 646 2000 ἵνα
677 1958 866 2015 λαμβάνῃ
900 1960 972 2009 μὲν
1005 1955 1266 2009 Φιλοκράτης,
1298 1953 1418 2010 ἀδοξῇ
1451 1952 1483 1992 δ’

160 2026 274 2069 αὐτὸς
301 2027 363 2067 καὶ
390 2027 601 2082 κινδυνεύῃ,
631 2024 722 2076 ἐξὸν
746 2025 848 2080 αὐτῷ
874 2026 972 2076 μετὰ
997 2028 1075 2065 τῶν
1099 2025 1220 2074 μηδὲν
1244 2021 1484 2072 ἠδικηκότων

206 2147 218 2166 1
247 2136 307 2178 ἔφη
324 2146 389 2167 om.
410 2134 446 2166 Sl
465 2134 559 2166 solus
763 2145 783 2174 3
808 2136 879 2174 ὑμῖν
896 2139 973 2174 post
990 2135 1081 2175 ὕβριν
1098 2133 1173 2164 add.
1195 2133 1220 2162 L
1237 2131 1325 2170 vulg.
1342 2142 1348 2161 :
1373 2141 1436 2160 om.
1460 2130 1484 2160 S

160 2191 177 2218 4
203 2181 221 2218 ἢ
238 2181 379 2221 προσῆκε
397 2178 473 2210 secl.
496 2179 629 2209 Dobree
768 2188 789 2217 9
814 2177 917 2210 δεινόν
936 2188 999 2209 om.
1018 2178 1042 2208 S
1054 2176 1097 2207 Y¹
1195 2177 1388 2213 τηλικοῦτον
1405 2174 1441 2205 ὅν
1458 2173 1484 2203 L

159 2223 271 2263 vulg.:
298 2226 491 2261 τηλικοῦτον
510 2223 553 2253 S:
579 2222 691 2263 καίπερ
707 2222 744 2253 ὃν
760 2221 864 2254 δεινόν
881 2221 924 2259 Λ,
944 2222 983 2252 cf.
1005 2221 1060 2250 viii
1077 2230 1129 2258 3ο,
1149 2220 1183 2249 ix
1200 2228 1241 2257 55
1368 2227 1404 2256 14
1428 2219 1484 2248 τοῦ

160 2277 224 2297 om.
241 2267 330 2305 vulg.
348 2278 354 2299 :
381 2266 454 2297 add.
478 2267 501 2297 S
515 2265 623 2296 LAY
742 2266 781 2295 16
805 2263 1099 2306 στρατευσομένους
1118 2262 1304 2301 Markland,
1325 2261 1364 2291 cf.
1385 2264 1401 2298 ξ
1424 2261 1484 2291 116

160 2311 222 2352 ’γὰρ
239 2311 338 2349 δήπου
359 2311 386 2341 L
402 2309 490 2349 vulg.
508 2321 514 2339 z
539 2309 638 2346 δήπου
656 2309 680 2339 S
698 2308 808 2340 solus:
835 2309 873 2347 δή
890 2322 950 2339 που
969 2307 1104 2337 Bekker
1254 2307 1292 2335 16
1316 2307 1358 2337 ὥν
1374 2314 1436 2334 om.
1459 2303 1483 2335 S

160 2354 253 2384 solus
398 2354 437 2383 18
460 2352 520 2392 μὲν
536 2363 599 2383 οῐη.
622 2354 645 2382 S
663 2351 755 2383 solus
902 2362 941 2389 27
968 2350 1058 2391 ὥσθ’]
1077 2351 1166 2382 ὅστις
1186 2349 1293 2380 Index
1312 2347 1482 2386 Feliciani,

162 2397 236 2428 cod.
257 2396 470 2435 Harleianus,
493 2395 643 2426 Dindorf

1511 119 1621 173 [375]

1513 240 1576 264 112

1515 766 1579 800 113

1519 1368 1581 1401 114

1519 1902 1580 1939 115
