1747 2844
170 108 258 162 Χῐκ]
393 113 537 150 ΠΕΡΙ
585 113 707 150 ΤΗΣ
754 111 1273 150 ΠΑΡΑΠΡΕΣΒΕΙΑΣ
1521 113 1636 168 [379]

169 215 321 255 τουτονὶ
349 216 410 255 καὶ
435 214 551 256 αὐτὸς
576 213 867 267 ἐχειροτονήθη.
933 213 1065 263 ἐπειδὴ
1091 212 1124 253 δ’
1150 213 1427 256 ἀπωλώλεσαν
1452 217 1488 256 οἱ
1524 229 1585 267 125

170 284 320 322 Φωκεῖς
359 282 526 332 ὕστερον
563 280 724 332 ἡμέραις
764 278 871 319 πέντ’
909 276 933 329 ἢ
973 278 1028 329 ἕξ,
1069 279 1132 319 καὶ
1168 278 1284 321 τέλος
1323 279 1405 333 εἶχε
1445 281 1489 322 τὸ

168 347 339 398 μίσθωμ’
364 347 499 398 ὥσπερ
531 346 580 387 ἂν
613 346 716 386 ἄλλο
746 362 783 385 τι
815 345 950 399 τούτῳ,
980 345 1041 385 καὶ
1067 346 1087 384 ὁ
1113 346 1314 397 Δερκύλος
1347 348 1388 386 ἐκ
1420 349 1489 397 τῆς

172 414 366 456 Χαλκίδος
390 413 482 464 ἧκεν
513 411 769 464 ἀναστρέψας
795 411 857 451 καὶ
882 410 1125 464 ἀπήγγειλεν
1157 412 1247 462 ὑμῖν
1277 412 1487 462 ἐκκλησιά-

129 498 145 530 5
170 481 303 530 ζουσιν
341 481 382 520 ἐν
418 482 601 531 Πειραιεῖ
635 479 694 518 ὅτι
731 481 881 519 Φωκεῖς
917 478 1168 525 ἀπολώλασι,
1208 478 1268 518 καὶ
1303 479 1424 530 ὑμεῖς,
1459 477 1489 519 ὦ

167 546 304 598 ἄνδρες
328 545 542 596 Ἀθηναῖοι,
574 544 679 585 ταῦτ’
704 544 945 587 ἀκούσαντες
978 545 1135 586 εἰκότως
1170 544 1362 587 κάκείνοις
1394 562 1487 586 συν·

166 611 342 664 ήχθεσθε
368 612 429 651 καὶ
455 611 563 652 αὐτοὶ
594 610 881 663 ἐξεπέπληχθε,
905 611 966 651 καὶ
986 614 1128 653 παῖδας
1148 612 1210 651 καὶ
1235 615 1421 663 γυναῖκας
1447 613 1489 652 ἐκ

166 682 244 718 τῶν
281 679 413 730 ἀγρῶν
451 678 722 729 κατακομίζειν
756 677 1006 730 ἐψηφίζεσθε
1039 677 1100 718 καὶ
1136 679 1183 717 τὰ
1217 677 1370 730 φρούρι’
1405 679 1487 719 ἐπι-

167 744 371 794 σκευάζειν
410 744 471 784 καὶ
503 743 572 784 τὸν
607 746 775 795 Πειραιᾶ
812 744 995 797 τειχίζειν
1033 744 1095 784 καὶ
1130 745 1177 783 τὰ
1209 742 1414 795 “Ηράκλει’
1447 746 1489 786 ἐν

106 831 144 852 10
165 810 278 850 ἄστει
307 810 622 860 weng-&affy
642 809 747 850 ταῦτ’
767 808 815 859 ἦν
841 810 903 850 καὶ
928 810 1084 860 τοιαύτη
1104 810 1257 863 ταραχὴ
1280 811 1342 850 καὶ
1360 814 1486 851 τοιοῦ-
1522 816 1589 851 126

165 894 230 918 τος
255 877 426 928 θόρυβος
453 876 717 929 περιειστήκει
745 876 815 926 τὴν
845 877 976 922 πόλιν,
1003 876 1200 926 τηνικαῦθ’
1226 878 1246 916 ὁ
1272 876 1402 929 σοφὸς
1428 877 1489 917 καὶ
1521 877 1639 931 [380]

165 942 290 985 δεινὸς
325 943 438 985 οὗτος
472 945 534 984 καὶ
569 944 758 996 εὔφωνος,
786 944 874 983 οὔτε
907 945 1060 993 βουλῆς
1083 943 1172 983 οὔτε
1202 942 1326 994 δήμου
1357 960 1487 996 χειρο-

165 1008 405 1060 τονήσαντος
431 1010 560 1056 αὐτόν,
592 1009 715 1064 ᾤχετο
745 1009 979 1061 πρεσβεύων
1006 1009 1057 1051 ὡς
1081 1008 1148 1050 τὸν
1175 1012 1296 1049 ταῦτα
1324 1026 1486 1061 πεποιη-

167 1077 273 1122 κότα,
302 1076 390 1117 οὔτε
414 1076 485 1127 τὴν
511 1077 734 1129 ἀρρωστίαν
761 1075 825 1128 ἐφ’
850 1074 872 1132 ᾖ
897 1075 976 1115 τότ’
1002 1075 1222 1126 ἐξωμόσαθ’
1242 1075 1486 1128 ὑπολογισά-

105 1161 141 1193 15
163 1158 292 1192 μενος,
326 1142 407 1182 οὔθ’
441 1144 500 1183 ὅτι
539 1141 787 1194 πρεσβευτὴς
823 1141 946 1183 ἄλλος
982 1140 1091 1197 ᾕρητ’
1124 1140 1208 1182 ἀνθ’
1242 1143 1371 1189 αὑτοῦ,
1407 1142 1487 1183 οὔθ’

163 1209 223 1248 ὅτι
248 1212 326 1249 τῶν
351 1209 538 1249 τοιούτων
565 1209 585 1248 ὁ
612 1209 729 1259 νόμος
755 1207 923 1248 θάνατον
948 1207 1019 1258 τὴν
1041 1208 1177 1259 ζημίαν
1203 1208 1302 1248 εἶναι
1321 1209 1485 1254 κελεύει,

163 1273 243 1314 οὔθ’
281 1275 342 1314 ὅτι
383 1274 592 1316 πάνδεινόν
638 1275 747 1315 ἐστιν
790 1274 1056 1326 ἀπηγγελκόθ’
1099 1274 1150 1316 ὡς
1193 1274 1488 1326 ἐπικεκήρυκται
1522 1288 1585 1324 127

161 1339 329 1393 χρήματ’
369 1341 470 1396 αὐτῷ
512 1342 554 1382 ἐν
596 1341 768 1392 Θήβαις,
809 1340 939 1390 ἐπειδὴ
979 1342 1157 1391 Θηβαῖοι
1196 1340 1292 1392 πρὸς
1328 1345 1380 1395 τῷ
1417 1340 1488 1391 τὴν

163 1408 354 1448 Βοιωτίαν
386 1407 546 1448 ἅπασαν
582 1407 688 1461 ἔχειν
722 1407 785 1447 καὶ
819 1409 887 1457 τῆς
920 1406 1091 1447 Φωκέων
1124 1407 1255 1459 χώρας
1288 1408 1488 1459 ἐγκρατεῖς

102 1493 142 1515 20
161 1474 365 1526 γεγόνασι,
393 1473 587 1524 τηνικαῦτ’
615 1475 669 1516 εἷς
701 1473 828 1524 μέσας
860 1474 930 1514 τὰς
956 1472 1101 1523 Θήβας
1132 1473 1195 1513 καὶ
1223 1472 1268 1513 τὸ
1297 1477 1375 1514 τῶν
1402 1475 1485 1524 Θη-

159 1540 288 1590 βαίων
323 1541 591 1591 στρατόπεδον
627 1540 818 1591 βαδίζειν·
873 1538 964 1579 ἀλλ’
998 1540 1120 1581 οὕτως
1154 1538 1311 1591 ἔκφρων
1344 1539 1390 1590 ἦν
1426 1540 1487 1580 καὶ

159 1607 254 1649 ὅλος
286 1606 383 1659 πρὸς
415 1610 467 1661 τῷ
498 1605 672 1657 λήμματι
707 1607 769 1647 καὶ
801 1609 854 1661 τῷ
892 1604 1184 1657 δωροδοκήματι
1221 1606 1325 1646 ὥστε
1360 1605 1487 1647 πάντα

159 1672 264 1713 ταῦτ’
289 1674 443 1714 ἀνελὼν
470 1674 531 1714 καὶ
556 1673 729 1725 παριδὼν
755 1672 894 1728 ᾤχετο.

227 1739 304 1780 Καὶ
333 1739 509 1780 τοιούτου
537 1743 606 1779 τοῦ
638 1739 866 1792 πράγματος
895 1740 1021 1785 ὄντος,
1048 1738 1105 1779 ἔτι
1135 1742 1274 1793 πολλῷ
1301 1738 1486 1790 δεινότερ’
1522 1745 1585 1779 128

100 1823 137 1855 25
159 1805 270 1846 ἐστὶν
295 1806 319 1846 ἃ
344 1806 465 1846 ἐκεῖσ’
491 1806 618 1846 ἐλθὼν
643 1804 889 1858 διεπράξατο.
958 1804 1144 1846 ἁπάντων
1168 1807 1243 1858 γὰρ
1267 1806 1373 1856 ὑμῶν
1398 1821 1484 1862 του-

157 1873 250 1912 τωνὶ
293 1873 355 1913 καὶ
395 1875 472 1913 τῶν
513 1872 649 1913 ἄλλων
685 1872 905 1922 Ἀθηναίων
942 1873 1041 1913 οὕτω
1084 1873 1192 1913 δεινὰ
1232 1873 1293 1912 καὶ
1331 1870 1486 1924 σχέτλι’

157 1938 386 1989 ἡγουμένων
417 1938 506 1980 τοὺς
538 1938 810 1990 ταλαιπώρους
843 1937 1017 1992 πάσχειν
1051 1938 1216 1980 Φωκέας
1252 1938 1357 1978 ὥστε
1388 1936 1486 1988 μήτε

156 2004 246 2046 τοὺς
274 2006 317 2044 ἐκ
346 2007 415 2055 τῆς
445 2006 597 2055 βουλῆς
627 2005 793 2056 θεωροὺς
822 2003 920 2055 μήτε
951 2004 1041 2046 τοὺς
1075 2003 1317 2056 θεσμοθέτας
1351 2004 1405 2045 εἰς
1437 2005 1486 2043 τὰ

157 2071 289 2111 Πύθια
317 2071 486 2124 πέμψαι,
514 2070 605 2111 ἀλλ’
630 2072 854 2122 ἀποστῆναι
882 2073 951 2121 τῆς
981 2072 1146 2123 πατρίου
1173 2071 1346 2122 θεωρίας,
1373 2069 1486 2112 οὗτος

98 2152 138 2183 30
157 2138 212 2179 εἷς
242 2138 441 2178 τάπινίκια
471 2141 549 2178 τῶν
577 2137 816 2190 πραγμάτων
847 2137 909 2178 καὶ
939 2140 1007 2178 τοῦ
1035 2137 1225 2188 πολέμου,
1252 2137 1276 2177 δι
1307 2139 1485 2188 Θηβαῖοι

198 2256 217 2285 7
244 2247 332 2278 αὐτοὶ
350 2246 438 2286 vulg.
455 2257 461 2276 :
488 2246 578 2279 αὐτοὶ
596 2247 719 2279 ἑαυτοῖς
737 2246 763 2277 L
780 2246 872 2277 solus
887 2258 892 2276 :
919 2248 1042 2278 ἑαυτοῖς
1059 2246 1083 2276 S
1095 2245 1125 2276 Y
1139 2245 1164 2276 F
1178 2259 1231 2287 γρ.
1354 2254 1392 2284 15
1417 2245 1482 2277 ἀνθ’

157 2291 252 2321 αὑτοῦ
271 2289 295 2320 S
307 2290 332 2320 L
349 2301 356 2320 z
381 2292 451 2322 ἀντὶ
468 2291 582 2322 τούτου
599 2290 688 2329 vulg.
836 2300 877 2320 22
902 2291 975 2322 ὅλος
994 2289 1017 2320 S
1030 2289 1098 2320 LA
1112 2300 1117 2320 :
1145 2290 1226 2321 ὅλως
1242 2288 1331 2327 vulg.
1431 2290 1482 2321 καὶ

156 2337 201 2373 τῷ
218 2334 452 2374 δωροδοκήματι
470 2343 533 2365 om.
551 2333 583 2363 A
599 2345 606 2364 t
630 2333 695 2365 del.
713 2332 822 2365 Cobet

201 2395 387 2427 θειώδη-3.,
405 2397 481 2418 vox..
502 2398 523 2419 1.
1311 2387 1351 2417 24
