1763 2828
115 137 236 192 [306]

169 259 237 294 239

122 312 235 366 [307]

168 726 238 760 240

166 989 232 1023 241

166 1456 235 1489 242

169 1789 236 1824 243

693 138 1177 177 ΔΗΜΟΣΘΕΝΟΎΣ
1472 134 1595 190 [xvm

270 244 353 284 εἶτα
394 245 513 286 κενὰς
558 244 709 297 χαρίζει
759 243 924 297 χάριτας
972 242 1150 283 τουτοισὶ
1200 247 1462 296 συκοφαντῶν
1513 244 1594 296 ἐμέ.

267 312 307 351 τί
329 312 403 363 γὰρ
428 314 497 351 νῦν
521 310 653 362 λέγεις
678 309 732 351 οῖ’
759 312 880 364 ἐχρῆν
906 310 1103 362 πράττειν,
1121 309 1211 350 ἀλλ’
1229 310 1274 351 οὐ
1297 309 1378 350 τότ’
1404 309 1458 352 ὢν
1483 312 1526 352 ἐν
1549 317 1598 369 τῇ

267 381 383 418 πόλει
414 378 474 417 καὶ
507 378 640 430 παρὼν
665 377 771 418 ταῦτ’
797 378 982 430 ἔγραφες,
1011 379 1119 428 εἴπερ
1144 375 1349 430 ἐνεδέχετο
1380 379 1485 430 παρὰ
1508 379 1598 421 τοὺς

267 444 463 496 παρόντας
489 445 656 497 καιρούς,
680 446 722 485 ἐν
748 445 804 487 οἷς
829 444 902 498 οὐχ
927 444 989 484 ὄσ’
1011 434 1272 495 ἐβουλόμεθα,
1295 443 1386 484 ἀλλ’
1411 445 1488 485 ὅσα
1512 445 1596 495 δοίη

267 512 315 551 τὰ
343 510 538 563 πράγματ’
568 512 646 552 ἔδει
675 510 875 564 δέχεσθαι·
919 512 939 550 ὁ
970 512 1044 563 γὰρ
1074 510 1368 561 ἀντωνούμενος
1402 512 1464 552 καὶ
1497 511 1598 565 ταχὺ
1617 528 1635 560 5

267 578 355 620 τοὺς
380 577 472 630 παρ’
492 578 599 629 ἡμῶν
620 577 961 629 ἀπελαυνομένους
987 576 1303 630 προσδεξόμενος
1329 577 1391 618 καὶ
1416 577 1598 631 χρήματα

266 643 508 697 προσθήσων
532 645 707 697 ὑπῆρχεν
732 645 897 696 ἕτοιμος.

333 710 448 751 Ἀλλ’
480 712 512 751 εἷ
543 714 610 751 νῦν
641 712 705 752 ἐπὶ
735 715 818 753 τοῖς
848 711 1139 764 πεπραγμένοις
1172 712 1405 763 κατηγορίας
1436 712 1528 765 ἔχω,
1560 713 1603 752 τί

268 777 316 817 ἂν
358 779 504 823 οἴεσθε,
547 778 580 818 εἰ
621 777 702 817 τότ’
742 779 835 829 ἐμοῦ
875 779 964 830 περὶ
1004 778 1151 818 τούτων
1190 777 1594 831 ἀκριβολογουμένου,

268 845 448 894 ἀπῆλθον
481 846 520 884 αἱ
551 845 688 886 πόλεις
721 845 783 885 καὶ
816 844 1058 897 προσέθεντο
1089 845 1290 899 Φιλίππῳ,
1329 845 1390 885 καὶ
1422 844 1487 896 ἅμ’
1519 844 1595 884 Εὐ·

267 911 384 962 βοίας
415 910 478 951 καὶ
509 913 663 962 Θηβῶν
694 911 756 952 καὶ
787 912 998 961 Βυζαντίου
1029 911 1156 963 κύριος
1187 911 1371 961 κατέστη,
1403 913 1443 952 τί
1470 915 1598 952 ποιεῖν

267 977 314 1018 ἂν
341 974 364 1027 ἢ
397 978 437 1018 τί
464 977 600 1030 λέγειν
628 977 717 1020 τοὺς
750 979 915 1029 ἀσεβεῖς
948 978 1174 1030 ἀνθρώπους
1202 979 1404 1025 remove-[5
1442 978 1517 1032 οὐχ
1547 978 1598 1020 ὡς

266 1043 528 1095 ἐξεδόθησαν;
577 1044 651 1098 οὐχ
694 1045 745 1087 ὡς
786 1044 1051 1095 ἀπηλάθησαν
1086 1045 1328 1096 βουλόμενοι
1368 1044 1455 1096 μεθ’
1491 1046 1598 1096 ὑμῶν

267 1111 384 1158 εἶναι;
429 1111 511 1152 εἶτα
542 1112 635 1151 ίτοῦ
665 1114 737 1162 μὲν
767 1111 1075 1162 Ἑλλησπόντου
1108 1113 1171 1152 διὰ
1202 1111 1425 1162 Βυζαντίων
1460 1113 1598 1164 ἐγκρα-

265 1177 334 1228 τὴς
375 1177 604 1228 καθέστηκε,
645 1178 708 1218 καὶ
748 1180 817 1229 τῆς
860 1179 1124 1230 σιτοπομπίας
1165 1180 1234 1229 τῆς
1275 1182 1354 1219 τῶν
1389 1177 1599 1229 Ἑλλήνων

268 1245 407 1297 κύριος,
442 1245 615 1296 πόλεμος
648 1245 681 1285 δ’
715 1246 858 1297 ὅμορος
891 1246 953 1286 καὶ
982 1246 1108 1298 βαρὺς
1139 1247 1193 1287 εἰς
1221 1245 1290 1295 τὴν
1321 1244 1506 1296 Ἀττικὴν
1535 1247 1598 1286 διὰ

268 1312 464 1362 Θηβαίων
490 1312 732 1363 κεκόμισται,
760 1311 910 1354 ἄπλους
940 1311 971 1352 δ’
996 1312 1018 1363 ἡ
1049 1311 1226 1353 θάλαττα
1254 1311 1330 1353 ὑπὸ
1359 1315 1437 1353 τῶν
1462 1313 1504 1353 ἐκ
1529 1314 1598 1363 τῆς

269 1379 446 1430 Εὐβοίας
472 1378 709 1430 ὁρμωμένων
733 1383 896 1435 λῃστῶν
922 1378 1100 1431 γέγονεν·
1117 1378 1126 1393 ’
1163 1378 1230 1419 οὐκ
1255 1378 1304 1420 ἂν
1330 1378 1436 1420 ταῦτ’
1457 1379 1598 1432 ἔλεγον

268 1446 329 1486 καὶ
363 1445 496 1485 πολλά
526 1463 571 1498 γε
604 1446 701 1498 πρὸς
732 1446 883 1487 τούτοις
916 1446 1048 1498 ἕτερα;
1092 1446 1276 1498 πονηρόν,
1310 1445 1449 1498 ἄνδρες
1479 1445 1595 1496 Ἀθη-

267 1514 381 1557 ναῖοι,
408 1512 578 1564 πονηρὸν
604 1513 623 1552 ὁ
654 1512 906 1565 συκοφάντης
935 1513 994 1553 ἀεὶ
1027 1514 1090 1553 καὶ
1115 1512 1367 1566 πανταχόθεν
1391 1512 1599 1564 βάσκανον

267 1579 329 1619 καὶ
350 1579 566 1631 φιλαίτιον·
604 1582 716 1619 τοῦτο
737 1581 778 1620 δὲ
799 1579 861 1619 καὶ
881 1579 1004 1631 φύσει
1031 1581 1187 1622 κίναδος
1204 1580 1452 1631 τάνθρώπιόν
1472 1581 1596 1625 ἐστιν,

267 1644 379 1685 οὐδὲν
400 1643 445 1695 ἐξ
465 1645 590 1699 ἀρχῆς
613 1647 719 1697 ὑγιὲς
745 1645 958 1696 πεποιηκὸς
976 1645 1055 1686 οὐδ’
1075 1647 1296 1699 ἐλεύθερον,
1320 1645 1599 1699 αὐτοτραγικὸς

267 1712 442 1762 πίθηκος,
469 1713 673 1764 ἀρουραῖος
699 1713 910 1763 Οἰνόμαος,
937 1713 1173 1765 παράσημος
1202 1712 1343 1765 ῥήτωρ.
1414 1714 1454 1754 τί
1475 1714 1552 1765 γὰρ
1574 1712 1598 1763 ἡ

268 1778 320 1828 σὴ
354 1779 530 1825 δεινότης
562 1780 616 1821 εἷς
649 1780 788 1829 ὄνησιν
821 1780 905 1830 ἥκει
938 1785 986 1837 τῇ
1019 1782 1194 1832 πατρίδι;
1244 1783 1311 1821 νῦν
1342 1779 1436 1831 ἡμῖν
1467 1779 1600 1832 λέγεις

267 1845 354 1896 περὶ
378 1848 455 1886 τῶν
475 1846 824 1898 παρεληλυθότων;
863 1847 997 1898 ὥσπερ
1018 1846 1066 1887 ἂν
1085 1848 1121 1888 εἴ
1143 1864 1200 1889 τις
1227 1846 1356 1898 ἰατρὸς
1381 1847 1600 1887 ἀσθενοῦσι

267 1914 337 1962 μὲν
370 1915 452 1954 τοῖς
486 1912 702 1963 κάμνουσιν
737 1914 873 1954 εἰσιὼν
905 1914 957 1964 μὴ
994 1914 1106 1966 λέγοι
1136 1916 1235 1965 μηδὲ
1267 1913 1434 1954 δεικνύοι
1466 1912 1515 1953 δι’
1545 1913 1599 1953 ὧν

268 1977 560 2031 ἀποφεύξονται
593 1979 665 2030 τὴν
696 1980 833 2027 νόσον,
861 1980 994 2030 ἐπειδὴ
1031 1983 1071 2021 δὲ
1105 1979 1356 2031 τελευτήσειέ
1386 1997 1444 2022 τις
1473 1980 1599 2020 αὐτῶν

316 2097 329 2117 1
356 2089 448 2120 κενὰς
466 2087 490 2119 S
504 2088 530 2118 L
546 2088 638 2128 vulg.
654 2099 661 2119 2
686 2088 778 2121 κενάς
794 2102 834 2129 γε
851 2087 882 2118 Α
898 2101 905 2119 :
930 2090 1038 2122 καινὰς
1055 2089 1096 2129 Q,
1117 2090 1156 2121 cf.
1177 2093 1192 2128 ξ
1215 2100 1276 2129 150
1437 2100 1457 2128 4
1482 2090 1544 2121 ὅσα
1561 2090 1598 2121 ἂν

269 2131 457 2170 βουλώμεθα
475 2131 501 2161 L
517 2132 609 2171 vulg.
751 2142 772 2171 9
795 2132 866 2163 τότ’
887 2132 910 2162 S
923 2132 973 2164 A:
1000 2133 1071 2165 πότ’
1089 2133 1129 2163 L¹
1144 2145 1150 2164 t
1175 2134 1247 2165 ποτ’
1265 2132 1352 2172 vulg.
1455 2131 1594 2173 τούτων]

268 2173 385 2205 τούτου
411 2175 434 2204 S
452 2174 528 2205 LF¹
762 2184 801 2205 12
833 2177 937 2208 οἴεσθε
962 2181 1039 2215 post
1063 2176 1175 2218 λέγειν
1198 2176 1274 2208 add.
1298 2176 1351 2206 A:
1383 2181 1462 2206 ante
1486 2175 1598 2216 λέγειν

268 2216 308 2248 al.
329 2229 335 2247 :
380 2228 445 2248 orn.
478 2218 502 2249 S
519 2218 544 2247 L
559 2217 627 2257 FQ
641 2217 671 2248 Ο
849 2221 910 2259 οὐχ
946 2221 985 2251 ὡς
1017 2225 1096 2250 ante
1127 2220 1319 2260 ἐξεδόθησαν
1350 2229 1415 2250 οῐη.
1448 2218 1472 2249 S
1504 2219 1598 2249 solus

272 2269 307 2298 15
338 2261 496 2293 Φίλιππος
520 2266 597 2301 post
623 2261 802 2299 καθέστηκε
830 2262 906 2293 add.
934 2262 998 2292 LS
1023 2273 1108 2294 corr.
1134 2263 1160 2293 F
1181 2274 1257 2304 7p.:
1293 2272 1356 2292 om.
1385 2262 1421 2293 S¹
1449 2262 1499 2302 (in
1528 2262 1597 2292 fine

269 2303 392 2342 lineae)
413 2305 502 2343 vulg.
615 2314 655 2343 19
677 2304 700 2336 ὦ
717 2310 794 2335 ante
813 2306 922 2346 ἄνδρες
939 2305 1014 2337 add.
1034 2306 1145 2345 vulg.:
1169 2316 1235 2337 om.
1255 2305 1279 2336 S
1295 2305 1333 2335 L¹
1437 2314 1480 2335 22
1506 2307 1595 2336 ἐλευ-

269 2347 370 2385 θέριον
390 2347 490 2377 Halm
662 2356 768 2387 23-24
793 2348 826 2379 τί
842 2349 904 2389 ’γὰρ
923 2374 928 2379 .
950 2374 957 2380 .
976 2372 983 2380 .
1001 2349 1086 2390 ἥκει]
1104 2349 1178 2381 τίνα
1192 2350 1254 2391 γὰρ
1272 2373 1278 2379 .
1298 2374 1304 2380 .
1324 2373 1330 2380 .
1351 2348 1462 2387 ὄνησιν
1479 2349 1596 2390 ἤνεγκε

269 2390 374 2421 Cobet

1621 860 1659 882 10

1621 1190 1658 1225 ¹5

1622 1525 1660 1547 20

1620 1857 1657 1889 ²5
