1763 2828
111 118 228 172 [380]

172 1032 237 1068 ιφ

177 1694 238 1730 1ss

177 2024 242 2060 ιφ

684 112 1172 153 ΔΗΜΟΣΘΕΝΟΎΣ
1499 107 1582 161 {mx

263 222 324 261 καὶ
357 222 558 261 Φίλιππος
592 220 718 263 ἔθυον,
754 217 918 258 εἱστιᾶτ’
952 217 1079 257 ἐλθὼν
1118 216 1178 256 καὶ
1216 218 1398 256 σπονδῶν
1430 217 1588 268 μετεῖχε

262 288 325 327 καὶ
351 287 490 340 εὐχῶν,
513 287 557 328 ἃς
582 286 646 326 ἐπὶ
672 288 753 327 τοῖς
778 288 855 324 τῶν
881 283 1100 336 συμμάχων
1119 286 1197 323 τῶν
1216 281 1412 334 ὑμετέρων
1436 282 1588 334 τείχεσι

263 354 324 394 καὶ
353 354 463 407 χώρᾳ
495 353 556 393 καὶ
586 353 725 392 ὅπλοις
756 351 1015 391 ἀπολωλόσιν
1047 349 1178 403 ηὔχετ’
1210 351 1369 394 ἐκεῖνος,
1402 349 1464 388 καὶ
1494 364 1587 389 συν-

263 423 530 472 εστεφανοῦτο
574 419 635 458 καὶ
679 417 984 466 συνεπαιώνιζεν
1021 417 1208 470 Φιλίππῳ
1251 415 1312 455 καὶ
1350 415 1591 467 φιλοτησίας

263 487 484 539 προῦπινεν.

332 554 406 593 Καὶ
439 551 545 592 ταῦτ’
576 551 644 592 οὐκ
678 551 834 592 ἔνεστιν
866 550 951 601 ἐμοὶ
986 552 1058 600 μὲν
1091 550 1203 595 οὕτω,
1238 548 1361 602 τούτῳ
1393 546 1425 587 δ’
1458 547 1592 588 ἄλλως

264 636 346 661 πως
379 620 515 659 εἰπεῖν·
555 617 646 658 ἀλλ’
675 618 772 669 ὑπὲρ
805 619 878 668 μὲν
907 618 975 666 τῆς
1009 615 1229 667 ἐξωμοσίας
1263 616 1304 655 ἐν
1335 617 1415 656 τοῖς
1450 615 1594 655 κοινοῖς

264 689 345 727 τοῖς
368 683 567 736 ὑμετέροις
592 683 822 736 γράμμασιν
841 685 883 723 ἐν
903 686 955 737 τῷ
980 681 1146 737 μητρῴῳ
1171 680 1278 721 ταῦτ’
1305 681 1428 726 ἐστίν,
1452 679 1516 731 ἐφ’
1536 679 1594 720 οἷς

266 752 286 790 ὁ
309 751 499 801 δημόσιος
522 750 718 796 τέτακται,
748 750 810 790 καὶ
834 748 1016 802 ψήφισμ’
1044 748 1222 800 ἄντικρυς
1247 747 1334 799 περὶ
1364 746 1503 786 τούτου
1527 748 1596 786 τοῦ

265 818 456 868 ὀνόματος
485 816 717 870 γέγραπται·
766 817 863 867 ὑπὲρ
891 815 924 855 δ’
954 815 1007 855 ὧν
1039 816 1120 855 ἐκεῖ
1146 812 1391 865 διεπράξατο,
1424 814 1460 853 οἱ
1494 829 1592 862 συμ·

266 884 558 936 πρεσβεύοντες
589 884 652 923 καὶ
681 882 872 934 παρόντες
905 880 1333 933 καταμαρτυρήσουσιν,
1365 881 1476 930 οἵπερ
1509 879 1594 928 ἐμοὶ

1511 945 1521 959 ,
1585 943 1594 957 ‚

266 954 387 990 ταῦτα
412 953 630 1002 διηγοῦντο·
668 949 713 989 οὐ
737 951 811 1001 γὰρ
837 947 954 1000 ἔγωγ’
975 947 1104 988 αὐτοῖς
1130 945 1476 998 συνεπρέσβευσα,
1503 949 1582 985 αλλ

267 1016 540 1068 ἐξωμοσάμην.
597 1017 677 1056 Καί
697 1032 764 1067 μοι
788 1013 884 1067 λέγε
908 1014 953 1055 τὸ
978 1013 1175 1066 ψήφισμα
1194 1011 1272 1065 [καὶ
1291 1013 1338 1052 τὰ
1357 1007 1593 1064 γράμματα],

269 1084 330 1124 καὶ
355 1083 445 1125 τοὺς
470 1083 666 1136 μάρτυρας
693 1081 817 1122 κάλει.

702 1200 900 1229 ΨΗΦῙΣΜΑ.
944 1199 1163 1228 ΜΑΡΊὝΡΕΣ.

335 1281 458 1323 Τίνας
487 1280 554 1321 οὗν
583 1280 702 1332 εὐχὰς
730 1278 1028 1329 ὑπολαμβάνετ’
1060 1279 1250 1331 εὔχεσθαι
1282 1280 1362 1319 τοῖς
1396 1279 1498 1319 θεοῖς
1529 1276 1598 1317 τὸν

270 1349 485 1393 Φίλιππον,
518 1346 572 1386 ὅτ’
599 1346 804 1391 ἔσπενδεν,
832 1342 855 1395 ἢ
885 1345 974 1387 τοὺς
1001 1345 1225 1395 Θηβαίους;
1270 1343 1329 1395 ἆρ’
1356 1344 1400 1385 οὐ
1431 1342 1598 1395 κράτος

270 1414 479 1465 πολέμου
518 1414 592 1454 καὶ
630 1413 760 1463 νίκην
797 1413 929 1453 αὑτοῖς
966 1412 1029 1452 καὶ
1064 1415 1145 1452 τοῖς
1179 1409 1403 1463 συμμάχοις
1435 1410 1596 1455 διδόναι,

273 1481 334 1521 καὶ
366 1481 553 1520 τάναντία
585 1483 666 1520 τοῖς
702 1483 780 1519 τῶν
814 1477 1004 1523 Φωκέων;
1055 1478 1192 1518 οὐκοῦν
1229 1480 1349 1517 ταῦτα
1386 1475 1597 1530 συνηύχεθ’

271 1547 383 1588 οὗτος
416 1547 477 1586 καὶ
512 1548 703 1597 κατηρᾶτο
739 1551 787 1601 τῇ
825 1545 992 1596 πατρίδι,
1029 1544 1052 1583 ἃ
1088 1547 1156 1584 νῦν
1193 1545 1247 1585 εἰς
1285 1543 1465 1595 κεφαλὴν
1500 1544 1599 1593 ὑμᾶς

271 1613 373 1667 αὐτῷ
399 1615 459 1653 δεῖ
480 1612 638 1664 τρέψαι.

339 1679 494 1719 Οὐκοῦν
527 1678 648 1734 ᾤχετο
679 1680 752 1728 μὲν
782 1679 886 1729 παρὰ
914 1676 983 1717 τὸν
1016 1677 1148 1727 νόμον,
1177 1676 1219 1718 ὃς
1248 1675 1418 1717 θάνατον
1449 1675 1600 1716 κελεύει

272 1746 419 1786 τούτων
449 1744 519 1795 τὴν
551 1745 688 1795 ζημίαν
718 1743 830 1784 εἶναι·
870 1745 996 1784 ἐλθὼν
1027 1743 1059 1782 δ’
1089 1744 1218 1784 ἐκεῖσε
1251 1743 1394 1794 ἐτέρων
1422 1742 1600 1783 θανάτων

273 1811 363 1862 ἄξια
404 1815 528 1852 ποιῶν
570 1810 779 1862 πέφανται·
834 1812 881 1849 τὰ
924 1812 965 1850 δὲ
1013 1810 1188 1861 πρόσθεν
1231 1808 1491 1862 πεπραγμένα
1539 1808 1600 1848 καὶ

273 1877 588 1930 πεπρεσβευμέν’
614 1878 709 1928 ὑπὲρ
738 1876 885 1917 τούτων
917 1877 1184 1916 ἀποκτείνειεν
1208 1875 1256 1916 ἂν
1281 1875 1399 1916 αὐτὸν
1429 1875 1598 1916 δικαίως.

275 1947 460 1985 σκοπεῖτε
489 1945 619 1984 τοίνυν
651 1944 692 1983 τί
716 1943 830 1983 ἔσται
862 1943 1021 1993 τίμημα,
1054 1941 1074 1981 ὃ
1103 1942 1247 1992 ταύτην
1278 1940 1355 1992 ἕξει
1385 1941 1456 1991 τὴν
1486 1940 1600 1992 ἀξίαν

273 2011 378 2052 ὥστε
396 2010 597 2051 τοσούτων
617 2005 883 2062 [πραγμάτων]
903 2007 1119 2061 ἀξιόχρεων
1140 2009 1366 2060 φαίνεσθαι.
1426 2010 1508 2049 πῶς
1527 2009 1601 2060 γὰρ

317 2133 335 2161 4
362 2120 582 2161 συνεπαιάνιζε
599 2120 640 2160 Α,
661 2120 701 2151 cf.
720 2119 799 2150 xviii
819 2120 880 2159 287
1016 2129 1035 2159 5
1058 2121 1245 2161 προῦτεινεν
1263 2117 1288 2148 L
1305 2131 1357 2160 γρ.
1376 2116 1420 2148 Y¹
1435 2117 1461 2148 F
1475 2130 1537 2159 γρ..
1559 2117 1601 2148 cs.

274 2169 290 2204 ξ
313 2175 374 2205 139
505 2175 526 2203 9
552 2164 629 2195 sort.
647 2166 705 2196 τοῦ
722 2164 849 2199 τούτου,
868 2163 908 2193 cs.
928 2173 974 2192 xx
991 2173 1045 2201 95,
1062 2173 1105 2202 99
1242 2172 1279 2200 13
1303 2163 1354 2193 καὶ
1372 2162 1413 2193 τὰ
1428 2161 1602 2202 ’γράμματα

272 2210 352 2245 secl.
373 2207 464 2239 Weil
601 2216 639 2245 15
665 2206 782 2237 titulos
800 2216 863 2237 om.
883 2206 906 2236 S
925 2207 1033 2245 spatio
1050 2215 1155 2236 vacuo
1173 2203 1290 2235 relicto
1381 2208 1601 2236 ΓΡΑΜΜΑΤΑ

274 2258 350 2292 post
367 2256 556 2284 ΨΗΦΙΣΜΑ
572 2251 649 2283 add.
668 2250 776 2289 vulg.:
803 2259 866 2280 om.
885 2249 912 2279 B
924 2249 954 2287 Q
966 2248 996 2279 Y
1010 2249 1035 2279 L
1054 2259 1138 2280 corr.
1356 2256 1391 2285 ¹7
1418 2247 1533 2287 κράτος
1549 2248 1600 2277 καὶ

273 2296 363 2333 νίκην
380 2294 522 2333 πολέμου
542 2294 577 2333 S,
596 2303 681 2324 corr.
702 2303 749 2333 pr.
772 2303 812 2324 m.
831 2293 966 2322 lineolis
984 2292 1151 2332 appositis
1321 2299 1361 2328 25
1387 2290 1462 2330 ὑπὲρ
1479 2289 1601 2320 τούτων

273 2340 343 2412 ἰΙιιτε
360 2344 518 2410 lsuspecta
662 2347 701 2376 27
728 2336 923 2378 πραγμάτων
941 2334 1006 2366 SY
1020 2335 1044 2366 L
1061 2349 1113 2377 γρ.
1131 2346 1137 2366 :
1162 2334 1240 2366 secl.
1260 2333 1350 2364 Weil
1366 2344 1371 2364 :
1399 2332 1601 2371 ἀδικημάτων

316 2391 357 2411 vu
374 2391 403 2419 g.

1611 498 1629 529 5

1617 827 1656 849 10

1620 1203 1658 1236 15

1622 1557 1660 1580 20

1622 1888 1660 1920 25
