1763 2828
95 122 209 178 μμ]

147 574 210 610 321

149 1040 215 1076 322

148 1305 215 1340 323

100 1492 212 1547 Ma]

148 1641 216 1676 324

664 117 1150 156 ΔΗΜΟΣΘΕΝΟΎΣ
1477 112 1565 167 μα

244 225 370 265 αὐτῶν
403 222 588 273 εἱστήκει,
619 221 685 261 οὐκ
716 221 847 262 ἔνεστι
878 222 1101 272 παρελθεῖν,
1133 221 1166 260 εἰ
1198 218 1416 270 βοηθήσεθ’
1443 221 1566 271 ὑμεῖς,

243 291 335 336 οὐδ’,
363 290 411 331 ἂν
436 292 628 346 ἐπιχειρῇ,
649 288 847 341 χαιρήσει,
870 289 903 328 εἰ
928 286 980 338 μή
1006 304 1064 328 τις
1088 286 1210 340 τέχνη
1235 285 1569 339 προσγενήσεται.

244 362 324 399 πῶς
345 358 413 398 οὗν
431 356 529 408 μήτε
548 356 761 408 ψεύσωμαι
781 358 974 407 φανερῶς,
996 352 1084 404 μήτ’
1107 355 1301 405 ἐπιορκεῖν
1321 352 1436 404 δόξας
1454 352 1569 394 πάνθ’

244 425 268 465 ἃ
291 424 488 476 βούλομαι
519 421 809 474 διαπράξωμαι,·
847 425 947 467 πῶς;
986 421 1118 465 οὕτως,
1146 419 1194 460 ἂν
1219 419 1439 470 Ἀθηναίων
1462 421 1571 463 τινὰς

244 492 341 544 εὕρω
361 491 449 532 τοὺς
468 489 699 540 Ἀθηναίους
719 487 1053 539 ἐξαπατήσοντας·
1093 487 1235 537 ταύτης
1254 488 1331 539 γὰρ
1350 485 1473 526 οὐκέτ’
1492 487 1571 539 ἐγὼ
1590 501 1608 534 5

243 561 312 609 τῆς
349 558 541 609 αἰσχύνης
582 559 822 608 κληρονομῶ.
895 557 1073 595 ἐντεῦθεν
1110 556 1146 594 οἱ
1185 555 1257 605 μὲν
1292 552 1383 605 παρ’
1421 554 1572 594 ἐκείνου

244 624 438 676 πρέσβεις
470 623 692 676 προῦλεγον
720 624 810 673 ὑμῖν
841 623 899 662 ὅτι
931 621 1094 663 Φωκέας
1128 620 1172 660 οὐ
1202 619 1467 673 προσδέχεται
1496 621 1569 660 Φί-

243 696 390 732 λιππος
410 690 654 743 συμμάχους,
675 689 782 729 οὗτοι
802 688 833 729 δ’
854 689 1107 741 ἐκδεχόμενοι
1126 686 1270 728 τοιαῦτ’
1291 687 1569 740 ἐδημηγόρουν,

246 758 298 800 ὡς
317 760 498 810 φανερῶς
521 759 593 808 μὲν
613 756 701 809 οὐχὶ
729 759 856 798 καλῶς
882 756 966 808 ἔχει
990 759 1042 809 τῷ
1064 756 1253 809 Φιλίππῳ
1274 753 1573 807 προσδέξασθαι

243 825 333 866 τοὺς
358 823 520 866 Φωκέας
551 822 782 876 συμμάχους
812 824 875 863 διὰ
904 821 994 863 τοὺς
1021 823 1229 873 Θηβαίους
1260 823 1322 862 καὶ
1351 821 1441 862 τοὺς
1467 823 1570 861 Θετ-
1596 833 1634 856 10

244 892 401 937 ταλούς,
423 890 470 931 ἂν
490 893 532 931 δὲ
550 890 711 943 γένηται
730 893 807 930 τῶν
827 888 1066 941 πραγμάτων
1087 888 1215 940 κύριος
1242 887 1305 927 καὶ
1325 890 1394 938 τῆς
1420 886 1574 940 εἰρήνης

245 959 358 1015 τύχῃ,
377 958 476 1010 ἅπερ
492 957 540 998 ἂν
558 956 773 997 συνθέσθαι
789 960 856 997 νῦν
872 955 1114 1007 ἀξιώσαιμεν
1130 955 1260 1002 αὐτόν,
1279 958 1400 996 ταῦτα
1415 954 1575 1006 ποιήσει

246 1026 346 1066 τότε.
420 1025 490 1075 τὴν
515 1027 588 1076 μὲν
606 1025 738 1064 τοίνυν
764 1023 920 1076 εἰρήνην
944 1023 1101 1064 ταύταις
1126 1026 1211 1064 ταῖς
1236 1023 1374 1063 ἐλπίσι
1401 1022 1464 1062 καὶ
1488 1025 1574 1064 ταῖς

247 1095 472 1145 ἐπαγωγαῖς
492 1092 650 1144 εὕροντο
667 1090 756 1143 παρ’
772 1091 879 1141 ὑμῶν
899 1089 990 1130 ἄνευ
1008 1089 1192 1131 Φωκέων·
1230 1089 1302 1139 τὴν
1321 1091 1363 1130 δὲ
1382 1088 1575 1140 βοήθειαν

245 1160 323 1201 ἔδει
362 1162 538 1200 κωλῦσαι
576 1158 647 1208 τὴν
686 1159 740 1200 εἷς
776 1159 845 1199 τὰς
881 1157 1032 1203 Πύλας,
1071 1156 1136 1209 ἐφ’
1172 1155 1220 1207 ἣν
1257 1158 1296 1197 αἱ
1332 1154 1576 1206 πεντήκοντα
1598 1170 1635 1205 15

245 1226 415 1280 τριήρεις
433 1227 538 1277 ὅμως
557 1225 779 1278 ἐφώρμουν,
797 1224 859 1271 ἵν’,
884 1226 916 1264 εἰ
936 1224 1141 1276 πορεύοιτο
1159 1225 1374 1270 Φίλιππος,
1394 1221 1575 1263 κωλύοιθ’

246 1295 367 1345 ὑμεῖς.
428 1297 509 1335 πῶς
528 1292 614 1339 οῧν,·
649 1293 708 1334 τίς
726 1291 847 1345 τέχνη
869 1290 989 1332 πάλιν
1010 1291 1056 1331 αὖ
1074 1289 1286 1343 γενήσεται
1305 1290 1394 1342 περὶ
1412 1289 1554 1340 ταύτης
1561 1305 1574 1336 ,·

247 1361 338 1402 τοὺς
369 1361 535 1414 χρόνους
565 1360 672 1411 ὑμῶν
702 1357 928 1411 ἀφελέσθαι
963 1358 1024 1398 καὶ
1058 1359 1273 1408 ἐπιστῆσαι
1302 1358 1351 1398 τὰ
1380 1354 1576 1409 πράγματ’

247 1428 469 1480 ἀγαγόντας
501 1427 629 1480 ἄφνω,
661 1427 725 1466 ἵνα
757 1425 846 1477 μηδ’
875 1424 922 1465 ἂν
955 1425 1163 1476 βούλησθε
1193 1423 1353 1475 δύνησθ’
1384 1422 1574 1474 ἐξελθεῖν.

247 1495 385 1535 οὐκοῦν
421 1493 524 1534 τοῦθ’
561 1493 667 1533 οὗτοι
703 1492 941 1544 πράττοντες
979 1492 1202 1544 φαίνονται,
1240 1492 1319 1544 ἐγὼ
1356 1490 1403 1537 δ’,
1440 1491 1576 1543 ὥσπερ
1598 1506 1638 1529 20

247 1560 431 1612 ἀκηκόατ’
462 1560 534 1611 ἤδη
572 1559 780 1605 πολλάκις,
817 1558 906 1612 οὐχὶ
943 1559 1121 1609 δυνηθεὶς
1157 1560 1435 1610 προαπελθεῖν,
1470 1558 1576 1597 ἀλλὰ

249 1628 311 1668 καὶ
339 1626 643 1679 μισθωσάμενος
673 1629 814 1666 πλοῖον
847 1626 1135 1667 κατακωλυθεὶς
1169 1627 1399 1665 ἐκπλεῦσαι.
1470 1624 1577 1663 ἀλλὰ

249 1695 310 1735 καὶ
347 1697 559 1736 πιστεῦσαι
592 1692 754 1734 Φωκέας
788 1692 866 1732 ἔδει
900 1693 1088 1747 Φιλίππῳ
1127 1692 1188 1732 καὶ
1222 1692 1384 1733 ἑκόντας
1417 1691 1577 1732 ἑαυτοὺς

248 1763 436 1807 ἐνδοῦναι,
464 1763 528 1802 ἵνα
558 1760 693 1812 μηδεὶς
726 1760 870 1813 χρόνος
903 1759 1111 1813 ἐγγένηται
1138 1762 1220 1801 τοῖς
1250 1758 1458 1811 πράγμασι
1487 1756 1577 1809 μηδ’

247 1830 427 1870 ἐναντίον
456 1829 552 1884 ἔλθῃ
576 1826 774 1880 ψήφισμα
805 1826 895 1878 παρ’
920 1828 1027 1878 ὑμῶν
1052 1826 1187 1878 μηδέν.
1258 1825 1397 1866 οὐκοῦν
1426 1825 1478 1867 ὡς
1505 1827 1577 1875 μὲν
1597 1839 1637 1874 25

246 1898 283 1937 οἱ
326 1898 479 1937 Φωκεῖς
526 1893 791 1945 σωθήσονται,
836 1896 940 1947 παρὰ
980 1898 1059 1934 τῶν
1102 1893 1323 1944 Ἀθηναίων
1364 1891 1578 1945 πρέσβεων

294 2016 307 2036 Ι
336 2008 450 2038 ἐνεῖναι
469 2005 492 2036 S
506 2018 558 2046 γρ.
577 2004 664 2047 Ργρ.
681 2004 712 2043 Q
725 2017 776 2046 γρ.
921 2014 940 2034 2
965 2003 1113 2045 χαιρήσει
1133 2002 1287 2033 Dobree:
1313 2002 1481 2044 χαιρήσειν
1500 2001 1580 2034 L¹A

249 2049 273 2081 S
301 2063 352 2091 γρ.
369 2061 376 2081 :
423 2049 548 2090 χαίρειν
589 2049 612 2079 S
648 2049 741 2078 solus
757 2059 763 2078 t
812 2047 980 2089 χαιρήσειν
1018 2050 1086 2079 τοῖς
1126 2047 1237 2079 ὅπλοις
1277 2046 1447 2084 δυνήσεται
1486 2046 1574 2085 vulg.

249 2103 269 2132 3
291 2092 455 2134 ψεύσωμαι
472 2092 502 2122 Y
516 2091 546 2122 Ο
560 2091 586 2122 Ρ
602 2104 609 2122 :
634 2092 789 2133 ψεύσομαι
808 2092 832 2122 S
847 2091 872 2121 L
889 2091 977 2129 vulg.
1124 2101 1143 2128 4
1168 2089 1380 2132 διαπράξωμαι
1399 2088 1429 2119 Ο
1442 2089 1488 2120 Ρ;
1513 2092 1578 2121 δια-

249 2136 402 2178 πράξομαι
421 2136 444 2167 S
458 2136 484 2166 L
502 2135 590 2174 vulg.
818 2145 854 2172 14
880 2137 1061 2175 ἐπαγωγαῖς
1080 2133 1104 2164 S
1117 2133 1143 2163 L
1161 2134 1249 2172 vulg.
1266 2145 1273 2164 z
1305 2135 1490 2174 ὑπαγωγαΐς
1506 2132 1538 2162 Α
1551 2132 1577 2162 Ρ

251 2181 378 2221 εὕροντο
397 2180 420 2211 S
435 2180 460 2210 L
476 2181 584 2218 vulg.:
610 2180 719 2221 εὕρετο
736 2178 767 2208 Α
858 2179 897 2208 16
921 2177 1019 2217 ὅμως]
1037 2177 1136 2217 ὁμόσε
1153 2176 1184 2206 Α
1198 2176 1223 2207 P
1239 2187 1324 2208 corr.
1418 2186 1454 2215 17
1480 2176 1578 2208 πάλιν

250 2234 315 2255 om.
336 2223 370 2254 S*
538 2233 577 2261 19
602 2222 786 2263 ἀγαγόντας
803 2222 898 2251 codd.
918 2233 925 2251 τ
949 2221 1059 2262 ἄγοντ’
1080 2220 1214 2251 Dobree
1333 2219 1469 2257 δύνησθε
1485 2219 1516 2249 Α
1529 2219 1578 2250 P:

251 2267 425 2305 δυνήσεσθε
444 2266 468 2297 S
481 2266 506 2296 L
518 2265 548 2305 Q
561 2266 590 2296 Y
603 2265 633 2296 Ο
653 2265 705 2305 (cs.
724 2265 756 2294 vi
772 2265 807 2303 6)
824 2275 831 2294 Ξ
855 2264 1034 2302 δυνήσησθε
1051 2264 1090 2295 al.
1251 2273 1294 2293 20
1316 2262 1492 2304 πράξαντες
1508 2261 1540 2292 Α
1551 2262 1578 2292 Ρ

251 2320 291 2340 22
315 2311 551 2342 κατακωλυθεὶς
569 2309 593 2339 S
607 2309 710 2347 vulg.:
735 2307 960 2344 κατεκωλύθην
979 2307 1045 2346 FQ
1061 2319 1068 2337 :
1094 2306 1257 2345 ἐκωλύθην
1275 2306 1312 2336 L¹
1326 2306 1351 2336 P
1442 2315 1483 2344 23
1508 2307 1577 2337 ἑαυ-

251 2355 324 2386 τοὺς
342 2364 404 2385 om.
425 2353 461 2384 S·
480 2353 569 2393 (add.
589 2356 657 2382 ant.
677 2361 718 2383 m.
738 2352 772 2381 in
790 2351 858 2381 fine
875 2350 1001 2380 lineae&
1021 2350 1050 2380 Y
1063 2350 1092 2380 O
1107 2350 1142 2381 P*
1283 2360 1323 2387 24
1349 2351 1491 2381 ἐνδοῦναι
1510 2348 1578 2379 LA

252 2397 279 2427 B
294 2397 319 2426 P
334 2408 340 2427 :
366 2398 508 2428 ἐκδοῦναι
527 2395 550 2425 S
568 2395 655 2433 vulg.
