1763 2828
131 148 240 203 [253]

128 408 241 464 [254]

197 1011 241 1046 86

699 145 1180 185 ΔΗΜΟΣΘΕΝΟΎΣ
1478 149 1599 196 [xv111

272 247 335 284 τὸν
373 246 561 294 στέφανον
599 248 636 283 ἐν
673 247 722 296 τῷ
769 244 918 295 θεάτρῳ,
958 244 1179 289 Διονυσίοις,
1217 243 1416 296 τραγῳδοῖς
1455 246 1600 290 καινοῖς,

271 302 336 350 τῆς
377 300 415 338 δὲ
457 301 731 352 ἀναγορεύσεως
769 301 834 337 τοῦ
873 298 1062 346 στεφάνου
1105 298 1372 349 ἐπιμεληθῆναι
1409 298 1476 347 τὴν
1513 316 1603 349 πρυ-

271 355 497 393 τανεύουσαν
534 355 659 403 φυλὴν
699 354 757 392 καὶ
794 354 858 392 τὸν
897 352 1138 404 ἀγωνοθέτην.
1211 352 1309 391 εἶπεν
1351 353 1604 403 Ἀριστόνικος

272 408 496 462 Φρεάρριος.]

334 532 481 574 ’Έστιν
523 533 590 573 οὖν
627 533 737 574 ὅστις
777 533 884 583 ὑμῶν
923 530 1006 572 οἶδε’
1047 530 1119 572 τιν’
1158 531 1354 584 αἰσχύνην
1393 536 1443 589 τῇ
1483 531 1638 580 πόλει5

273 603 490 652 συμβᾶσαν
522 600 584 639 διὰ
616 602 731 639 τοῦτο
764 598 808 639 τὸ
833 597 1031 651 ψήφισμα
1063 594 1085 648 ἢ
1120 597 1353 651 χλευασμὸν
1378 594 1402 648 ἢ
1427 597 1597 650 γέλωτα,

272 668 297 708 ἃ
329 671 398 708 νῦν
430 667 542 708 οὗτος
574 665 651 717 ἔφη
691 665 989 717 συμβήσεσθαι,
1027 664 1075 705 ἂν
1108 665 1186 717 ἐγὼ
1220 668 1498 717 στεφανῶμαι,·
1538 666 1599 706 καὶ

271 734 348 785 μὴν
384 735 479 773 ὅταν
513 731 538 789 ᾗ
571 731 641 772 νέα
677 733 740 773 καὶ
775 733 950 785 γνώριμα
985 735 1085 772 πᾶσι
1118 733 1166 772 τὰ
1198 730 1420 783 πράγματα,
1456 731 1525 773 ἐάν
1556 749 1599 773 τε

273 804 401 842 καλῶς
433 800 519 856 ἔχῃ,
547 798 708 852 χάριτος
740 798 940 852 τυγχάνει,
971 799 1040 839 ἐάν
1074 798 1107 839 θ’
1133 798 1183 840 ὡς
1217 797 1371 850 ἑτέρως,
1398 800 1597 851 τιμωρίας.

272 869 465 920 φαίνομαι
511 866 642 906 τοίνυν
691 866 768 918 ἐγὼ
816 865 979 919 χάριτος
1029 866 1252 919 τετυχηκὼς
1297 866 1400 912 τότε,
1445 866 1508 906 καὶ
1555 867 1600 908 οὐ
1624 881 1663 904 10

270 933 460 986 μέμψεως
485 933 573 974 οὐδὲ
597 934 794 985 τιμωρίας.

338 999 491 1041 Οὐκοῦν
528 999 647 1053 μέχρι
682 1001 755 1051 μὲν
790 1003 868 1040 τῶν
907 1000 1063 1053 χρόνων
1102 999 1276 1046 ἐκείνων,
1318 999 1362 1040 ἐν
1398 999 1456 1041 οἷς
1493 999 1601 1040 ταῦτ’

271 1066 464 1121 ἐπράχθη,
508 1066 623 1109 πάντ’
670 1067 983 1120 ἀνωμολόγημαι
1029 1067 1077 1106 τὰ
1125 1066 1271 1118 ἄριστα
1318 1064 1505 1119 πράττειν
1551 1073 1601 1125 τῇ

269 1135 399 1182 πόλει,
431 1138 483 1190 τῷ
514 1136 637 1180 νικᾶν,
670 1133 727 1173 ὅτ’
758 1134 1042 1185 ἐβουλεύεσθε,
1073 1132 1205 1186 λέγων
1238 1132 1301 1173 καὶ
1333 1132 1514 1187 γράφων,
1545 1137 1599 1189 τῷ

271 1204 597 1255 καταπραχθῆναι
629 1203 678 1241 τὰ
710 1200 930 1254 γραφέντα,
961 1201 1023 1241 καὶ
1058 1199 1283 1253 στεφάνους
1317 1199 1363 1251 ἐξ
1393 1199 1520 1242 αὐτῶν
1552 1207 1600 1258 τῇ
1623 1215 1660 1248 15

269 1270 386 1310 πόλει
418 1269 481 1309 καὶ
514 1269 600 1320 ἐμοὶ
635 1268 697 1308 καὶ
730 1270 852 1309 πᾶσιν
889 1267 1090 1321 γενέσθαι,
1121 1271 1174 1322 τῷ
1208 1268 1348 1309 θυσίας
1380 1271 1463 1310 τοῖς
1495 1270 1600 1310 θεοῖς

271 1337 333 1377 καὶ
358 1336 580 1388 προσόδους
606 1336 657 1377 ὡς
683 1336 842 1388 ἀγαθῶν
869 1335 1017 1376 τούτων
1043 1336 1169 1375 ὄντων
1194 1335 1294 1385 ὑμᾶς
1318 1336 1574 1385 πεποιῆσθαι.

336 1402 498 1453 Ἐπειδὴ
534 1403 664 1443 τοίνυν
699 1403 742 1443 ἐκ
778 1404 847 1453 τῆς
881 1402 1058 1453 Εὐβοίας
1095 1402 1115 1441 ὁ
1153 1401 1355 1443 Φίλιππος
1390 1401 1460 1453 ὑφ’
1491 1402 1598 1452 ὑμῶν

269 1469 443 1521 ἐξηλάθη
477 1474 559 1512 τοῖς
588 1466 686 1521 [μὲν]
712 1469 863 1515 ὅπλοις,
891 1469 938 1525 τῇ
974 1470 1015 1509 δὲ
1051 1470 1231 1522 πολιτεία
1265 1468 1327 1509 καὶ
1359 1472 1440 1511 τοῖς
1464 1470 1596 1521 ψηφί-

271 1553 410 1588 σμασι,
434 1536 505 1577 κᾶν
530 1537 775 1589 διαρραγῶσί
798 1552 900 1577 τινες
924 1536 1086 1581 τούτων,
1115 1534 1180 1576 ὑπ’
1207 1536 1315 1586 ἐμοῦ,
1342 1536 1475 1588 ἕτερον
1501 1537 1598 1576 κατὰ
1620 1549 1659 1571 20

269 1606 337 1654 τῆς
363 1604 517 1645 πόλεως
542 1602 816 1656 ἐπιτειχισμὸν
843 1601 981 1653 ἐζήτει.
1045 1602 1145 1654 ὁρῶν
1170 1601 1202 1641 δ’
1229 1602 1289 1642 ὅτι
1315 1604 1413 1657 σίτῳ
1439 1601 1599 1643 πάντων

269 1670 486 1722 ἀνθρώπων
528 1671 705 1724 πλείστῳ
747 1668 919 1723 χρώμεθ’
966 1668 1201 1724 ἐπεισάκτῳ,
1243 1670 1492 1720 βουλόμενος
1529 1671 1598 1719 τῆς

271 1738 536 1788 σιτοπομπίας
562 1737 690 1788 κύριος
716 1736 915 1789 γενέσθαι,
946 1738 1156 1789 παρελθὼν
1183 1737 1246 1777 ἐπὶ
1268 1734 1429 1791 Θρᾴκης
1450 1736 1595 1786 Βυζαν-

270 1804 374 1846 τίους
411 1803 642 1856 συμμάχους
678 1805 794 1845 ὄντας
831 1804 932 1858 αὑτῷ
970 1803 1014 1843 τὸ
1049 1805 1121 1854 μὲν
1159 1807 1313 1855 πρῶτον
1350 1802 1461 1854 ἠξίου
1497 1819 1596 1855 συμ·

271 1874 462 1922 πολεμεῖν
497 1869 565 1911 τὸν
601 1870 698 1923 πρὸς
733 1871 832 1921 ὑμᾶς
866 1871 1055 1921 πόλεμον,
1088 1870 1138 1912 ὡς
1171 1869 1203 1909 δ’
1234 1870 1304 1910 οὐκ
1336 1870 1483 1921 ἤθελον
1515 1869 1597 1911 οὐδ’
1620 1883 1658 1915 25

271 1937 336 1978 ἐπὶ
371 1938 522 1980 τούτοις
558 1938 717 1991 ἔφασαν
750 1937 821 1988 τὴν
859 1938 1088 1991 συμμαχίαν
1122 1939 1376 1988 πεποιῆσθαι,
1411 1936 1598 1990 λέγοντες

271 2005 412 2056 ἀληθῆ,
444 2004 599 2059 χάρακα
631 2005 859 2055 βαλόμενος
895 2004 992 2056 πρὸς
1026 2005 1072 2060 τῇ
1106 2005 1222 2045 πόλει
1255 2004 1318 2045 καὶ
1349 2002 1599 2058 μηχανήματ’

317 2124 331 2145 Ι
358 2114 536 2147 Διονυσίοις
561 2124 626 2145 orn.
645 2112 806 2144 SLFB:
832 2113 905 2144 add.
927 2112 1019 2152 vulg.
1176 2123 1214 2152 13
1239 2112 1332 2145 πάντ’
1349 2111 1600 2153 ἀνωμολόγημαι

270 2158 536 2189 Westermann:
571 2157 693 2190 πάντας
722 2156 971 2197 ἀνωμολόγημαι
1000 2156 1024 2187 S
1052 2157 1168 2188 solus:
1203 2156 1324 2189 πάντας
1350 2155 1599 2197 ἀνωμολόγημαι

269 2202 343 2234 τοὺς
367 2201 502 2243 χρόνους
530 2201 556 2230 L
580 2201 691 2240 Vulg.:
728 2199 853 2232 πάντως
879 2200 1127 2242 ἀνωμολόγημαι
1154 2200 1288 2231 Dobree
1456 2199 1496 2230 16
1528 2201 1601 2239 ὑμῖν

270 2250 348 2284 post
370 2248 469 2277 πᾶσιν
491 2245 564 2275 add.
593 2245 706 2283 vulg:
732 2253 796 2275 om.
819 2242 890 2274 SL¹
1066 2245 1105 2273 18
1129 2245 1181 2284 ὑφ’
1201 2244 1268 2284 (ἀφ’
1288 2243 1332 2283 L)
1351 2245 1435 2282 ὑμῶν
1460 2242 1600 2283 ἐξηλάθη

270 2291 337 2321 τοῖς
353 2288 413 2327 μὲν
431 2289 542 2320 ὅπλοις
561 2286 596 2317 S¹
612 2287 638 2317 L
655 2298 661 2317 ε
684 2286 745 2327 μὲν
761 2286 838 2317 secl.
859 2286 971 2317 Weil:
1000 2287 1052 2327 ὑφ’
1071 2289 1156 2326 ὑμῶν
1171 2286 1230 2327 μὲν
1249 2286 1386 2327 ἐξηλάθη
1401 2288 1469 2318 τοῖς
1487 2287 1599 2318 ὅπλοις

272 2331 319 2363 Y:
356 2331 494 2372 ἐξηλάθη
522 2333 590 2363 τοῖς
620 2330 680 2370 μὲν
712 2331 822 2362 ὅπλοις
851 2329 902 2370 ὑφ’
932 2332 1016 2368 ὑμῶν
1043 2330 1150 2360 AFB
1179 2329 1291 2368 vulg.;
1327 2330 1402 2359 sort.
1431 2328 1483 2370 ὑφ’
1514 2330 1599 2368 ὑμῶν

272 2375 409 2414 ἐξηλάθη
438 2374 571 2404 secluso
600 2376 668 2405 τοῖς
694 2373 754 2413 μὲν
781 2374 893 2404 ὅπλοις
1070 2383 1109 2411 27
1146 2373 1271 2414 χάρακα
1300 2372 1376 2403 SL¹
1407 2372 1598 2412 Harpocr.:

271 2417 445 2459 χαράκωμα
472 2417 494 2447 S
516 2431 566 2457 γρ.
586 2416 640 2447 A:
671 2418 889 2458 χαρακώματα
915 2415 991 2446 L²F
