1763 2828
122 132 237 187 [230]

198 512 239 548 16

196 990 234 1023 Ι7

194 1514 234 1547 18

129 1708 232 1763 [231]

193 2192 233 2227 19

695 131 1180 171 ΔΗΜΟΣΘΕΝΟΎΣ
1476 129 1598 183 [xv111

269 237 473 292 ἐλέγχους,
501 238 705 280 τοσούτοις
738 239 907 289 ὕστερον
941 236 1099 289 χρόνοις
1128 237 1255 279 αἰτίας
1287 237 1349 278 καὶ
1379 238 1598 289 σκώμματα

270 306 332 346 καὶ
356 307 554 358 λοιδορίας
580 304 844 359 συμφορήσας
870 304 1132 355 ὑποκρίνεται·
1173 303 1257 344 εἶτα
1288 310 1496 358 κατηγορεῖ
1524 309 1597 358 μὲν

269 374 375 424 ἐμοῦ,
405 374 526 425 κρίνει
550 375 592 414 δὲ
616 373 782 418 τουτονί,
812 371 874 411 καὶ
899 374 967 411 τοῦ
998 373 1070 422 μὲν
1102 371 1256 424 ἀγῶνος
1280 372 1376 412 ὅλου
1404 371 1476 422 τὴν
1501 373 1597 425 πρὸς

270 439 328 491 ἔμ’
362 440 509 493 ἔχθραν
543 439 791 492 προΐσταται,
827 438 995 489 οὐδαμοῦ
1027 437 1061 478 δ’
1090 438 1153 478 ἐπὶ
1187 438 1333 489 ταύτην
1366 439 1598 490 ἀπηντηκὼς

271 507 355 558 ἐμοὶ
371 507 442 557 τὴν
461 506 594 559 ἑτέρου
612 508 734 557 ζητῶν
755 506 953 556 ἐπιτιμίαν
971 504 1198 557 ἀφελέσθαι
1216 506 1411 557 φαίνεται.
1473 508 1599 548 καίτοι
1618 527 1635 558 5

270 573 364 626 πρὸς
390 573 552 620 ἅπασιν,
580 572 609 613 ὦ
634 573 772 625 ἄνδρες
796 573 1009 622 Ἀθηναῖοι,
1039 576 1121 614 τοῖς
1149 572 1289 614 ἄλλοις
1314 573 1372 614 οἷς
1396 571 1444 613 ἂν
1474 574 1598 615 εἰπεῖν

269 658 325 683 τις
350 642 446 692 ὑπὲρ
468 643 756 693 Κτησιφῶντος
783 640 881 693 ἔχοι,
911 639 973 679 καὶ
998 638 1100 679 τοῦτ’
1124 639 1258 691 ἔμοιγε
1284 642 1394 680 δοκεῖ
1417 640 1480 680 καὶ
1503 640 1598 691 μάλ’

269 708 428 750 εἰκότως
453 707 501 747 ἂν
526 707 674 759 λέγειν,
702 708 762 748 ὅτι
787 709 854 757 τῆς
881 705 1071 758 ἡμετέρας
1102 706 1245 759 ἔχθρας
1273 707 1373 757 ἡμᾶς
1398 706 1463 758 ἐφ’
1488 707 1598 758 ἡμῶν

269 775 394 815 αὐτῶν
419 774 568 815 δίκαιον
595 773 641 824 ἧν
666 774 734 815 τὸν
761 773 981 824 ἐξετασμὸν
1014 776 1227 819 ποιεῖσθαι,
1255 774 1299 814 οὐ
1329 773 1374 813 τὸ
1403 775 1475 824 μὲν
1501 774 1598 826 πρὸς

269 840 470 891 ἀλλήλους
503 841 768 893 ἀγωνίζεσθαι
798 841 1070 892 παραλείπειν,
1103 839 1219 894 ἑτέρῳ
1250 840 1283 879 δ’
1309 841 1385 895 ὅτῳ
1417 842 1537 882 κακόν
1561 859 1598 882 τι

268 908 449 959 δώσομεν
477 909 616 959 ζητεῖν·
654 907 861 960 ὑπερβολὴ
890 908 964 960 γὰρ
991 907 1143 948 ἀδικίας
1169 908 1284 946 τοῦτό
1309 924 1366 959 γε.

335 974 475 1016 Πάντα
498 977 571 1026 μὲν
594 976 726 1015 τοίνυν
751 977 799 1015 τὰ
825 973 1107 1026 κατηγορημέν’
1135 975 1277 1024 ὁμοίως
1304 975 1346 1014 ἐκ
1371 974 1517 1016 τούτων
1550 975 1598 1016 ἄν

266 1059 325 1084 τις
350 1043 438 1088 ἴδοι,
467 1042 555 1083 οὔτε
585 1042 743 1084 δικαίως
777 1041 856 1082 οὔτ’
882 1040 942 1081 ἐπ’
968 1041 1156 1091 ἀληθείας
1188 1040 1368 1092 οὐδεμιᾶς
1400 1041 1596 1093 εἰρημένα·

266 1109 466 1160 βούλομαι
508 1111 549 1150 δὲ
593 1110 655 1150 καὶ
699 1109 783 1149 καθ’
829 1109 871 1149 ἓν
913 1108 1083 1149 ἕκαστον
1127 1107 1254 1148 αὐτῶν
1297 1106 1492 1158 ἐξετάσαι,
1536 1108 1598 1149 καὶ

265 1175 431 1227 μάλισθ’
462 1175 524 1216 ὅσ’
550 1177 646 1229 ὑπὲρ
677 1179 745 1226 τῆς
777 1174 929 1227 εἰρήνης
959 1175 1021 1215 καὶ
1053 1177 1121 1225 τῆς
1152 1176 1372 1226 πρεσβείας
1403 1176 1595 1228 κατεψεύ-

267 1243 369 1283 σατό
391 1260 477 1295 μου,
499 1245 548 1283 τὰ
573 1242 816 1296 πεπραγμέν’
840 1245 961 1297 ἑαυτῷ
987 1243 1084 1293 μετὰ
1104 1241 1375 1294 Φιλοκράτους
1402 1243 1598 1284 ἀνατιθεὶς

266 1311 364 1361 ἐμοί.
426 1311 513 1351 ἔστι
538 1310 570 1351 δ’
597 1311 824 1362 ἀναγκαῖον,
850 1307 879 1348 ὦ
899 1309 1037 1361 ἄνδρες
1063 1308 1278 1360 Ἀθηναῖοι,
1307 1309 1370 1350 καὶ
1394 1311 1596 1361 προσῆκον

267 1379 375 1423 ἴσως,
418 1377 469 1420 ὡς
512 1376 595 1418 κατ’
636 1378 807 1419 ἐκείνους
851 1377 940 1418 τοὺς
982 1377 1147 1430 χρόνους
1187 1376 1270 1430 εἶχε
1311 1378 1360 1416 τὰ
1401 1375 1596 1429 πράγματ’

266 1445 502 1495 ἀναμνῆσαι,
525 1445 589 1485 ἵνα
612 1444 708 1496 πρὸς
733 1444 802 1484 τὸν
829 1442 1059 1496 ὑπάρχοντα
1084 1443 1217 1495 καιρὸν
1238 1444 1384 1484 ἕκαστα
1411 1446 1594 1496 θεωρῆτε.

1319 1509 1329 1523 θ
1356 1511 1366 1525 7
1409 1509 1418 1524 Ι

331 1514 413 1551 Τοῦ
437 1513 513 1563 γὰρ
538 1514 719 1551 Φωκικοῦ
745 1509 969 1552 συστάντος
994 1510 1183 1561 πολέμου,
1212 1510 1256 1550 οὐ
1281 1513 1316 1550 δι
1350 1528 1416 1561 εμε
1434 1509 1496 1561 (οὗ
1520 1513 1595 1563 γὰρ
1619 1529 1631 1550 2

265 1577 380 1630 ἔγωγ’
412 1579 698 1628 ἐπολιτευόμην
728 1595 788 1617 πω
820 1575 933 1628 τότε),
962 1581 1116 1630 πρῶτον
1148 1579 1220 1628 μὲν
1250 1578 1358 1628 ὑμεῖς
1386 1579 1486 1618 οὕτω
1517 1577 1593 1618 διέ-

266 1647 399 1686 κεισθε
435 1646 539 1685 ὥστε
574 1644 738 1686 Φωκέας
774 1647 847 1695 μὲν
886 1644 1112 1695 βούλεσθαι
1148 1646 1337 1694 σωθῆναι,
1377 1645 1514 1696 καίπερ
1551 1644 1596 1685 οὐ

265 1714 395 1753 δίκαια
419 1714 626 1754 ποιοῦντας
652 1712 829 1763 ὁρῶντες,
858 1712 1058 1762 Θηβαίοις
1083 1710 1116 1751 δ’
1142 1712 1270 1752 ὁτιοῦν
1296 1710 1344 1751 ἂν
1369 1713 1596 1763 ἐφησθῆναι

266 1782 474 1825 παθοῦσιν,
501 1778 570 1819 οὐκ
603 1779 760 1831 ἀλόγως
795 1778 874 1818 οὐδ’
908 1779 1050 1819 ἀδίκως
1084 1778 1214 1819 αὐτοῖς
1242 1778 1498 1830 ὀργιζόμενοι·
1535 1779 1595 1820 οἶς

265 1848 339 1898 γὰρ
358 1844 632 1899 ηὐτυχήκεσαν
651 1846 694 1886 ἐν
714 1845 927 1897 Λεύκτροις
947 1845 991 1885 οὐ
1016 1846 1182 1897 μετρίως
1207 1844 1433 1898 ἐκέχρηντο·
1473 1844 1594 1886 ἔπειθ’

264 1913 286 1963 ἡ
313 1913 627 1963 Πελοπόννησος
663 1911 801 1953 ἅπασα
840 1911 1066 1962 διειστήκει,
1104 1912 1165 1951 καὶ
1199 1911 1281 1951 οὔθ’
1314 1913 1350 1952 οἱ
1386 1915 1595 1962 μισοῦντες

264 1980 595 2030 Λακεδαιμονίους
629 1979 751 2021 οὕτως
786 1981 929 2034 ἴσχυον
962 1979 1057 2018 ὥστ’
1085 1980 1241 2019 ἀνελεῖν
1273 1978 1424 2024 αὐτούς,
1451 1978 1533 2019 οὔθ’
1557 1980 1594 2019 οἱ

264 2047 454 2098 πρότερον
490 2045 538 2086 δι’
575 2047 733 2087 ἐκείνων
774 2047 964 2100 ἄρχοντες
1002 2046 1125 2098 κύριοι
1159 2048 1238 2085 τῶν
1278 2045 1436 2086 πόλεων
1474 2044 1591 2095 ἦσαν,

264 2112 370 2154 ἀλλά
395 2130 453 2155 τις
478 2111 525 2163 ἦν
550 2112 706 2165 ἄκριτος
733 2115 795 2155 καὶ
822 2116 928 2166 παρὰ
953 2114 1104 2155 τούτοις
1132 2113 1194 2153 καὶ
1219 2113 1324 2165 παρὰ
1347 2116 1429 2153 τοῖς
1453 2111 1594 2154 ἄλλοις

264 2179 412 2221 ἅπασιν
447 2180 526 2232 ἔρις
561 2180 624 2221 καὶ
659 2180 825 2234 ταραχή.
896 2184 1018 2220 ταῦτα
1050 2179 1082 2219 δ’
1117 2180 1217 2232 ὁρῶν
1251 2179 1271 2218 ὁ
1305 2179 1506 2220 Φίλιππος
1531 2177 1595 2229 (οὐ
1618 2196 1630 2207 0

305 2293 326 2322 6
348 2294 415 2324 τοῖς
441 2291 554 2324 ἄλλοις
572 2313 579 2321 .
599 2313 606 2321 .
628 2313 635 2320 .
655 2292 726 2333 ἔχοι
752 2292 775 2322 S
791 2290 848 2321 Ll:
882 2293 949 2323 τοῖς
975 2291 1088 2322 ἄλλοις
1107 2314 1113 2320 .
1132 2313 1138 2320 .
1159 2313 1167 2320 .
1190 2289 1261 2329 ἔχοι
1286 2289 1416 2320 δικαίοις
1441 2287 1471 2317 Α
1489 2299 1495 2317 2
1526 2290 1593 2320 τοῖς

263 2337 374 2368 ἄλλοις
393 2335 523 2367 δικαίοις
541 2358 547 2364 .
565 2358 572 2365 .
594 2357 600 2364 .
623 2334 694 2375 ἔχοι
712 2335 737 2366 F
918 2345 954 2372 14
981 2334 1014 2365 ἓν
1031 2333 1170 2365 ἕκαστον
1188 2332 1278 2369 vulg.
1295 2343 1299 2360 ί
1327 2332 1466 2363 ἕκαστον
1480 2331 1511 2360 A
1529 2342 1534 2360 :
1561 2333 1594 2363 ἐν

263 2379 375 2412 ἕκαστ’
394 2380 417 2410 S
434 2390 441 2409 t
466 2377 577 2409 ἕκαστ’
596 2376 693 2410 Blass
840 2388 878 2417 19
904 2379 980 2416 ὑμᾶς
998 2382 1074 2416 post
1093 2378 1271 2415 ἀναμνῆσαι
1289 2376 1364 2406 add.
1386 2375 1476 2413 vulg.
1493 2385 1500 2405 ε
1526 2383 1590 2406 om.

263 2423 340 2455 SL¹

1622 859 1660 882 10

1621 1192 1657 1225 15
