1747 2844
204 120 292 174 xxv]
496 127 639 163 ΠΕΡΙ
687 126 815 162 ΤΩΝ
865 126 1245 163 ΣὙΜΜΟΡΙΩΝ
1372 99 1383 108 ⁴
1558 125 1663 181 [184]

203 230 350 270 τούτων
376 230 527 285 ἑκάστῳ
554 234 787 283 προσνεῖμαι
805 234 883 270 τῶν
906 230 1048 275 τόπων,
1073 229 1142 270 εἶτ’
1160 230 1431 281 ἐπικληρῶσαι
1456 232 1524 272 τὰς

203 297 345 349 φυλάς·
389 297 456 337 τὸν
493 299 534 337 δὲ
570 296 784 350 ταξίαρχον
821 297 1002 342 ἕκαστον,
1038 295 1081 336 ὃν
1118 296 1166 335 ἂν
1197 296 1221 346 ἡ
1256 296 1363 347 φυλὴ
1401 298 1523 336 τόπον
1555 312 1598 346 23

202 363 320 420 λάχῃ,
343 367 487 404 διελεῖν
506 365 622 417 τρίχα
647 364 709 404 καὶ
733 365 802 405 τὰς
820 367 911 405 ναῦς
937 362 1137 409 ὡσαύτως,
1159 361 1228 403 εἶτ’
1254 363 1524 414 ἐπικληρῶσαι

201 432 269 472 τὰς
288 434 450 483 τριττῦς,
471 431 577 473 ὅπως
601 430 649 471 ἂν
668 434 745 470 τῶν
768 432 839 480 μὲν
859 430 966 470 ὅλων
983 430 1153 481 νεωρίων
1180 428 1221 469 ἓν
1241 428 1389 485 ἑκάστῃ
1407 428 1524 482 μέρος

165 495 225 553 5ᾗ
260 501 336 538 τῶν
370 501 520 549 φυλῶν,
555 499 623 537 τοῦ
658 499 699 537 δὲ
734 495 874 547 μέρους
907 495 1077 536 ἑκάστου
1109 495 1153 535 τὸ
1186 496 1317 548 τρίτον
1352 495 1468 548 μέρος
1501 497 1523 547 ἡ

201 564 352 616 τριττὺς
385 565 471 620 ἔχῃ,
499 565 627 613 εἰδῆτε
659 562 704 610 δ’,
732 562 780 603 ἄν
809 579 846 603 τι
876 561 956 618 δέῃ,
982 566 1136 615 πρῶτον
1169 564 1241 613 μὲν
1274 562 1346 613 τὴν
1376 561 1521 615 φυλήν,

201 631 298 671 ὅπου
322 629 516 677 τέτακται,
542 631 640 681 μετὰ
665 633 785 669 ταῦτα
815 631 857 670 δὲ
886 628 957 679 τὴν
987 629 1153 681 τριττύν,
1181 629 1265 669 εἶτα
1293 628 1524 682 τριήραρχοι

200 697 303 739 τίνες
337 697 397 737 καὶ
429 695 597 749 τριήρεις
630 693 765 747 ποῖαι[,
802 697 863 736 καὶ
894 695 1102 747 τριάκοντα
1132 697 1204 747 μὲν
1229 696 1252 747 ἡ
1279 695 1399 748 φυλή,
1432 695 1525 736 δέκα

175 763 233 803 ,δ’
261 763 283 814 ἡ
314 763 466 815 τριττὺς
499 762 644 814 ἑκάστη
679 761 847 815 τριήρεις
881 760 979 818 ἕχῃ].
1053 764 1120 803 ἐὰν
1154 764 1229 815 γὰρ
1262 762 1370 802 ταῦθ’
1403 763 1525 805 οὕτως

144 847 182 870 ιο
200 831 254 872 εἰς
283 829 373 870 ὁδὸν
404 835 592 886 καταστῇ,
620 831 658 870 εἴ
687 846 723 870 τι
757 829 820 869 καὶ
853 829 1151 880 παραλείπομεν
1183 832 1251 869 νῦν
1273 828 1417 880 (πάντα
1448 831 1524 882 γὰρ

198 897 295 938 ἴσως
326 897 451 948 εὑρεῖν
480 896 524 936 οὐ
557 894 714 950 ῥᾴδιον),
741 895 836 936 αὐτὸ
861 895 905 935 τὸ
931 894 1077 947 πρᾶγμ’
1104 897 1226 950 ἑαυτῷ
1262 895 1432 947 εὑρήσει,
1461 897 1523 936 καὶ

197 963 268 1014 μία
292 961 476 1013 σύνταξις
503 963 565 1003 καὶ
589 967 730 1002 πασῶν
755 966 831 1002 τῶν
857 965 955 1003 νεῶν
981 962 1044 1002 καὶ
1067 961 1208 1014 μέρους
1234 962 1358 1002 ἔσται.

265 1028 386 1080 ’Ὑπὲρ
410 1031 451 1069 δὲ
480 1027 694 1082 χρημάτων
721 1028 782 1069 καὶ
807 1029 929 1080 πόρου
955 1031 1130 1080 φανεροῦ
1163 1028 1268 1070 τινὸς
1297 1028 1368 1079 ἤδη
1396 1028 1520 1080 παρά-
1553 1040 1599 1075 24

199 1094 316 1145 δοξον
341 1097 412 1146 μὲν
437 1095 523 1135 οἶδα
546 1095 670 1147 λόγον
694 1094 739 1136 ὃν
771 1094 906 1146 μέλλω
939 1093 1087 1147 λέγειν,
1114 1095 1218 1146 ὅμως
1251 1094 1283 1135 δ’
1309 1094 1521 1147 εἰρήσεται·

144 1178 180 1210 15
201 1162 372 1202 πιστεύω
406 1161 491 1214 γάρ,
524 1160 592 1201 ε’άν
624 1178 682 1203 τις
714 1162 838 1214 ὀρθῶς
872 1167 1016 1218 σκοπῇ,
1043 1162 1162 1213 μόνος
1194 1163 1345 1212 τάληθῆ
1380 1162 1441 1202 καὶ
1474 1164 1523 1202 τὰ

200 1227 434 1280 γενησόμεν’
455 1228 614 1280 εἰρηκὼς
639 1231 868 1279 φανεῖσθαι.
932 1228 1008 1281 ἐγώ
1030 1233 1131 1281 φημι
1149 1230 1292 1282 χρῆναι
1316 1228 1369 1279 μὴ
1389 1228 1523 1281 λέγειν

200 1295 283 1335 νυνὶ
313 1295 400 1346 περὶ
431 1293 656 1348 χρημάτων·
695 1294 794 1336 εἶναι
826 1296 901 1348 γὰρ
933 1295 1068 1347 πόρον,
1105 1294 1152 1335 ἂν
1186 1294 1267 1351 δέῃ,
1301 1294 1426 1348 μέγαν
1461 1296 1523 1336 καὶ

200 1360 321 1400 καλὸν
356 1361 418 1401 καὶ
450 1362 611 1408 δίκαιον,
646 1360 691 1402 ὃν
724 1360 772 1402 ἂν
803 1364 876 1412 μὲν
906 1361 978 1412 ἤδη
1015 1362 1200 1412 ζητῶμεν,
1235 1361 1317 1402 οὐδ’
1352 1364 1406 1404 εἰς
1439 1361 1522 1402 τόθ’

197 1426 388 1481 ὑπάρχειν
428 1427 646 1480 ἡγησόμεθ’
687 1428 791 1478 ἡμῖν’
846 1429 946 1469 οὕτω
988 1427 1090 1469 πολὺ
1136 1432 1205 1468 τοῦ
1251 1429 1413 1480 πορίσαι
1455 1432 1523 1469 νῦν

140 1511 179 1532 20
198 1492 500 1548 ἀποσχήσομεν·
549 1495 617 1535 ἐὰν
655 1493 687 1535 δ’
725 1495 862 1545 ἐῶμεν,
902 1495 1028 1535 ἔσται.
1087 1496 1146 1536 τίς
1182 1495 1249 1535 οῦν
1286 1494 1372 1535 ἔσθ’
1411 1495 1523 1537 οὗτος

206 1560 215 1574 R

197 1577 217 1599 ο
253 1564 320 1601 νῦν
354 1563 425 1612 μὲν
462 1561 528 1601 οὐκ
567 1561 632 1608 ὥν,
670 1560 852 1613 ὑπάρξων
889 1561 922 1601 δ’
959 1563 1013 1603 εἰς
1049 1561 1158 1609 τότε,·
1210 1563 1411 1614 αἰνίγματι
1447 1563 1522 1614 γὰρ

1553 1595 1656 1650 [185]

195 1627 331 1678 ὅμοιον
354 1629 470 1668 τοῦτό
493 1645 550 1680 γε.
622 1628 699 1681 ἐγὼ
725 1628 882 1680 φράσω.
943 1629 1057 1680 ὁρᾶτε
1081 1628 1152 1678 τὴν
1178 1628 1308 1674 πόλιν,
1331 1627 1360 1668 ὦ
1386 1628 1522 1681 ἄνδρες
1553 1659 1595 1696 25
1630 1667 1632 1670 ,

196 1693 412 1744 Ἀθηναῖοι,
434 1698 568 1735 πᾶσαν
593 1695 751 1746 ταύτην.
812 1697 853 1735 ἐν
874 1696 994 1751 ταύτῃ
1019 1694 1186 1748 χρήματ’
1207 1695 1364 1736 ἔνεστιν
1383 1696 1522 1748 ὀλίγου

196 1759 269 1801 δέω
303 1761 400 1814 πρὸς
432 1761 590 1804 ἁπάσας
622 1764 690 1804 τὰς
727 1761 854 1804 ἄλλας
888 1763 1012 1803 εἰπεῖν
1044 1762 1192 1804 πόλεις.
1264 1765 1386 1802 ταῦτα
1418 1761 1451 1802 δ’
1486 1763 1522 1802 οἱ

139 1844 176 1876 25
197 1828 425 1879 κεκτημένοι
442 1833 617 1869 τοιοῦτον
643 1828 783 1883 ἔχουσι
808 1832 899 1869 νοῦν
919 1829 1028 1875 ὥστ’,
1051 1830 1085 1870 εἰ
1104 1828 1247 1871 πάντες
1273 1831 1308 1870 οἱ
1333 1828 1521 1881 λέγοντες

196 1898 369 1945 φοβοῖεν
401 1895 450 1938 ὡς
483 1894 566 1946 ἥξει
599 1896 808 1946 βασιλεύς,
845 1896 896 1938 ὡς
929 1895 1133 1948 πάρεστιν,
1167 1896 1218 1937 ὡς
1251 1895 1331 1937 οὐδ’
1363 1896 1446 1936 οἶόν
1478 1913 1521 1935 τε

194 1960 300 2000 ταῦτ’
326 1961 459 2004 ἄλλως
484 1962 603 2016 ἔχειν,
633 1963 694 2003 καὶ
718 1964 817 2014 μετὰ
846 1966 923 2003 τῶν
951 1963 1155 2015 λεγόντων
1184 1964 1266 2003 ἵσοι
1295 1962 1339 2002 τὸ
1368 1964 1520 2012 πλῆθος

237 2081 256 2100 2
280 2071 452 2113 ταξίαρχον
467 2071 490 2103 S
501 2071 531 2102 A
547 2082 554 2102 t
570 2071 763 2113 τριήραρχον
773 2071 863 2111 vulg.
954 2076 1031 2111 post
1049 2071 1188 2104 ἕκαστον
1205 2071 1280 2102 add.
1297 2072 1365 2103 καθ’
1381 2070 1520 2104 ἕκαστον

195 2115 321 2155 νεώριον
335 2116 388 2147 ἵνα
403 2115 461 2146 ὦσι
485 2115 653 2156 συμμορίαι
675 2114 738 2153 δύο,
757 2116 894 2157 τριήρεις
916 2115 1100 2158 τριάκοντα,
1120 2117 1207 2157 φυλὴ
1229 2116 1286 2155 μία
1307 2115 1395 2155 vulg.
1416 2127 1422 2146 :
1451 2126 1515 2147 om.

196 2157 261 2188 SA
363 2160 428 2197 8-9
451 2160 501 2191 καὶ
518 2158 689 2200 τριάκοντα
707 2183 713 2190 .
733 2182 739 2188 .
762 2182 768 2189 .
791 2159 852 2201 ἔχῃ
871 2160 950 2190 secl.
974 2159 1108 2189 Dobree
1216 2169 1255 2189 10
1279 2159 1520 2201 παραλείπομεν

195 2201 222 2231 Β
235 2201 284 2234 O:
310 2202 547 2244 παρελεῖπομεν
565 2202 588 2232 S
604 2213 611 2232 z
635 2201 853 2243 παρελίπομεν
868 2203 957 2241 vulg.
1110 2212 1145 2232 11
1171 2204 1248 2235 ἴσως
1267 2202 1290 2233 S
1303 2202 1334 2232 A
1349 2214 1354 2233 :
1381 2203 1519 2244 ἀκριβῶς

193 2258 257 2277 πως
274 2246 362 2284 vulg.
443 2247 519 2278 αὐτὸ
535 2269 541 2275 .
556 2269 563 2276 .
580 2269 587 2276 .
604 2245 722 2286 ἑαυτῷ]
741 2245 815 2277 sort.
837 2247 901 2278 αὕθ’
920 2248 1020 2287 ἑαυτῷ
1037 2247 1075 2278 τὸ
1093 2246 1210 2288 πρᾶγμ’
1228 2246 1319 2276 Weil
1412 2257 1450 2276 12
1467 2247 1518 2279 καὶ

194 2293 304 2321 πασῶν
318 2312 326 2319 .
348 2313 354 2319 .
374 2314 380 2320 .
397 2289 508 2331 μέρους
525 2289 604 2320 secl.
623 2288 719 2320 BlaSS
843 2300 881 2327 14
906 2289 1007 2330 λόγον
1023 2290 1060 2321 ὒν
1075 2289 1187 2329 μέλλω
1207 2290 1229 2320 S
1248 2290 1337 2329 vulg.
1354 2301 1361 2322 τ
1386 2289 1519 2330 μέλλων

195 2332 296 2372 λόγον
312 2332 343 2362 Y
355 2332 405 2363 O:
431 2332 520 2373 λέγω
535 2332 666 2372 μέλλων
682 2331 714 2363 Α
848 2334 887 2363 16
911 2336 1078 2375 φανεῖσθαι
1097 2333 1120 2363 S
1132 2333 1183 2363 A:
1209 2334 1408 2374 φανήσεσθαι
1427 2334 1516 2372 vulg.

199 2376 237 2405 18
263 2377 306 2407 εἷς
322 2380 400 2406 ante
417 2375 494 2408 τότε
510 2376 586 2406 add.
608 2375 693 2408 SA:
719 2386 782 2406 om.
800 2376 891 2415 vulg.
996 2386 1036 2414 23
1060 2375 1183 2414 ταύτην
1201 2376 1225 2407 S
1241 2387 1249 2407 ι
1273 2378 1406 2415 ταυτηνὶ
1424 2377 1513 2416 vulg.

195 2426 237 2455 25
260 2422 336 2457 post
352 2420 381 2450 οἱ
397 2419 471 2450 add.
493 2421 641 2451 ἐνταυθοῖ
654 2419 741 2458 vulg.
756 2433 762 2451 z
790 2419 915 2452 ἐνταυθὶ
932 2419 963 2450 Α
978 2429 985 2449 :
1011 2429 1075 2451 om.
1097 2419 1120 2449 S
1133 2419 1160 2449 B
1173 2418 1204 2450 O
