1747 2844
172 153 290 208 xvm]
484 161 627 197 ΠΕΡΙ
676 160 796 197 ΤΟΎ
844 158 1180 197 ΣΤΕΦΑΝΟΎ

732 258 930 288 ΨΗΦῙΣΜΑ.

222 320 319 373 [Ἐπὶ
367 322 543 373 ἄρχοντος
587 321 829 364 Εὐθυκλέους,
867 321 1114 369 πυανεψιῶνος
1159 319 1266 369 ἐνάτῃ
1308 318 1490 363 ἀπιόντος,

167 379 291 426 φυλῆς
313 377 610 426 πρυτανευούσης
630 375 796 426 Οἰνῇδος,
818 376 1026 423 Κτησιφῶν
1046 372 1284 412 Λεωσθένους
1302 371 1491 421 Ἀναφλύ-

167 448 271 471 στιος
301 430 408 469 εἶπεν·
449 430 572 478 ἐπειδὴ
601 429 847 478 Δημοσθένης
873 427 1138 477 Δημοσθένους
1167 426 1363 466 Παιανιεὺς
1390 427 1491 478 γενό-

129 498 146 531 5
166 502 275 535 μενος
295 484 518 534 ἐπιμελητὴς
544 486 609 532 τῆς
637 486 708 521 τῶν
730 485 859 533 τειχῶν
883 484 1078 530 ἐπισκευῆς
1107 480 1166 518 καὶ
1193 481 1492 530 προσαναλώσας

167 541 217 580 εἷς
238 540 283 578 τὰ
304 539 392 590 ἔργα
412 539 484 576 ἀπὸ
503 540 568 587 τῆς
588 537 678 578 ἰδίας
698 537 826 577 οὐσίας
849 537 931 586 τρία
950 537 1115 574 τάλαντα
1135 535 1290 573 ἐπέδωκε
1309 537 1422 573 ταῦτα
1441 538 1492 586 τῷ

167 593 282 645 δήμῳ,
304 593 363 631 καὶ
389 592 448 630 ἐπὶ
471 594 536 630 τοῦ
560 591 732 641 θεωρικοῦ
757 590 1000 630 κατασταθεὶς
1025 590 1180 628 ἐπέδωκε
1203 591 1280 630 τοῖς
1300 592 1339 626 ἐκ
1361 592 1492 627 πασῶν

165 651 238 686 τῶν
260 649 390 696 φυλῶν
414 646 559 695 θεωροῖς
586 646 714 683 ἑκατὸν
739 648 832 695 μνᾶς
857 646 907 685 εἷς
933 644 1074 688 θυσίας,
1096 643 1266 694 δεδόχθαι
1293 646 1340 694 τῇ
1365 644 1492 694 βουλῇ

167 701 227 738 καὶ
249 704 298 752 τῷ
323 700 424 751 δήμῳ
449 703 499 750 τῷ
522 699 728 748 Ἀθηναίων
749 699 938 737 ἐπαινέσαι
959 698 1208 748 Δημοσθένην
1227 697 1492 746 Δημοσθένους

108 768 147 790 10
166 755 345 792 Παιανιέα
374 756 504 803 ἀρετῆς
534 754 636 792 ἕνεκα
671 753 729 791 καὶ
764 753 1037 804 καλοκαγαθίας
1070 752 1113 801 ἧς
1143 752 1235 802 ἔχων
1264 751 1424 790 διατελεῖ
1455 754 1492 790 ἐν

164 808 273 846 παντὶ
294 811 403 858 καιρῷ
423 809 472 847 εἷς
490 807 554 846 τὸν
574 807 689 856 δῆμον
708 807 772 845 τὸν
790 806 1006 856 Ἀθηναίων,
1025 806 1084 844 καὶ
1104 809 1345 854 στεφανῶσαι
1364 809 1491 856 χρυσῷ

164 863 350 914 στεφάνῳ,
368 862 427 899 καὶ
447 863 692 913 ἀναγορεῦσαι
710 862 774 900 τὸν
795 862 983 909 στέφανον
1004 864 1041 899 ἐν
1058 864 1110 911 τῷ
1129 860 1266 911 θεάτρῳ
1282 861 1492 899 Διονυσίοις

163 917 363 968 τραγῳδοῖς
384 918 528 956 καινοῖς·
558 918 623 965 τῆς
643 915 681 954 δὲ
703 916 976 967 ἀναγορεύσεως
992 914 1258 965 ἐπιμεληθῆναι
1276 914 1340 952 τὸν
1356 916 1492 965 ἀγωνο-

165 969 298 1022 θέτην.]

107 1081 143 1113 15
231 1064 384 1105 Οὐκοῦν
404 1064 428 1105 ἃ
446 1065 517 1115 μὲν
536 1063 725 1111 ἐπέδωκα,
746 1063 853 1104 ταῦτ’
870 1064 982 1104 ἐστὶν
999 1063 1054 1103 ὧν
1073 1063 1186 1103 οὐδὲν
1206 1061 1256 1103 σὺ
1274 1061 1488 1115 γέγραψαι·

165 1131 188 1171 ἃ
217 1130 260 1171 δέ
288 1136 416 1183 φησιν
446 1130 470 1181 ἡ
500 1129 627 1181 βουλὴ
659 1133 739 1171 δεῖν
766 1130 852 1171 ἀντὶ
881 1130 1030 1170 τούτων
1060 1128 1247 1182 γενέσθαι
1274 1146 1354 1181 μοι,
1385 1128 1490 1169 ταῦτ’

165 1197 249 1238 ἔσθ’
269 1198 292 1237 ἃ
318 1197 479 1238 διώκεις.
550 1196 594 1237 τὸ
618 1201 763 1248 λαβεῖν
790 1197 857 1237 οὖν
882 1198 930 1236 τὰ
955 1195 1124 1247 διδόμεν’
1150 1197 1354 1248 ὁμολογῶν
1379 1195 1488 1236 ἕννο-

163 1281 238 1315 μον
269 1264 379 1310 εἶναι,
412 1263 456 1304 τὸ
485 1262 603 1316 χάριν
635 1263 782 1303 τούτων
816 1264 1030 1303 ἀποδοῦναι
1061 1263 1299 1314 παρανόμων
1328 1261 1488 1314 γράφει.

164 1332 184 1370 ὁ
210 1333 250 1372 δὲ
274 1330 528 1381 παμπόνηρος
557 1329 763 1382 ἄνθρωπος
793 1330 854 1370 καὶ
886 1333 989 1371 θεοῖς
1020 1328 1161 1382 ἐχθρὸς
1195 1329 1256 1369 καὶ
1285 1328 1491 1380 βάσκανος

105 1412 144 1435 20
163 1399 288 1439 ὅντως
312 1397 423 1438 ποῖός
447 1413 506 1438 τις
529 1395 576 1436 ἂν
604 1397 662 1447 εἴη
688 1395 783 1448 πρὸς
808 1398 926 1442 θεῶν;
966 1395 1039 1449 οὐχ
1064 1396 1083 1435 ὁ
1109 1398 1300 1442 τοιοῦτος;

230 1463 305 1503 Καὶ
333 1462 410 1514 μὴν
434 1463 523 1514 περὶ
552 1466 620 1502 τοῦ
649 1461 687 1514 γ’
714 1463 756 1503 ἐν
781 1465 834 1517 τῷ
867 1461 1014 1517 θεάτρῳ
1048 1462 1318 1513 κηρύττεσθαι,
1345 1461 1389 1501 τὸ
1417 1463 1490 1513 μὲν

161 1529 339 1581 μυριάκις
373 1531 531 1581 μυρίους
567 1531 802 1582 κεκηρῦχθαι
838 1529 1070 1581 παραλείπω
1109 1528 1171 1568 καὶ
1210 1528 1255 1568 τὸ
1297 1527 1491 1569 πολλάκις

162 1596 278 1638 αὐτὸς
320 1593 654 1648 [ἐστεφανῶσθαι]
698 1596 902 1648 πρότερον.
974 1595 1080 1635 ἀλλὰ
1122 1594 1219 1647 πρὸς
1255 1597 1356 1635 θεῶν
1392 1595 1491 1635 οὕτω

163 1663 301 1706 σκαιὸς
326 1662 364 1703 εἶ
385 1663 447 1703 καὶ
473 1663 724 1713 ἀναίσθητος,
748 1663 934 1716 Αἰσχίνη,
956 1661 1052 1702 ὥστ’
1073 1661 1117 1702 οὐ
1137 1662 1305 1702 δύνασαι
1323 1662 1488 1713 λογίσα-

103 1744 141 1776 25
163 1732 255 1769 σθαι
281 1731 341 1770 ὅτι
364 1733 416 1783 τῷ
442 1731 514 1780 μὲν
534 1729 841 1784 στεφανουμένῳ
867 1728 936 1769 τὸν
962 1728 1079 1769 αὐτὸν
1103 1728 1188 1782 ἔχει
1215 1727 1333 1778 ζῆλον
1353 1728 1373 1767 ὁ
1398 1726 1489 1768 στέ-

163 1801 300 1848 φανος,
328 1797 426 1836 ὅπου
456 1794 504 1836 ἂν
532 1796 745 1853 ἀναρρηθῇ,
772 1799 841 1836 τοῦ
865 1798 906 1837 δὲ
931 1799 1007 1836 τῶν
1033 1795 1338 1848 στεφανούντων
1363 1795 1492 1835 εἵνεκα

163 1862 436 1914 συμφέροντος
469 1863 511 1902 ἐν
544 1866 597 1917 τῷ
632 1862 779 1917 θεάτρῳ
816 1864 995 1916 γίγνεται
1026 1862 1070 1902 τὸ
1104 1861 1300 1914 κήρυγμα;
1349 1862 1385 1901 οἱ
1417 1862 1491 1913 γὰρ

163 1929 405 1971 ἀκούσαντες
424 1928 594 1971 ἅπαντες
615 1931 669 1971 εἷς
689 1929 733 1970 τὸ
754 1933 882 1971 ποιεῖν
902 1929 943 1970 εῧ
962 1928 1032 1979 τὴν
1051 1929 1171 1969 πόλιν
1190 1927 1489 1980 προτρέπονται,

163 1996 227 2036 καὶ
245 1996 334 2038 τοὺς
354 1996 611 2038 ἀποδιδόντας
630 1995 702 2046 τὴν
718 1995 834 2050 χάριν
851 1999 1008 2048 μᾶλλον
1029 1997 1234 2036 ἐπαινοῦσι
1252 1997 1321 2034 τοῦ
1339 1999 1488 2045 στεφα-

104 2075 144 2106 30
163 2062 362 2113 νουμένου·
401 2063 535 2114 διόπερ
552 2062 622 2103 τὸν
641 2063 761 2114 νόμον
779 2067 917 2105 τοῦτον
934 2063 957 2114 ἡ
978 2063 1094 2104 πόλις
1112 2061 1326 2114 γέγραφεν.
1387 2059 1491 2112 Λέγε

162 2128 194 2168 δ’
219 2130 338 2170 αὐτόν
360 2146 428 2180 μοι
451 2128 520 2169 τὸν
544 2130 664 2179 νόμον
687 2130 841 2181 λαβών.

207 2240 227 2269 8
262 2242 386 2281 θεωροῖς
412 2239 589 2278 Scrimger,
621 2239 661 2270 cf.
687 2239 753 2270 Vit.
782 2240 864 2271 Dec.
891 2239 951 2271 Or.
980 2249 1010 2279 p.
1041 2237 1170 2278 846A:
1209 2238 1367 2278 θεωρικοῖς
1391 2236 1488 2267 codd.

163 2293 184 2321 9
217 2287 262 2323 τῷ
289 2283 463 2321 Ἀθηναίων
491 2282 657 2321 SLFQ:
688 2286 754 2315 τῶν
779 2284 952 2321 Ἀθηναίων
980 2283 1068 2320 vulg.
1253 2290 1287 2310 ΙΙ
1325 2280 1383 2311 τὸν
1410 2284 1489 2310 ante

165 2326 337 2364 Ἀθηναίων
355 2327 398 2357 S:
424 2330 489 2358 τῶν
506 2330 583 2357 cett.
674 2336 715 2364 23
741 2328 982 2366 ἐστεφανῶσθαι
1004 2326 1083 2356 secl.
1105 2324 1289 2354 Kirchhoff
1377 2332 1413 2360 24
1440 2323 1488 2354 δύ-

165 2381 256 2400 νασαι
290 2369 314 2398 S
328 2369 434 2399 [ΑΥ
451 2380 458 2399 t
497 2369 646 2401 δύνασθαι
680 2369 716 2399 F¹
749 2370 841 2408 vulg.
1019 2370 1060 2398 26
1098 2369 1203 2399 εἵνεκα
1235 2366 1258 2396 S
1272 2366 1297 2396 L
1314 2366 1357 2397 F:
1399 2366 1490 2398 ἕνεκα

164 2411 251 2449 vulg.

1522 158 1639 212 [266]

1524 859 1639 913 [267]

1523 1073 1589 1109 119

1524 1473 1590 1499 120
