1747 2844
170 132 256 185 xlx]
394 138 537 175 ΠΕΡΙ
584 139 706 176 ΤΗΣ
754 139 1272 177 ΠΑΡΑΠΡΕΣΒΕΙΑΣ
1522 140 1630 194 [357]

165 240 212 281 ἄν
237 257 331 282 ποτε
355 241 444 283 τοὺς
469 243 633 295 χρόνους
659 244 824 288 ἀνελών,
847 244 888 282 ἐν
914 243 973 283 οἷς
999 242 1200 292 ἐδυνήθητ’
1221 242 1269 282 ἂν
1295 243 1484 293 ἐξελθεῖν,

167 307 362 357 τηνικαῦτ’
393 308 538 349 ἐκάλει·
577 308 655 349 οὐδ’
681 308 729 349 ἂν
762 307 843 359 ἐμέ,
870 308 984 358 ἡνίκα
1017 308 1117 360 δεῦρ’
1144 309 1340 349 ἀποπλεῖν
1370 311 1486 361 ἐβου-

165 374 306 425 λόμην,
329 375 585 416 κατεκώλυεν·
622 375 709 415 οὐδὲ
729 378 890 415 τοιαῦτα
909 374 1044 426 λέγειν
1063 375 1186 429 τούτῳ
1207 375 1486 428 προσέταττεν,

166 440 214 491 ἐξ
233 442 287 481 ὧν
311 441 442 491 ἥκισθ’
468 443 577 492 ὑμεῖς
602 440 781 491 ἐμέλλετ’
806 439 964 491 ἐξιέναι·
1001 440 1094 481 ἀλλ’
1120 442 1196 487 ἵνα,
1223 442 1247 482 ἃ
1273 442 1487 492 ἐβούλεσθ’

126 524 143 555 5
165 508 338 558 οἰόμενοι
374 507 536 559 πράξειν
572 507 703 554 αὐτόν,
738 509 860 559 μηδὲν
895 509 1072 548 ἐναντίον
1105 508 1340 560 ψηφίσησθ’
1371 508 1485 563 αὐτῷ,

163 573 252 623 μηδ’
276 575 488 624 ἀμύναιντο
512 573 601 625 μηδ’
622 573 827 627 ἀντέχοιεν
852 575 888 614 οἱ
908 577 1060 616 Φωκεῖς
1085 574 1148 614 ἐπὶ
1167 578 1251 617 ταῖς
1271 574 1361 627 παρ’
1380 576 1488 626 ὑμῶν

163 635 406 693 [ὑπέχοντες]
431 641 605 686 ἐλπίσιν,
633 639 725 680 ἀλλ’
751 641 993 693 ἀπογνόντες
1018 639 1160 681 ἅπανθ’
1186 641 1326 683 αὑτοὺς
1355 642 1486 695 ἐγχει-

161 707 328 757 ρίσαιεν.
397 705 501 759 Λέγε
541 705 572 747 δ’
612 706 742 748 αὐτοῖς
778 706 897 748 αὐτὰς
939 708 1007 749 τὰς
1051 708 1267 750 ἐπιστολὰς
1309 709 1379 750 τὰς
1419 712 1489 749 τοῦ

162 773 377 812 Φιλίππου.

102 893 114 914 1
121 894 141 914 0
709 890 938 920 ΕΠΙΣΤΟΛΑΙ.

228 970 277 1009 Αἰ
301 970 373 1019 μὲν
397 970 528 1009 τοίνυν
555 969 765 1009 ἐπιστολαὶ
791 972 981 1009 καλοῦσιν
1007 969 1132 1016 αὗται,
1161 972 1222 1011 καὶ
1248 971 1294 1022 νὴ
1322 971 1391 1012 Δί’
1412 971 1483 1023 ἤδη
1516 987 1559 1025 52

161 1052 220 1087 γε·
257 1036 408 1077 τούτοις
433 1035 479 1082 δ’,
506 1037 614 1087 εἴπερ
640 1035 687 1086 ἦν
711 1035 819 1087 ὑγιές
843 1053 880 1076 τι
904 1036 1064 1082 τούτων,
1092 1038 1132 1076 τί
1156 1037 1259 1077 ἄλλο
1283 1041 1484 1090 προσῆκεν

160 1098 183 1151 ἦ
211 1105 410 1142 συνειπεῖν
434 1103 540 1142 ὅπως
567 1101 746 1152 ἐξέλθηθ’
770 1103 891 1152 ὑμεῖς,
920 1103 982 1142 καὶ
1005 1102 1073 1142 τὸν
1098 1103 1302 1155 Πρόξενον
1326 1104 1371 1145 ὃν
1396 1105 1484 1156 περὶ

160 1167 251 1209 τοὺς
281 1168 425 1209 τόπους
456 1167 604 1223 ᾔδεσαν
634 1170 729 1208 ὄντα
758 1167 929 1221 γράφειν
959 1168 1102 1210 εὐθέως
1133 1172 1317 1220 βοηθεῖν;
1357 1170 1485 1212 πάντα

104 1252 139 1283 ¹5
159 1235 291 1274 τοίνυν
324 1235 512 1274 τάναντία
544 1234 692 1274 τούτων
726 1235 938 1287 φαίνονται
969 1236 1240 1286 πεποιηκότες.
1312 1238 1482 1280 εἰκότως·

161 1300 206 1339 οὐ
234 1302 309 1352 γὰρ
338 1301 395 1342 οῖς
425 1300 645 1341 ἐπέστελλε
674 1305 893 1354 προσεῖχον
921 1301 990 1342 τὸν
1020 1305 1123 1352 νοῦν,
1156 1302 1246 1343 ἀλλ’
1271 1303 1295 1344 ἃ
1325 1308 1485 1356 φρονῶν

160 1366 264 1406 ταῦτ’
304 1367 479 1419 ἔγραφεν
521 1369 759 1423 συνῄδεσαν·
811 1368 964 1409 τούτοις
1005 1368 1074 1408 οῦν
1113 1369 1382 1421 συνέπραττον
1421 1372 1484 1412 καὶ

159 1433 312 1474 τούτοις
336 1434 664 1485 συνηγωνίζοντο.
735 1435 771 1474 οἱ
800 1436 872 1484 μὲν
897 1436 1028 1474 τοίνυν
1053 1437 1218 1482 Φωκεῖς,
1246 1436 1297 1478 ὡς
1320 1439 1368 1477 τὰ
1393 1437 1483 1489 παρ’
1516 1450 1557 1486 53

159 1500 265 1550 ὑμῶν
299 1499 476 1540 ἐπύθοντ’
507 1500 550 1539 ἐκ
578 1502 647 1550 τῆς
676 1501 892 1550 ἐκκλησίας
921 1502 983 1541 καὶ
1012 1501 1058 1540 τό
1086 1518 1129 1542 τε
1158 1501 1353 1553 ψήφισμα
1379 1503 1483 1543 τοῦτ’

101 1583 139 1605 20
160 1567 312 1617 ἔλαβον
341 1566 385 1605 τὸ
414 1569 482 1606 τοῦ
511 1566 781 1619 Φιλοκράτους
815 1567 878 1607 καὶ
910 1567 981 1617 τὴν
1010 1568 1258 1620 ἀπαγγελίαν
1291 1570 1482 1610 ἐπύθοντο

159 1632 229 1682 τὴν
258 1633 395 1674 τούτου
427 1634 488 1674 καὶ
516 1635 585 1676 τὰς
612 1633 869 1687 ὑποσχέσεις,
898 1635 994 1674 κατὰ
1022 1633 1171 1676 πάντας
1200 1635 1290 1678 τοὺς
1318 1637 1483 1688 τρόπους

160 1700 381 1740 ἀπώλοντο.
445 1704 631 1741 σκοπεῖτε
656 1700 743 1752 γάρ.
810 1699 913 1751 ἦσαν
939 1700 1199 1743 ἀπιστοῦντές
1222 1718 1325 1744 τινες
1349 1703 1483 1744 αὐτόθι

159 1770 212 1821 τῷ
237 1767 424 1820 Φιλίππῳ
456 1767 518 1807 καὶ
547 1770 638 1807 νοῦν
663 1766 834 1820 ἔχοντες·
873 1767 979 1807 οῦτοι
1004 1767 1206 1808 πιστεύειν
1230 1768 1481 1822 ὑπήχθησαν.

160 1834 222 1872 διὰ
237 1834 293 1879 τίς
325 1834 385 1872 ὅτι
400 1833 582 1885 ἡγοῦντο,
602 1833 683 1873 οὐδ’
701 1835 733 1874 εἰ
750 1833 903 1875 δεκάκις
919 1835 1120 1877 Φίλιππος
1137 1834 1277 1877 αὐτοὺς
1294 1833 1481 1886 ἐξηπάτα,

100 1915 138 1947 25
160 1898 337 1939 οὐδέποτ’
354 1899 402 1940 ἂν
421 1899 509 1941 τούς
528 1899 565 1951 γ’
581 1899 802 1950 Ἀθηναίων
820 1899 1014 1952 πρέσβεις
1033 1900 1266 1952 Ἀθηναίους
1284 1899 1483 1951 ἐξαπατᾶν
1513 1905 1625 1959 [358]

158 1967 369 2016 τολμῆσαι,
398 1965 488 2005 ἀλλ’
514 1965 613 2007 εῖναι
642 1965 747 2006 ταῦτ’
775 1967 902 2017 ἀληθῆ
933 1968 958 2007 δι
986 1967 1097 2009 οὗτος
1127 1967 1359 2021 ἀπήγγελλε
1387 1968 1483 2020 πρὸς

156 2033 268 2083 ὑμᾶς,
298 2033 358 2072 καὶ
384 2036 464 2074 τοῖς
492 2034 691 2083 Θηβαίοις
715 2033 836 2083 ἥκειν,
864 2034 937 2087 οὐχ
968 2035 1099 2076 αὑτοῖς
1129 2035 1308 2086 ὄλεθρον.
1378 2033 1481 2084 ἦσαν
1514 2051 1555 2088 54

201 2152 220 2182 5
255 2143 442 2184 ψηφίσησθε
471 2142 599 2181 LAQ:
645 2144 824 2184 ψηφίσαισθ’
852 2144 875 2174 S
906 2157 939 2182 ,η
966 2154 1070 2183 supra
1099 2158 1118 2176 α
1145 2144 1279 2183 scripsit
1307 2150 1374 2176 ant.
1402 2145 1481 2186 m.):

157 2186 354 2227 ψηφίσαισθε
372 2186 475 2225 vulga,
494 2186 532 2217 cf.
551 2190 566 2223 ξ,
588 2196 648 2225 123
778 2189 800 2217 6
823 2187 995 2226 ἀμύναιντο
1014 2188 1037 2218 S
1051 2187 1117 2218 LY
1130 2187 1180 2219 O:
1206 2187 1374 2227 ἀμύνοιντο
1390 2189 1478 2228 vulg.

160 2240 177 2268 7
204 2228 381 2269 ὑπέχοντες
400 2229 424 2259 S
438 2229 493 2268 (cf.
511 2231 526 2265 §
543 2231 618 2269 266)
634 2241 641 2261 :
669 2230 843 2270 ἐπέχοντες
858 2230 985 2269 Lvulg.
1003 2243 1010 2261 :
1035 2230 1114 2261 secl.
1130 2230 1240 2261 Weil:
1266 2230 1482 2272 ἐπανέχοντες

157 2272 200 2310 Α,
218 2272 339 2303 lemma
355 2273 459 2303 schol.
479 2283 511 2311 p.
530 2274 603 2313 365,
626 2282 663 2310 15
725 2273 850 2306 ἅπαντα
866 2273 890 2304 S
902 2274 934 2303 A
951 2286 957 2304 :
981 2273 1118 2305 ἅπαντες
1134 2274 1222 2312 vulg.
1333 2284 1369 2313 13
1395 2274 1481 2315 ἐξέλ-

159 2320 233 2353 θητε
253 2316 276 2345 S
289 2315 419 2346 LAY:
444 2316 605 2356 ἐξέλθοιτε
622 2316 711 2355 vulg.
818 2327 858 2347 20
883 2318 1087 2358 ἀπαγγελίαν
1107 2317 1129 2346 S
1148 2327 1255 2348 corn:
1283 2318 1480 2358 ἐπαγγελίαν

159 2358 216 2389 8¹2
235 2358 261 2388 L
279 2361 380 2390 corn?
398 2360 487 2398 vulg.
617 2370 655 2389 21
681 2360 755 2392 τοὺς
772 2370 835 2389 om.
855 2360 990 2390 Dobree
1115 2361 1158 2389 26
1182 2361 1376 2401 ἀπήγγελλε
1395 2361 1418 2391 S
1431 2361 1456 2391 L
1472 2373 1479 2391 t

159 2402 339 2442 ἀπήγγειλε
356 2402 444 2440 vulg.
580 2412 619 2440 27
646 2404 706 2444 οὐχ
724 2405 829 2435 αὐτοῖς
847 2403 878 2433 Α
895 2414 901 2433 :
926 2405 982 2434 οὐκ
999 2405 1106 2435 αὐτοῖς
1124 2403 1147 2432 S
1161 2403 1185 2433 L
1203 2403 1291 2442 vulg.
