1763 2828
66 141 177 195 [347]

138 790 182 815 20

138 1327 178 1352 21

139 1725 181 1750 22

63 1916 181 1973 [348]

632 141 1115 179 ΔΗΜΟΣΘΕΝΟΎΣ
1451 137 1535 190 [xlx

214 243 310 296 πρὸς
338 245 436 296 ὑμᾶς
467 244 545 285 ἔδει
576 243 724 297 λέγειν,
757 244 965 295 παρελθὼν
991 245 1188 297 Αἰσχίνης
1218 245 1354 285 οὑτοσὶ
1387 248 1539 297 πρῶτος

212 310 322 362 ἡμῶν
354 310 538 352 ἁπάντων
571 310 649 362 (καὶ
679 311 775 363 πρὸς
806 310 902 352 Διὸς
934 311 995 351 καὶ
1026 312 1125 351 θεῶν
1155 314 1344 363 πειρᾶσθε
1378 315 1536 352 συνδια-

212 378 471 429 μνημονεύειν
504 378 552 419 ἂν
584 379 713 428 ἀληθῆ
744 377 863 430 λέγω·
901 379 948 417 τὰ
982 379 1058 429 γὰρ
1087 378 1216 418 πάντα
1246 380 1295 418 τὰ
1327 378 1539 431 πράγματα

212 444 454 496 λυμηνάμεν’
488 446 594 495 ὑμῶν
628 445 690 485 καὶ
724 444 996 497 διαφθείρανθ’
1030 445 1133 486 ὅλως
1169 444 1274 485 ταῦτ’
1308 445 1421 486 ἐστὶν
1451 445 1540 497 ἤδη)

212 515 281 552 τοῦ
310 514 382 562 μὲν
416 511 688 564 ἀπαγγέλλειν
718 528 755 552 τι
787 515 864 551 τῶν
897 511 1260 563 πεπρεσβευμένων
1290 508 1313 561 ἢ
1343 512 1432 563 περὶ
1459 516 1538 552 τῶν
1557 530 1576 562 5

215 580 257 619 ἐν
282 584 328 635 τῇ
353 583 485 635 βουλῇ
509 577 721 630 ῥηθέντων,
751 580 784 618 εἰ
809 577 868 628 ἄρ’
890 577 1148 630 ἠμφεσβήτει
1171 578 1224 629 μὴ
1250 579 1378 629 ἀληθῆ
1404 578 1539 631 λέγειν

212 645 294 695 ε’μέ,
342 647 568 696 μνησθῆναι
610 644 845 695 πάμπληθες
893 644 1086 698 ἀπέσχεν,
1131 644 1215 686 εἶπε
1257 647 1298 685 δὲ
1341 644 1539 688 τοιούτους

211 711 355 763 λόγους
395 712 457 751 καὶ
498 714 713 762 τηλικαῦτα
752 711 814 751 καὶ
853 711 1013 751 τοσαῦτ’
1053 712 1220 765 ἔχοντας
1258 711 1399 764 ἀγαθά,
1441 711 1538 752 ὥσθ’

212 778 387 820 ἅπαντας
411 779 511 829 ὑμᾶς
535 779 678 829 λαβὼν
704 777 843 833 ᾤχετο.
904 779 981 830 ἔφη
1010 780 1086 830 γὰρ
1110 779 1221 829 ἥκειν
1245 779 1438 821 πεπεικὼς
1463 780 1534 819 Φί-

211 850 362 885 λιππον
399 844 542 885 ἅπανθ’
575 845 654 884 ὅσα
691 844 887 897 συμφέρει
919 845 966 900 τῇ
999 845 1129 891 πόλει,
1164 845 1228 885 καὶ
1259 845 1348 897 περὶ
1381 849 1460 886 τῶν
1493 846 1538 886 ε’ν
1559 862 1599 885 ιο

212 911 479 964 Ἀμφικτύοσι
516 913 579 952 καὶ
615 912 704 963 περὶ
739 915 818 952 τῶν
855 910 993 951 ἄλλων
1028 910 1224 957 ἁπάντων,
1262 911 1324 951 καὶ
1357 910 1537 962 διεξῆλθε

210 978 335 1031 λόγον
359 978 508 1031 μακρὸν
532 980 636 1029 ὑμῖν,
662 977 708 1018 ὃν
734 980 832 1018 κατὰ
853 978 1048 1029 Θηβαίων
1075 979 1199 1019 εἰπεῖν
1217 978 1314 1030 πρὸς
1333 979 1538 1020 Φίλιππον

213 1045 303 1096 ἔφη,
328 1046 390 1086 καὶ
415 1048 463 1086 τὰ
489 1044 674 1098 κεφάλαι’
695 1044 929 1097 ἀπήγγελλε
953 1044 1050 1097 πρὸς
1067 1046 1178 1096 ὑμᾶς,
1202 1045 1264 1085 καὶ
1289 1045 1536 1098 ἀπελογίζετ’

213 1113 255 1151 ἐκ
280 1115 358 1152 τῶν
383 1113 486 1166 αὑτῷ
519 1111 883 1164 πεπρεσβευμένων
913 1114 1021 1152 δυοῖν
1046 1108 1068 1161 ἢ
1094 1116 1210 1163 τριῶν
1240 1112 1394 1165 ἡμερῶν
1425 1112 1536 1163 ὑμᾶς,

211 1178 405 1229 μένοντας
434 1180 532 1219 οἴκοι
565 1179 627 1219 καὶ
655 1179 702 1220 οὐ
733 1177 1069 1230 στρατευομένους
1102 1177 1184 1218 οὐδ’
1212 1179 1537 1232 ἐνοχλουμένους,
1561 1194 1598 1226 15

214 1244 360 1296 Θήβας
398 1248 471 1296 μὲν
507 1245 841 1298 πολιορκουμένας
879 1245 998 1287 αὐτὰς
1037 1245 1121 1285 καθ’
1156 1246 1272 1287 αὑτὰς
1309 1246 1431 1298 χωρὶς
1471 1247 1539 1295 τῆς

212 1311 339 1363 ἄλλης
383 1314 573 1356 Βοιωτίας
614 1312 871 1358 ἀκούσεσθαι,
916 1314 1105 1354 Θεσπιὰς
1145 1313 1187 1352 δὲ
1229 1312 1290 1352 καὶ
1334 1312 1539 1353 Πλαταιὰς

213 1379 467 1430 οἰκιζομένας,
495 1383 547 1434 τῷ
581 1382 655 1434 θεῷ
689 1382 731 1421 δὲ
760 1381 809 1420 τὰ
841 1377 1010 1433 χρήματ’
1038 1377 1336 1431 εἰσπραττόμεν’
1360 1377 1406 1418 οὐ
1434 1380 1540 1431 παρὰ

215 1445 399 1492 Φωκέων,
444 1447 551 1486 ἀλλὰ
597 1448 702 1498 παρὰ
744 1447 942 1497 Θηβαίων
988 1449 1066 1487 τῶν
1110 1444 1422 1497 βουλευσάντων
1469 1445 1540 1495 τὴν

216 1511 444 1565 κατάληψιν
470 1516 538 1553 τοῦ
565 1514 681 1565 ἱεροῦ·
719 1511 920 1553 διδάσκειν
947 1515 1022 1564 γὰρ
1046 1512 1162 1554 αὐτὸς
1191 1513 1268 1563 ἔφη
1299 1512 1366 1552 τὸν
1391 1513 1536 1552 Φίλιπ-
1561 1527 1601 1550 20

214 1595 289 1620 πον
316 1580 376 1619 ὅτι
401 1579 513 1620 οὐδὲν
531 1579 650 1630 ἧττον
674 1578 928 1630 ἠσεβήκασιν
954 1581 989 1619 οἱ
1015 1579 1330 1629 βεβουλευκότες
1353 1582 1430 1618 τῶν
1456 1582 1540 1620 ταῖς

213 1647 331 1699 χερσὶ
366 1645 614 1698 πραξάντων,
644 1646 705 1686 καὶ
739 1647 800 1685 διὰ
832 1649 946 1685 τοῦτο
978 1644 1149 1698 χρήμαθ’
1176 1646 1298 1699 ἑαυτῷ
1331 1645 1422 1687 τοὺς
1452 1647 1537 1695 Θη-

212 1713 354 1763 βαίους
379 1711 715 1765 ἐπικεκηρυχέναι.
777 1712 932 1752 ἀκούειν
956 1714 997 1752 δὲ
1024 1713 1087 1752 καὶ
1109 1715 1186 1752 τῶν
1208 1711 1399 1762 Εὐβοέων
1425 1713 1564 1752 ἐνίων-

214 1779 291 1831 ἕφη
327 1778 623 1831 πεφοβημένων
658 1778 721 1819 καὶ
752 1778 1052 1831 τεταραγμένων
1084 1777 1155 1828 τὴν
1188 1778 1284 1830 πρὸς
1315 1778 1387 1828 τὴν
1421 1779 1541 1819 πόλιν

213 1846 434 1897 οἰκειότητα
467 1847 656 1900 Φιλίππῳ
689 1844 968 1898 γεγενημένην,
1003 1846 1065 1885 ὅτι
1099 1848 1108 1862 ‘
1127 1844 1172 1885 οὐ
1202 1844 1395 1895 λελήθαθ’
1424 1845 1538 1896 ἡμᾶς,
1561 1860 1600 1892 25

214 1910 243 1952 ὦ
280 1911 418 1965 ἄνδρες
454 1912 660 1965 πρέσβεις,
699 1911 764 1964 ἐφ’
798 1912 856 1953 οἷς
890 1913 1110 1962 πεποίησθε
1145 1912 1215 1962 τὴν
1253 1910 1408 1963 εἰρήνην
1443 1911 1540 1963 πρὸς

214 1979 434 2026 Φίλιππον,
461 1979 541 2020 οὐδ’
569 1980 787 2032 ἀγνοοῦμεν
820 1979 880 2019 ὅτι
908 1980 1016 2029 ὑμεῖς
1047 1981 1120 2029 μὲν
1143 1977 1391 2030 Ἀμφίπολιν
1420 1979 1537 2019 δεδώ-

214 2045 296 2086 κατ’
324 2047 473 2101 ἐκείνῳ,
504 2047 707 2087 Φίλιππος
739 2044 771 2085 δ’
797 2046 887 2095 ὑμῖν
914 2046 1093 2096 Εὔβοιαν
1126 2045 1382 2097 ὡμολόγηκεν
1415 2061 1538 2097 παρα-

211 2112 383 2154 zelarem?
454 2113 554 2154 εἶναι
590 2112 726 2163 μέντοι
760 2128 798 2152 τι
836 2113 897 2153 καὶ
934 2111 1038 2153 ἄλλο
1069 2111 1311 2166 διῳκημένον
1346 2112 1461 2166 αὐτῷ,
1496 2111 1541 2151 οὐ

253 2231 273 2261 3
299 2221 420 2262 ἀληθῆ]
437 2223 563 2260 τάληθῆ
582 2221 634 2253 Fr.
653 2220 745 2252 Graf.
868 2221 889 2250 6
914 2222 1016 2258 ὰληθῆ
1036 2221 1059 2251 S
1073 2221 1141 2251 LY
1153 2220 1183 2251 Ο
1202 2220 1254 2251 Fr.
1274 2220 1366 2251 Graf.
1383 2231 1389 2250 :
1414 2220 1540 2258 τάληθῆ

210 2266 299 2304 vulg.
392 2267 413 2296 8
429 2269 575 2297 τοσαῦτα
586 2264 692 2304 vulg:
709 2266 843 2296 τοιαῦτα
858 2263 993 2294 SLAY
1008 2264 1060 2295 Fr.
1076 2264 1181 2301 Gras„
1192 2264 1231 2295 cs.
1249 2267 1263 2301 ξ
1277 2274 1317 2302 24
1409 2272 1448 2292 12
1464 2264 1540 2304 πρὸς

209 2308 385 2348 Φίλιππον]
399 2308 474 2350 ὑπὲρ
490 2307 622 2341 Φωκέων
637 2308 687 2338 Fr.
701 2307 791 2338 Graf.
888 2317 926 2346 13
949 2308 1142 2348 ἀπήγγελλε
1157 2307 1234 2337 SY:
1253 2308 1433 2347 ἀπήγγειλε
1447 2307 1536 2345 vulg.

211 2361 254 2382 20
270 2352 388 2392 διδάξαι
401 2352 452 2383 Fr.
465 2352 558 2383 Graf.
643 2361 685 2381 22
701 2353 798 2383 τοῦτο
812 2349 982 2381 Fr.Gras.:
1001 2354 1104 2382 ταῦτα
1118 2350 1256 2389 cett.,cf.
1268 2353 1332 2389 §35
1414 2359 1454 2388 25
1472 2349 1538 2390 ὅτι]

211 2396 261 2426 καὶ
279 2395 445 2435 λεγόντων
461 2396 511 2427 ὅτι
527 2395 559 2425 Α
655 2395 697 2424 26
720 2393 770 2435 ἐφ’
787 2393 833 2426 οἷς
850 2404 914 2424 om.
936 2394 971 2424 S¹
1071 2404 1113 2432 29
1135 2408 1166 2425 τι
1184 2404 1248 2424 om.
1268 2393 1292 2423 S
1305 2392 1372 2423 LY
1385 2393 1434 2424 O:
1460 2393 1535 2423 add.

211 2437 298 2476 vulg.
391 2440 472 2478 αὑτῷ
489 2437 616 2476 Taylor
631 2452 636 2470 :
665 2451 749 2478 αυτῳ
768 2438 790 2468 S
807 2449 813 2468 :
842 2439 925 2478 αὐτῷ
943 2437 1043 2477 vulg,
1061 2438 1216 2469 similiter
1231 2436 1253 2468 l.
1271 2446 1291 2467 2
1308 2436 1392 2466 infra
