1763 2828
111 133 200 188 Um

111 477 183 532 [80

187 477 201 532 ]

162 543 202 576 14

163 788 201 824 m

165 1311 206 1347 16

166 1650 206 1686 17

130 2012 207 2067 βῆ

168 2070 209 2105 m

636 128 1156 184 [AMMOEQENOYQ
1486 130 1559 184 stu

232 236 500 289 ληψομένους,
532 237 613 278 οὔθ’
644 238 735 288 ἡμῖν
764 239 818 278 εἷς
851 238 1113 282 Μακεδονίαν,
1146 237 1236 277 ἀλλ’
1266 238 1377 288 ἡμεῖς
1407 255 1450 279 τε
1482 243 1563 280 τοῖς

234 305 316 344 ἐκεῖ
337 306 514 355 νομίμοις
541 304 686 344 ἐκεῖνοί
708 321 749 344 τε
774 307 856 345 τοῖς
875 303 965 355 παρ’
986 304 1076 355 ἡμῖν
1097 305 1166 346 τὰς
1185 306 1293 346 δίκας
1319 304 1562 355 ἐλάμβανον.

232 370 285 422 μὴ
305 371 373 412 οὖν
391 372 570 423 ἀγνοεῖτε
591 372 650 411 ὅτι
669 372 718 410 τὰ
742 371 932 421 σύμβολα
951 375 1073 411 ταῦτα
1090 373 1268 423 γίγνεται
1289 372 1344 414 εἰς
1361 371 1564 425 ὑποδοχὴν
1599 411 1603 415 ,

233 440 301 478 τοῦ
325 437 414 489 μηδ’
441 438 754 490 ἀμφισβητῆσαι
777 436 952 489 εὐλόγως
974 438 1072 488 ὑμᾶς
1099 438 1156 478 ἔτι
1180 439 1429 481 Ποτειδαίας.

302 505 400 556 Περὶ
426 507 467 545 δὲ
491 508 570 545 τῶν
589 508 752 561 λῃστῶν
773 504 922 545 δίκαιόν
942 510 1069 556 φησιν
1091 504 1190 545 εἶναι
1216 505 1324 561 κοινῇ
1349 504 1565 557 φυλάττειν

234 571 323 613 τοὺς
348 573 389 612 ἐν
415 572 459 627 τῇ
488 571 662 627 θαλάττῃ
689 575 999 625 κακουργοῦντας
1023 572 1121 623 ὑμᾶς
1146 589 1188 612 τε
1215 572 1276 612 καὶ
1302 572 1430 618 αὐτόν,
1453 572 1565 613 οὐδὲν

235 637 327 678 ἀλλ’
350 634 374 688 ἢ
399 638 503 678 τοῦτ’
530 638 663 690 ἀξιῶν,
689 638 758 690 ὑφ’
783 640 891 690 ὑμῶν
917 640 971 680 εἰς
996 638 1065 689 τὴν
1091 638 1290 680 θάλατταν
1317 641 1563 690 κατασταθῆ-

236 722 312 752 ναι,
341 705 403 745 καὶ
428 706 676 758 ὁμολογῆσαι
700 707 798 756 ὑμᾶς
824 706 875 748 ὡς
899 705 992 747 ἄνευ
1017 708 1220 748 Φιλίππου
1245 707 1332 747 οὐδὲ
1357 705 1427 757 τὴν
1453 708 1495 747 ἐν
1520 706 1565 762 τῇ

236 771 412 828 θαλάττῃ
437 772 621 824 φυλακὴν
641 773 800 814 δυνατοί
823 775 915 814 ἐστε
937 773 1164 826 φυλάττειν,
1187 774 1244 814 ἔτι
1264 776 1304 814 δὲ
1326 774 1387 814 καὶ
1407 775 1568 824 δοθῆναι

235 838 336 893 αὐτῷ
362 838 506 889 ταύτην
525 839 597 890 τὴν
618 839 764 887 ἄδειαν,
786 839 1042 892 περιπλέοντι
1067 842 1128 882 καὶ
1154 840 1392 895 ὁρμιζομένῳ
1419 841 1473 883 εἰς
1498 842 1568 882 τὰς

235 903 379 955 νήσους
413 906 477 946 ε’πὶ
509 906 715 959 προφάσει
747 907 792 962 τῇ
826 911 903 948 τῶν
935 911 1098 963 λῃστῶν
1130 908 1287 964 φυλακῇ
1321 909 1567 960 διαφθείρειν

236 971 326 1014 τοὺς
366 973 562 1023 νησιώτας
603 973 665 1014 καὶ
702 973 922 1026 ἀφιστάναι
960 974 1080 1025 ὑμῶν,
1122 975 1183 1016 καὶ
1225 974 1276 1026 μὴ
1316 975 1438 1025 μόνον
1477 974 1568 1016 τοὺς

236 1038 416 1091 φυγάδας
448 1039 538 1082 τοὺς
572 1039 660 1092 παρ’
692 1042 831 1082 ἑαυτοῦ
866 1042 920 1083 εἰς
952 1040 1095 1082 Θάσον
1126 1040 1372 1092 κεκομικέναι
1401 1042 1462 1082 διὰ
1491 1044 1568 1082 τῶν

235 1105 432 1158 ὑμετέρων
459 1111 703 1160 στρατηγῶν,
725 1108 833 1148 ἀλλὰ
859 1108 922 1148 καὶ
947 1108 1015 1150 τὰς
1039 1107 1167 1150 ἄλλας
1193 1107 1338 1158 νήσους
1362 1108 1566 1149 οἰκειώσα-

237 1175 345 1220 σθαι,
364 1173 610 1225 συμπέμπων
625 1174 715 1216 τοὺς
734 1174 1112 1226 συμπλευσομένους
1130 1177 1320 1226 μετὰτῶν
1337 1179 1569 1227 στρατηγῶν

236 1243 314 1281 τῶν
329 1240 525 1292 ὑμετέρων
542 1241 593 1283 ὡς
614 1240 931 1292 κοινωνήσοντας
951 1243 1019 1291 τῆς
1041 1245 1138 1283 κατὰ
1159 1241 1357 1282 θάλατταν
1375 1244 1566 1294 φυλακῆς.

238 1308 364 1348 καίτοι
390 1307 434 1347 οὗ
459 1309 567 1359 φασί
592 1325 697 1349 τινες
727 1307 844 1348 αὐτὸν
875 1311 1138 1360 προσδεῖσθαι
1167 1311 1236 1359 τῆς
1265 1307 1473 1358 θαλάττης.
1548 1309 1568 1348 ὁ

237 1372 270 1413 δ’
300 1374 412 1415 οὐδὲν
445 1374 629 1425 δεόμενος
659 1373 827 1427 τριήρεις
859 1375 1200 1426 κατασκευάζεται,
1236 1375 1299 1415 καὶ
1333 1376 1569 1417 νεωσοίκους

236 1441 510 1491 οἰκοδομεῖται,
550 1443 613 1482 καὶ
656 1442 909 1484 ἀποστόλους
951 1442 1220 1483 ἀποστέλλειν
1260 1442 1463 1493 βούλεται,
1507 1442 1569 1482 καὶ

236 1506 413 1550 δαπάνας
429 1508 474 1549 οὐ
489 1510 628 1560 μικρὰς
646 1511 826 1549 δαπανᾶν
840 1510 895 1551 εἰς
911 1509 1001 1551 τοὺς
1022 1512 1119 1550 κατὰ
1139 1510 1339 1550 θάλατταν
1355 1509 1567 1555 κινδύνους,

236 1575 291 1615 ὧν
314 1574 427 1615 οὐδὲν
453 1581 634 1630 προτιμᾷ.

304 1640 421 1681 Ταῦτ’
451 1642 576 1682 οἴεσθ’
601 1641 661 1689 ἄν,
694 1640 723 1683 ὦ
754 1642 892 1695 ἄνδρες
920 1642 1134 1693 Ἀθηναῖοι,
1167 1643 1371 1684 Φίλιππον
1401 1642 1570 1694 ἀξιῶσαι

237 1709 336 1759 ὑμᾶς
366 1710 627 1763 συγχωρῆσαι
658 1709 774 1764 αὐτῷ,
803 1711 835 1750 εἰ
865 1710 918 1761 μὴ
943 1711 1050 1761 ὑμῶν
1074 1712 1146 1761 μὲν
1173 1711 1418 1762 κατεφρόνει,
1446 1710 1512 1751 οὓς
1537 1709 1570 1750 δ’

239 1774 377 1816 ἐνθάδε
401 1773 615 1832 προῄρηται
636 1778 779 1829 φίλους
806 1779 1031 1828 κεκτῆσθαι,
1053 1778 1204 1819 τούτοις
1230 1779 1496 1824 διεπίστευεν;
1534 1776 1571 1817 οἳ

240 1841 308 1882 οὐκ
338 1843 596 1895 αἰσχύνονται
627 1845 815 1899 Φιλίππῳ
845 1845 984 1895 ζῶντες
1015 1846 1077 1886 καὶ
1107 1845 1152 1885 οὐ
1175 1850 1223 1902 τῇ
1249 1846 1374 1885 αὑτῶν
1399 1845 1568 1897 πατρίδι,

242 1909 304 1949 καὶ
335 1911 404 1952 τὰς
435 1909 526 1962 παρ’
561 1911 710 1951 ἐκείνου
746 1913 909 1963 δωρειὰς
944 1912 1220 1963 λαμβάνοντες
1255 1913 1404 1952 οἴονται
1440 1913 1571 1952 οἴκαδε

239 1976 476 2028 λαμβάνειν,
503 1978 551 2017 τὰ
575 1979 674 2018 οἴκοι
700 1983 937 2022 πωλοῦντες.

308 2044 408 2096 Περὶ
441 2046 481 2085 δὲ
510 2046 578 2095 τῆς
609 2046 919 2098 ἐπανορθώσεως
949 2048 1017 2096 τῆς
1042 2046 1208 2098 εἰρήνης,
1236 2045 1284 2097 ἣν
1307 2046 1455 2087 ἔδοσαν
1477 2046 1571 2096 ἡμῖν

290 2164 303 2183 1
331 2153 531 2194 ληψομένους
549 2154 635 2193 vulg.
656 2166 662 2185 t
688 2155 881 2195 ληψομένοις
900 2155 923 2185 S
937 2155 972 2185 L'
993 2155 1054 2185 soli
1204 2167 1222 2194 4
1248 2157 1317 2197 περὶ
1335 2160 1412 2196 post
1430 2155 1477 2186 ἔτι
1493 2155 1568 2185 add.

244 2197 332 2236 vulg.
350 2209 355 2227 :
380 2207 444 2228 om.
463 2197 498 2227 S¹
513 2197 551 2227 L¹
686 2200 707 2228 6
731 2198 827 2230 αὑτόν
846 2198 952 2228 Bekk.
968 2211 973 2230 :
1001 2198 1099 2230 αὐτόν
1116 2199 1212 2230 codd.
1359 2209 1396 2229 12
1421 2198 1475 2238 ἀφ’
1492 2203 1572 2228 ante

246 2243 330 2280 ὑμῶν
353 2241 428 2271 add.
448 2241 559 2279 vulg:
589 2251 652 2271 om.
672 2241 696 2272 S
710 2242 747 2271 L¹
760 2242 832 2272 AY
1012 2251 1050 2281 15
1083 2243 1386 2283 συμπλευσομένους
1411 2241 1435 2272 S
1460 2240 1547 2280 vulg.
1564 2251 1571 2270 :

246 2283 481 2323 πλευσομέυους
501 2284 526 2314 L
540 2284 564 2314 F
577 2284 604 2314 B
717 2295 757 2315 22
782 2285 837 2317 οὖν
854 2291 930 2325 post
947 2285 1036 2317 ταῦτ’
1054 2286 1130 2315 add.
1147 2285 1234 2324 vulg.
1251 2298 1257 2318 :
1283 2296 1346 2316 om.
1368 2286 1391 2316 S
1405 2284 1444 2315 L¹
1535 2286 1573 2316 ἂν

246 2332 324 2367 post
341 2330 445 2359 οἴεσθε
464 2328 487 2357 S
501 2327 536 2358 L¹
554 2338 560 2358 :
585 2333 662 2367 post
679 2329 809 2368 ἀξιῶσαι
826 2329 914 2367 vulg.
1062 2339 1102 2366 24
1129 2328 1345 2369 διεπίστευεν]
1364 2328 1390 2360 δ’
1405 2329 1574 2360 ἐπίστευεν

247 2372 333 2410 Aug.
355 2381 385 2408 2,
403 2370 511 2402 Cobet
689 2372 730 2402 28
760 2375 818 2410 τῆς
837 2373 1079 2414 ἐπανορθώσεως
1096 2382 1161 2403 om.
1182 2372 1206 2403 S
1221 2373 1257 2404 L¹
1275 2384 1281 2404 :
1312 2372 1388 2404 add.
1409 2372 1513 2411 vulg.,
1532 2371 1573 2402 cs.

250 2418 287 2452 ἐξ
304 2423 359 2454 30,
376 2423 418 2454 33

1587 524 1604 556 5

1592 858 1631 880 10

1592 1192 1630 1224 15

1592 1527 1632 1550 20

1594 1861 1633 1894 ²5
