1731 2844
628 143 1040 185 PRAEFATIO

162 265 374 310 tanquam
396 256 556 298 aemuli
580 257 736 297 imitati
765 264 890 307 sunt;
935 270 1034 298 nam
1065 257 1205 300 aliena
1238 259 1297 298 ita
1324 265 1492 300 mutua-

163 329 321 368 bantur
362 333 408 367 ut
444 331 487 368 et
529 340 604 367 sua
651 326 967 376 immiscerent3
1011 341 1098 381 quo
1129 328 1321 381 quidque
1362 330 1493 381 igitur

164 396 433 436 referendum
465 395 531 447 sit,
552 408 638 436 non
662 395 796 436 facilis
818 403 883 437 est
905 395 1171 449 diiudicatio,
1192 410 1269 438 nec
1293 397 1370 437 nisi
1393 412 1490 440 cum

164 465 348 506 imitatio
383 464 431 504 fit
467 477 604 517 paene
634 464 812 514 servilis,
850 465 959 507 sicut
995 465 1167 506 Libanii
1201 465 1242 505 in
1276 466 1491 508 declama-

162 533 367 584 tionibus,
401 532 556 574 Isidori
593 533 809 574 interdum
852 534 894 574 in
926 533 1134 588 epistulis,
1164 534 1397 588 quicquam
1436 536 1491 576 ad

165 616 254 643 rem
278 601 470 643 criticam
495 602 650 644 lucrari
673 603 824 656 possis.

223 671 376 712 Restat
400 683 465 711 res
485 671 570 712 alia
587 684 718 724 quam
741 671 994 712 summatim
1017 673 1240 725 attingam.
1286 672 1353 713 De
1371 672 1491 714 hiatu

165 740 275 781 inter
305 739 479 789 vocalis,
511 739 565 780 de
596 739 792 780 brevium
825 739 1088 792 syllabarum
1122 754 1342 791 concursu,
1364 741 1420 782 de
1451 755 1493 782 re

165 808 424 861 rhythmica,
472 807 690 861 praeclare
739 807 861 848 Blass
913 809 1145 860 disseruit;
1195 811 1491 863 quaerendum

165 882 311 918 autem
346 890 401 917 an
439 889 591 917 norma
625 876 724 917 inde
757 877 946 929 petenda
980 878 1034 917 sit
1071 878 1126 918 ad
1162 892 1293 931 quam
1330 878 1491 919 Demo-

165 945 361 987 sthenica
384 946 550 999 possint
573 945 704 998 exigi,
729 946 872 999 detegi
894 952 968 986 aut
991 946 1211 988 emendari
1239 948 1489 1000 depravata.

167 1014 268 1068 Quo
310 1015 350 1054 in
392 1027 546 1067 genere
585 1014 907 1055 Demosthenes
952 1016 1147 1068 quamvis
1194 1016 1252 1057 rei
1294 1018 1493 1069 agendae

166 1084 354 1124 intentus
378 1097 462 1123 non
486 1082 668 1136 operarii
692 1083 733 1123 in
758 1083 936 1124 modum
961 1085 1036 1124 sed
1060 1085 1217 1125 summi
1242 1085 1283 1125 in
1306 1085 1493 1127 dicendo

166 1151 344 1194 artificis
380 1152 613 1193 verborum
651 1151 956 1205 compositioni
993 1153 1274 1206 invigilabat;
1325 1155 1490 1195 hiatum

165 1228 311 1263 tamen
339 1234 424 1262 non
454 1221 586 1262 anxie
612 1220 696 1271 ille,
718 1220 826 1261 sicut
853 1221 1077 1273 Isocrates,
1100 1222 1268 1264 videtur
1296 1224 1493 1272 evitasse,

166 1304 242 1332 nec
269 1291 302 1330 si
335 1291 510 1343 quando
542 1290 683 1331 hiatus
716 1297 911 1343 apparet,
933 1297 1048 1332 certa
1078 1291 1177 1332 inde
1210 1291 1493 1345 neglegentia,

167 1373 218 1400 ne
249 1358 542 1413 corruptelam
579 1358 735 1408 dicam,
772 1358 893 1413 argui
932 1367 1089 1412 potest.
1154 1360 1312 1402 Subest
1345 1367 1492 1402 tamen

166 1428 421 1481 suspicionis
438 1427 632 1469 nonnihil
655 1442 662 1477 ;
696 1427 864 1468 hiatum
889 1429 1002 1469 enirn
1026 1429 1195 1483 parcius
1211 1430 1421 1471 exhibent
1444 1430 1490 1471 li-

164 1497 230 1538 bri
253 1497 453 1538 meliores
472 1510 481 1546 ;
514 1510 614 1538 usus
632 1504 778 1538 autem
795 1496 1065 1550 frequentior,
1085 1505 1131 1538 ut
1150 1498 1191 1538 in
1206 1499 1492 1549 Timocratea‚

165 1566 371 1608 indicium
414 1566 529 1607 haud
575 1566 667 1608 leve
705 1573 769 1606 est
811 1567 996 1608 oratoris
1033 1581 1208 1608 manum
1247 1575 1491 1610 extremam

164 1649 250 1676 non
272 1634 498 1676 accessisse
521 1635 652 1688 operi.
728 1635 882 1688 Neque
919 1635 1023 1677 illud
1057 1638 1490 1690 praetermittendum

163 1718 292 1758 saepe
314 1703 402 1746 fieri
434 1709 479 1745 ut
510 1703 690 1745 tollatur
719 1703 861 1746 hiatus
895 1704 929 1745 si
962 1706 1002 1745 in
1031 1704 1222 1747 clausula
1251 1706 1396 1760 aliqua
1424 1707 1491 1747 vel

163 1772 376 1814 vocabulo
402 1787 490 1814 vox
522 1773 750 1826 paululum
779 1773 1042 1815 immoretur.
1110 1775 1329 1816 Deteriori
1362 1775 1493 1828 igitur

164 1842 303 1882 codici
325 1841 493 1883 hiatum
517 1843 732 1896 respuenti
757 1842 959 1884 libentius
982 1843 1337 1897 obtemperamus
1359 1857 1489 1897 quam

165 1911 331 1951 meliori
347 1910 568 1964 recipienti
584 1909 610 1953 ¹.
644 1911 811 1965 Quodsi
834 1912 1001 1953 hiatum
1015 1913 1091 1953 vix
1109 1914 1223 1954 ausis
1246 1913 1336 1966 ipse
1359 1914 1490 1955 corri-

163 1980 308 2033 gendo
331 1993 561 2030 removere,
590 1980 659 2021 vel
684 1981 821 2033 magis
845 1988 955 2023 esset
986 1982 1262 2023 temerarium
1291 1983 1491 2023 brevibus

163 2047 344 2101 syllabis
380 2049 643 2091 coacervatis
680 2049 896 2103 opitulari.
971 2050 1162 2091 Plurium
1201 2051 1315 2092 enim
1358 2065 1487 2103 quam

163 2117 346 2158 duarum
370 2130 625 2159 concursum
649 2131 747 2159 cum
770 2132 855 2159 non
877 2120 1054 2161 adamet
1079 2120 1411 2167 Demosthenes,
1433 2122 1490 2161 rei

163 2191 313 2227 tamen
337 2187 579 2227 necessitati
603 2186 669 2228 vel
691 2201 768 2228 suo
790 2190 1024 2229 commodo
1056 2190 1163 2229 adeo
1194 2188 1375 2229 multum
1409 2190 1489 2230 lar-

207 2316 217 2335 ¹
243 2327 271 2347 e.
284 2325 315 2355 g.
347 2316 399 2347 his
432 2317 514 2348 iocis
546 2316 569 2347 S
599 2316 725 2348 hiatum
758 2318 907 2356 exhibet,
939 2319 972 2349 iii
1009 2329 1047 2350 10
1073 2319 1173 2349 ἱκανοὶ
1202 2319 1284 2358 ὑμῖν,
1316 2319 1395 2349 xviii
1430 2329 1489 2357 142

162 2359 331 2399 ὑποληφθῇ
370 2359 461 2390 οὗτος
501 2360 658 2400 ἐλάττων,
700 2371 762 2391 222
804 2361 845 2401 τῇ
886 2361 975 2391 πόλει
1016 2362 1225 2402 ἐπαιρόμενος,
1267 2363 1395 2393 evitant
1435 2363 1489 2392 alii

163 2402 305 2433 codices.

794 2457 853 2492 xiii
