1747 2844
175 137 297 193 xvm]
476 144 619 181 ΠΕΡΙ
667 142 788 180 TOT
833 140 1168 179 ΣΤΕΦΑΝΟΎ
1529 139 1634 193 [321]

174 247 415 301 αὐτοχείρων
438 249 506 287 τοῦ
532 247 671 299 φόνου,
698 247 810 297 δεῦρο
840 244 873 285 δ’
900 244 1070 284 ἐλθόντα
1098 245 1299 294 τιμᾶσθαι,
1325 244 1421 293 μηδὲ
1451 249 1498 300 τῇ

174 314 287 370 φωνῇ
331 314 509 365 δακρύειν
551 312 857 364 ὑποκρινόμενον
898 310 969 360 τὴν
1012 309 1172 350 ἐκείνων
1214 309 1351 362 τύχην,
1393 310 1499 349 ἀλλὰ

173 381 220 437 τῇ
244 380 357 436 ψυχῇ
385 383 614 432 συναλγεῖν.
678 381 792 418 τοῦτο
817 376 850 417 δ’
876 377 1006 429 ἑώρων
1030 375 1120 427 παρ’
1146 377 1297 416 ἑαυτοῖς
1323 375 1384 415 καὶ
1409 375 1499 427 παρ’

176 448 274 498 ἐμοί,
300 448 405 499 παρὰ
431 446 464 487 δ’
482 447 573 497 ὑμῖν
598 445 655 485 οὔ.
709 446 773 485 διὰ
796 443 902 484 ταῦτ’
923 442 982 494 ἔμ’
1007 442 1315 495 ἐχειροτόνησαν
1340 442 1401 482 καὶ
1426 441 1499 494 οὐχ
1530 450 1597 484 288

135 530 152 562 5
173 515 283 565 ὑμᾶς.
345 513 408 553 καὶ
427 512 501 565 οὐχ
520 513 540 551 ὁ
564 513 636 563 μὲν
656 513 776 562 δῆμος
797 511 928 556 οὕτως,
951 511 987 550 οἳ,
1006 511 1047 550 δὲ
1066 512 1145 549 τῶν
1164 509 1499 558 τετελευτηκότων

174 579 339 631 πατέρες
371 580 433 619 καὶ
463 578 632 630 ἀδελφοὶ
661 579 697 618 οἱ
729 577 805 617 ὑπὸ
833 580 903 617 τοῦ
931 575 1052 626 δήμου
1080 574 1161 615 τόθ’
1187 574 1406 627 αἱρεθέντες
1436 575 1500 615 ἐπὶ

174 648 244 688 τὰς
276 647 406 698 ταφὰς
436 645 569 686 ἄλλως
602 660 697 690 πως,
728 644 834 684 ἀλλὰ
864 642 953 683 δέον
986 645 1113 683 ποιεῖν
1145 641 1283 683 αὐτοὺς
1315 640 1359 681 τὸ
1391 642 1498 692 περί-

175 715 333 753 δειπνον
354 712 405 754 ὡς
425 710 514 763 παρ’
531 709 756 764 οἰκειοτάτῳ
776 713 852 750 τῶν
871 709 1218 758 τετελευτηκότων,
1237 708 1371 759 ὥσπερ
1387 707 1501 747 τᾶλλ’

176 780 288 819 εἴωθε
312 779 535 830 γίγνεσθαι,
562 777 666 817 τοῦτ’
693 778 887 827 ἐποίησαν
911 775 1001 827 παρ’
1029 776 1126 826 ἐμοί.
1188 775 1358 816 εἰκότως·
1396 773 1502 826 γένει

116 862 154 884 10
174 847 249 896 μὲν
283 846 359 898 γὰρ
396 845 564 886 ἕκαστος
606 842 760 897 ἑκάστῳ
795 846 951 893 μᾶλλον
987 843 1129 883 οἰκεῖος
1165 840 1211 892 ἦν
1248 842 1354 891 ἐμοῦ,
1394 840 1500 896 κοινῇ

175 914 217 952 δὲ
254 913 376 952 πᾶσιν
412 910 539 952 οὐδεὶς
577 909 786 962 ἐγγυτέρω·
835 908 864 963 ᾧ
901 911 977 961 γὰρ
1014 909 1186 950 ἐκείνους
1224 909 1401 957 σωθῆναι
1440 906 1501 947 καὶ

177 981 424 1031 κατορθῶσαι
448 976 626 1028 μάλιστα
652 975 846 1029 διέφερεν,
868 976 978 1017 οὗτος
1005 975 1067 1015 καὶ
1087 975 1292 1016 παθόντων
1311 974 1336 1014 ἃ
1358 972 1500 1025 μήποτ’
1533 973 1642 1028 [322]

177 1045 337 1097 ὤφελον
362 1047 430 1094 τῆς
454 1045 551 1095 ὑπὲρ
577 1042 762 1083 ἁπάντων
786 1042 913 1093 λύπης
937 1045 1132 1083 πλεῖστον
1155 1044 1350 1094 μετεῖχεν.

244 1110 348 1163 Λέγε
373 1110 406 1150 δ’
431 1110 532 1164 αὐτῷ
556 1109 662 1151 τουτὶ
686 1109 731 1149 τὸ
757 1110 995 1161 ἐπίγραμμα,
1022 1107 1042 1147 ὃ
1068 1108 1236 1164 δημοσίᾳ
1261 1106 1500 1159 προείλεθ’ῆ
1532 1114 1600 1158 289

117 1193 154 1226 15
177 1178 294 1220 πόλις
330 1177 461 1218 αὐτοῖς
498 1175 732 1229 ἐπιγράψαι,
768 1175 817 1216 ἵν’
851 1177 966 1232 εἰδῇς,
1001 1175 1189 1228 Αἰσχίνη,
1226 1174 1287 1214 καὶ
1324 1175 1366 1215 ἐν
1399 1173 1501 1228 αὐτῷ

175 1245 299 1299 τούτῳ
333 1242 482 1284 σαυτὸν
512 1243 724 1296 ἀγνώμονα
754 1241 816 1283 καὶ
848 1242 1101 1295 συκοφάντην
1127 1243 1224 1282 ὄντα
1254 1240 1315 1282 καὶ
1347 1240 1500 1293 μιαρόν.

175 1310 291 1363 Λέγε.

714 1370 966 1399 ΕΠῙΓΡΑΜΜΑ.

278 1442 374 1482 Οἵδε
399 1441 548 1493 πάτρας
574 1441 688 1481 ἕνεκα
714 1439 912 1492 σφετέρας
937 1441 991 1481 εἷς
1015 1441 1126 1491 δῆριν
1151 1439 1285 1480 ἔθεντο

115 1526 154 1547 20
341 1509 459 1554 ὅπλα,
487 1507 550 1547 καὶ
576 1506 803 1548 ἀντιπάλων
827 1507 946 1558 ὕβριν
972 1505 1264 1546 ἀπεσκέδασαν-

275 1574 545 1627 ῒμαρνάμενοι
571 1573 604 1614 δ’
628 1575 767 1626 ἀρετῆς
793 1574 856 1614 καὶ
876 1573 1055 1623 δείματος
1080 1572 1178 1613 Τοὐκ
1203 1571 1392 1613 ἐσάωσαν

340 1641 490 1695 ψυχάς,
518 1640 610 1682 ἀλλ’
635 1639 772 1691 Ἀΐδην
799 1639 928 1680 κοινὸν
953 1639 1087 1680 ἔθεντο
1111 1641 1262 1692 βραβῆ,

275 1709 432 1749 οὕνεκεν
455 1707 680 1759 Ἑλλήνων,
708 1707 760 1749 ὡς
782 1705 834 1758 μὴ
862 1705 977 1759 ζυγὸν
996 1705 1134 1760 αὐχένι
1159 1705 1290 1747 θέντες

342 1775 584 1824 δουλοσύνης
611 1775 807 1826 στυγερὰν
832 1773 957 1832 ἀμφὶς
981 1772 1130 1826 ἔχωσιν
1155 1774 1284 1825 ὕβριν.

116 1856 153 1888 25
275 1845 369 1893 γαῖα
394 1843 435 1882 δὲ
462 1841 600 1892 πατρὶς
624 1842 710 1894 ἔχει
735 1841 897 1882 κόλποις
921 1843 999 1880 τῶν
1023 1842 1198 1880 πλεῖστα
1223 1839 1426 1890 καμόντων

344 1907 506 1958 σώματ’,
535 1907 619 1948 ἐπεὶ
645 1910 802 1958 θνητοῖς
828 1909 870 1948 ἐκ
898 1906 996 1949 Διὸς
1019 1906 1087 1956 ἥδε
1114 1907 1253 1958 κρίσις·

274 1976 396 2025 μηδὲν
421 1975 609 2025 ἁμαρτεῖν
634 1975 722 2014 ἐστι
747 1976 847 2015 θεῶν
873 1975 935 2015 καὶ
960 1972 1091 2014 πάντα
1116 1975 1327 2024 κατορθοῦν

343 2042 386 2080 ἐν
409 2044 541 2097 βιοτῇ·
580 2044 721 2093 μοῖραν
746 2040 779 2080 δ’
804 2041 849 2080 οὔ
873 2057 909 2081 τι
936 2044 1079 2093 φυγεῖν
1105 2041 1258 2091 ἔπορεν.

223 2159 235 2179 1
262 2149 289 2181 δ’
307 2159 371 2180 om.
390 2148 425 2179 S¹
442 2149 543 2179 Vind.
567 2156 580 2178 1
674 2148 812 2181 ἐλθόντα
829 2148 852 2179 S
865 2148 965 2180 L1A:
993 2148 1148 2181 ἐλθόντας
1164 2147 1255 2187 vulg.
1388 2156 1407 2177 2
1432 2148 1505 2179 ὑπο-

175 2192 360 2234 κρινόμενον
377 2192 409 2222 Α
426 2204 432 2222 :
458 2191 718 2233 ὑποκρινομένους
737 2191 761 2222 S
774 2192 799 2222 L
817 2191 908 2231 vulg.
1058 2193 1080 2222 6
1104 2193 1133 2223 οἱ
1149 2196 1228 2222 ante
1246 2191 1305 2223 ὑπὸ
1322 2190 1399 2222 add.
1420 2189 1444 2221 S
1457 2190 1504 2221 L:

176 2246 242 2267 orn.
259 2236 347 2274 vulg.
479 2245 492 2264 1
504 2245 515 2265 1
543 2236 581 2266 τὸ
599 2239 676 2274 post
692 2235 755 2276 γὰρ
771 2236 846 2266 add.
867 2235 954 2274 vulg.
974 2246 981 2265 τ
1006 2245 1070 2265 om.
1091 2235 1114 2265 S
1128 2235 1154 2264 L
1167 2233 1231 2264 FB
1365 2235 1403 2265 18
1427 2233 1504 2274 Epi-

177 2289 325 2318 gramma
342 2289 406 2310 om.
427 2278 451 2309 S
465 2278 503 2308 L¹
515 2277 545 2308 A
648 2288 686 2316 19
711 2277 804 2310 ἕνεκα
821 2279 916 2309 codd.
933 2289 940 2308 ε
963 2278 1024 2317 μὲν
1041 2279 1114 2310 ἑκὰς
1130 2277 1223 2307 Weil
1325 2286 1362 2306 21
1390 2276 1504 2319 μαρνοί·

175 2336 263 2362 μενοι
282 2344 290 2353 .
307 2345 314 2352 .
335 2346 342 2353 .
363 2323 512 2361 δείματος
545 2321 598 2350 vix
633 2331 717 2351 sana
891 2320 1099 2362 μαρνάμενοι]
1133 2319 1332 2360 μνησάμενοι
1366 2320 1505 2351 Passow

176 2365 340 2406 δείματος]
376 2365 521 2404 λήματος
553 2364 767 2395 Valckenaer
1065 2374 1105 2393 22
1145 2366 1253 2405 βραβῆ
1295 2363 1483 2394 Schneider
1498 2374 1505 2394 t

176 2410 303 2449 βραβῆν
320 2409 416 2439 codd.
552 2409 594 2439 28
619 2408 731 2450 ἔπορεν
751 2408 776 2438 L
790 2407 815 2438 F
832 2407 921 2446 vulg.
939 2418 945 2437 t
972 2407 1083 2448 ἔπορον
1101 2406 1132 2438 Ο
