1763 2828
191 346 234 383 91

191 1042 238 1078 92

126 1575 237 1630 [257]

696 127 1183 166 ΔΙΙΜΟΣΘΕΝΟΎΣ
1478 124 1599 178 [xvm

270 226 328 263 καὶ
353 226 491 275 βέλεσι
519 227 578 265 καὶ
605 227 772 267 ὁπλίταις
797 226 958 271 ἐξείλετο
983 228 1052 275 ἁμὲ
1077 229 1116 264 ἐκ
1139 229 1211 264 τῶν
1233 228 1407 278 μεγάλων
1432 227 1602 266 κινδύνων

269 281 328 318 καὶ
352 281 635 319 ἀποκατέστασε
655 283 723 320 τὰν
742 281 896 330 πάτριον
915 281 1106 319 πολιτείαν
1126 281 1186 319 καὶ
1211 282 1280 321 τὼς
1306 281 1423 331 νόμως
1450 282 1509 320 καὶ
1532 283 1601 322 τὼς

267 335 404 384 τάφως,
422 335 593 387 δεδόχθαι
613 339 662 387 τῷ
684 336 785 386 δάμῳ
806 339 855 386 τῷ
874 336 1079 381 Βυζαντίων
1101 336 1160 374 καὶ
1176 335 1378 385 Περινθίων
1392 335 1601 376 Ἀθαναίοις

268 389 377 440 δόμεν
405 391 612 442 ἐπιγαμίαν,
640 390 842 435 πολιτείαν,
873 390 1048 441 ἔγκτασιν
1073 393 1141 441 γᾶς
1169 390 1228 427 καὶ
1255 391 1382 435 οἷκιᾶν,
1406 391 1602 440 προεδρίαν

268 447 307 482 ἐν
329 447 405 484 τοῖς
435 447 566 496 ἀγῶσι,
591 445 751 483 πόθοδον
774 444 860 482 ποτὶ
887 446 955 482 τὰν
978 445 1110 493 βωλὰν
1134 445 1193 482 καὶ
1221 445 1285 482 τὸν
1309 444 1425 494 δᾶμον
1450 445 1602 495 πράτοις
1621 459 1640 491 5

267 498 361 537 πεδὰ
384 501 430 538 τὰ
455 500 543 549 ἱερά,
566 500 625 537 καὶ
651 502 726 540 τοῖς
755 501 934 537 κατοικεῖν
956 499 1129 537 ἐθέλουσι
1148 501 1216 538 τὰν
1235 499 1345 537 πόλιν
1365 500 1603 551 ἀλειτουργή-

267 570 342 594 τοις
370 553 462 603 ἦμεν
485 557 613 592 πασᾶν
637 557 704 592 τᾶν
731 557 973 605 λειτουργιᾶν·
1015 557 1155 591 στᾶσαι
1185 553 1223 592 δὲ
1253 553 1312 591 καὶ
1341 554 1479 595 εἰκόνας
1507 556 1603 604 τρεῖς

268 608 588 659 ἑκκαιδεκαπάχεις
613 611 650 647 ἐν
669 611 720 658 τῷ
748 608 974 659 Βοσπορείῳ,
999 609 1300 658 στεφανούμενον
1319 609 1383 647 τὸν
1404 608 1520 659 δᾶμον
1538 609 1604 646 τὸν

267 661 471 701 Ἀθαναίων
486 664 557 701 ὑπὸ
578 666 626 700 τῶ
648 663 750 712 δάμω
765 666 815 701 τῶ
832 664 1039 709 Βυζαντίων
1056 663 1115 701 καὶ
1136 663 1348 712 Περινθίων·
1380 665 1603 702 ἀποστεῖλαι

267 717 306 755 δὲ
337 717 396 755 καὶ
426 717 570 767 θεαρίας
601 720 635 757 ἐς
663 719 728 757 τὰς
758 720 795 755 ἐν
823 720 870 768 τᾷ
902 717 1059 755 Ἑλλάδι
1092 718 1327 769 παναγύριας,
1354 716 1509 767 Ἴσθμια
1543 717 1601 754 καὶ

268 772 397 820 Νέμεα
424 772 484 809 καὶ
510 772 702 820 Ὀλύμπια
729 771 789 810 καὶ
816 771 952 815 Πύθια,
978 772 1037 809 καὶ
1065 773 1287 821 ἀνακαρῦξαι
1314 774 1382 812 τὼς
1409 772 1603 820 στεφάνως

268 824 320 865 οἷς
336 826 591 874 ἐστεφάνωται
607 827 626 863 ὁ
641 826 756 875 δᾶμος
772 827 791 863 ὁ
806 824 1010 864 Ἀθαναίων
1024 825 1087 874 ὑφ’
1108 827 1238 876 ἁμέων,
1253 827 1349 867 ὅπως
1365 827 1604 864 ἐπιστέωνται

268 880 303 917 οἱ
327 878 512 920 ’Έλλανες
543 881 610 918 τάν
642 897 681 918 τε
711 879 915 919 Ἀθαναίων
949 882 1082 929 ἀρετὰν
1114 881 1173 918 καὶ
1203 882 1270 920 τὰν
1302 882 1510 927 Βυζαντίων
1545 881 1603 918 καὶ

270 934 475 983 Περινθίων
495 933 761 986 εὖχαριστίαν.]

336 1031 443 1084 Λέγε
470 1033 531 1073 καὶ
557 1032 647 1074 τοὺς
672 1034 777 1085 παρὰ
802 1036 880 1073 τῶν
904 1033 948 1073 ἐν
974 1031 1216 1089 Χερρονήσῳ
1242 1032 1478 1086 στεφάνους.

663 1173 852 1202 ΨΗΦῙΣΜΑ
885 1173 1210 1203 ΧΕΡΡΟΝΗΣῙΤΩΝ.

322 1245 619 1299 [Χερρονησιτῶν
642 1250 676 1286 οἶ
705 1251 954 1287 κατοικοῦντες
979 1249 1138 1297 Σηστόν,
1160 1248 1390 1294 Ἐλαιοῦντα,
1416 1248 1603 1294 Μάδυτον,

269 1301 613 1352 Ἀλωπεκόννησον,
648 1305 902 1352 στεφανοῦσιν
932 1301 1137 1351 Ἀθηναίων
1169 1303 1236 1352 τὴν
1268 1303 1416 1353 βουλὴν
1450 1303 1509 1341 καὶ
1541 1304 1605 1342 τὸν

269 1358 386 1407 δῆμον
418 1361 546 1408 χρυσῷ
581 1358 755 1424 στεφάνῳ
789 1357 863 1394 ἀπὸ
896 1357 1088 1396 ταλάντων
1123 1358 1310 1407 ἑξήκοντα,
1347 1357 1406 1395 καὶ
1444 1358 1604 1407 Χάριτος

268 1413 400 1462 βωμὸν
416 1412 597 1462 ἱδρύονται
613 1412 672 1450 καὶ
688 1412 820 1461 Δήμου
835 1410 1085 1460 Ἀθηναίων,’
1065 1429 1121 1449 οτι
1135 1412 1281 1450 πάντων
1296 1410 1402 1462 <τῶν>
1417 1412 1604 1463 μεγίστων

269 1466 416 1518 ἀγαθῶν
453 1467 644 1516 παραίτιος
688 1467 819 1517 γέγονε
862 1466 1163 1515 Χερρονησιταις,
1205 1466 1419 1516 ἐξελόμενος
1458 1469 1497 1504 ἐκ
1539 1468 1603 1515 τῆς

268 1522 458 1559 Φιλίππου
480 1539 538 1558 και
559 1521 716 1561 ἀποδοὺς
735 1521 799 1560 τὰς
818 1520 1004 1569 πατρίδας,
1025 1537 1109 1560 τους
1130 1521 1274 1570 νόμους,
1295 1521 1362 1569 τὴν
1382 1520 1601 1570 ἐλευθερίαν,

268 1577 314 1613 τὰ
335 1576 421 1625 ἱερά.
486 1593 545 1613 και
566 1578 603 1613 ἐν
622 1592 673 1613 τω
691 1591 784 1624 μετα
803 1577 919 1613 ταῦτα
938 1576 1039 1612 αἰῶνι
1063 1575 1172 1613 παντὶ
1192 1576 1257 1612 οὐκ
1279 1575 1444 1625 ἐλλείψει
1464 1576 1603 1626 εὔχαρι·

270 1633 369 1668 στῶν
390 1630 448 1668 καὶ
468 1633 582 1668 ποιῶν
597 1629 617 1666 ὅ
635 1647 671 1668 τι
691 1628 735 1667 ἂν
751 1629 899 1678 δύνηται
920 1628 1071 1681 ἀγαθόν.
1112 1632 1227 1668 ταῦτα
1248 1630 1484 1679 ἐψηφίσαντο
1505 1632 1543 1668 ἐν
1558 1632 1608 1681 τῷ

272 1687 377 1736 κοινῷ
395 1683 679 1736 βουλευτηρίῳ.]

314 1799 334 1828 3
359 1789 509 1830 δεδόχθαι
528 1789 554 1819 L
567 1798 650 1819 corr.
666 1788 705 1819 al.
725 1800 732 1819 ι
757 1787 899 1828 δεδόχθω
915 1788 938 1818 S
952 1787 991 1818 L¹
1005 1788 1105 1827 vulg„
1120 1788 1162 1820 cf.
1179 1791 1193 1826 ξ
1208 1799 1261 1827 29,
1275 1788 1315 1826 84
1408 1799 1426 1827 4
1446 1788 1603 1829 ἔγκτασιν

269 1833 424 1863 Valesius
440 1844 446 1862 :
475 1833 608 1864 ἔκτασιν
629 1833 726 1863 codd.
908 1842 927 1870 5
952 1831 1087 1863 πόθοδον
1103 1831 1259 1862 Valesius
1274 1843 1279 1861 z
1305 1836 1446 1864 ποθολον
1461 1831 1515 1862 vel
1532 1833 1602 1863 ποθ’

270 1877 348 1909 ὅλον
365 1877 463 1907 codd.
555 1875 686 1917 πράτοις
702 1875 859 1906 Valesius
877 1887 883 1905 :
908 1876 991 1916 παρὰ
1007 1878 1074 1907 τοῖς
1091 1876 1188 1906 codd.
1304 1877 1324 1905 6
1347 1877 1428 1908 πεδὰ
1446 1875 1601 1906 Bekker:

270 1921 353 1961 παρὰ
369 1921 468 1950 codd.
645 1920 666 1949 8
691 1919 975 1958 ἑκκαιδεκαπάχεις
994 1919 1161 1949 Dindorf:
1191 1919 1478 1960 ἑκκαιδεκαπήχεις
1501 1920 1598 1950 codd.

271 1964 451 2005 Βοσπορείῳ
471 1963 633 1994 Dindorf:
660 1963 869 2004 Βοσπορείχῳ
889 1963 912 1993 S
930 1974 936 1993 :
962 1964 1153 2004 Βοσπορίχῳ
1171 1963 1258 2002 vulg.
1414 1973 1454 1993 10
1478 1963 1601 2005 θεαρίας

270 2007 380 2038 Cobet
397 2019 403 2037 :
428 2007 555 2048 θεωρίας
571 2006 784 2037 Valckenaer
800 2017 805 2036 :
831 2007 941 2047 δωρίας
960 2007 983 2037 S
997 2006 1036 2036 Ll
1053 2006 1142 2045 vulg.
1246 2009 1288 2048 τᾷ
1304 2006 1513 2037 Valckenaer
1528 2017 1534 2036 :
1559 2009 1600 2049 τῇ

269 2050 355 2090 Aug.
388 2061 430 2089 4:
465 2064 501 2082 τε
530 2050 594 2081 SL
621 2050 709 2089 vulg.
849 2050 1042 2092 παναγύριας
1072 2050 1241 2081 Dindorf:
1276 2050 1471 2092 πανηγύριας
1499 2050 1597 2081 codd.

274 2104 309 2124 11
350 2096 411 2126 τὼς
443 2093 610 2135 στεφάνως
640 2094 787 2125 Reiske:
828 2107 872 2125 τω
904 2094 1066 2135 στεφάνωι
1101 2096 1123 2124 S
1142 2106 1149 2124 ε
1187 2097 1232 2125 τῶ
1264 2093 1414 2134 στεφάνω
1443 2093 1482 2123 Ll
1507 2094 1596 2133 vulg.

273 2147 311 2168 12
350 2137 395 2170 οἷς
433 2137 656 2178 ἐστεφάνωται
693 2137 924 2169 Valckenaer:
967 2140 1246 2178 ὁσοιστεφανωται
1285 2137 1329 2168 5;
1369 2138 1438 2169 ὅσοι
1478 2137 1599 2178 στεφά-

271 2195 366 2213 νωται
395 2181 491 2211 L¹Fz
534 2180 557 2222 ᾧ
585 2181 832 2223 συστεφοίνωται
860 2181 950 2219 vulg.
1085 2180 1191 2221 ἁμέων
1219 2180 1336 2211 Blass:
1373 2181 1463 2220 ἡμῶν
1489 2181 1599 2219 vulg.:

269 2227 354 2264 ὑμῶν
379 2224 479 2256 SLF
645 2234 682 2263 13
714 2224 775 2256 τάν
798 2238 835 2256 τε
860 2224 1013 2255 Porson:
1046 2224 1147 2256 πάντε
1173 2224 1196 2255 S
1221 2224 1332 2255 solus:
1366 2224 1483 2256 πάντες
1507 2224 1598 2263 vulg.

272 2277 309 2306 17
341 2269 534 2301 Ἐλαιοῦντα
558 2268 757 2306 Felicianus‚
785 2268 979 2307 Harpocr.:
1011 2268 1185 2300 Ἐλεοῦντα
1209 2268 1306 2299 codd.
1463 2278 1505 2298 20
1535 2272 1600 2300 τῶν

269 2311 345 2342 add.
358 2311 451 2342 Weil
586 2323 624 2342 21
650 2312 815 2354 παραίτιος
834 2311 964 2342 Reiske
982 2322 988 2341 ε
1012 2311 1165 2353 πράττειν
1183 2311 1206 2342 S
1219 2311 1245 2341 L
1259 2310 1302 2341 F:
1328 2310 1482 2352 πράττειν
1499 2313 1599 2343 αἴτιος

269 2355 322 2428 al.1
462 2365 502 2394 24
528 2358 562 2388 ἐν
578 2359 623 2397 τῷ
641 2359 734 2396 κοινῷ
751 2355 847 2386 codd.
867 2355 944 2393 duo,
965 2354 1121 2387 Dobree:
1149 2357 1183 2386 ἐν
1199 2358 1292 2395 κοινῷ
1310 2354 1335 2384 F
1347 2354 1376 2384 O
1393 2365 1400 2385 z
1425 2358 1517 2395 κοινῷ
1535 2354 1559 2386 S
1572 2355 1599 2385 L

268 2408 311 2429 vu
325 2407 356 2436 g.

1625 732 1665 755 10

1628 1051 1664 1083 15

1626 1424 1665 1447 20

1625 1696 1662 1727 25
