1731 2844
184 125 224 179 x]
536 128 695 166 RATA
744 127 1059 166 ΦΙΛΙΠΠΟὙ
1109 130 1144 166 Δ

181 232 318 285 ἄρχειν
349 231 609 283 βουλομένοις
641 232 703 272 καὶ
735 230 884 272 πάντας
920 230 1146 282 ἀνθρώπους
1183 233 1238 273 εἰς
1275 233 1499 284 ἐλευθερίαν

182 298 390 349 ἐξελέσθαι
420 300 550 339 δεινοί.
621 299 759 338 οὔκουν
787 297 978 348 βούλεται
1001 300 1083 339 τοῖς
1112 298 1230 338 αὑτοῦ
1258 303 1403 350 καιροῖς
1428 299 1499 349 τὴν

182 364 271 417 παρ’
289 366 395 415 ὑμῶν
415 366 639 416 ἐλευθερίαν
660 364 896 416 ἐφεδρεύειν,
919 363 963 404 οὐ
989 367 1113 405 κακῶς
1132 363 1211 404 οὐδ’
1231 365 1360 416 ἀργῶς
1379 368 1498 405 ταῦτα

180 432 446 483 λογιζόμενος.
505 435 659 483 πρῶτον
682 433 754 481 μὲν
773 429 818 479 δὴ
839 433 951 469 τοῦτο
977 432 1047 475 δεῖ,
1070 430 1212 482 ἐχθρὸν
1236 430 1498 482 ὑπειληφέναι

141 512 159 543 5
181 500 250 548 τῆς
286 498 488 539 πολιτείας
526 498 587 538 καὶ
624 499 692 546 τῆς
729 497 987 547 δημοκρατίας
1028 495 1295 537 ἀδιάλλακτον
1333 498 1495 544 ἐκεῖνον,

181 564 361 615 δεύτερον
384 563 416 603 δ’
437 562 581 603 εἰδέναι
604 566 744 615 σαφῶς
771 563 829 602 ὅτι
855 561 970 602 πάνθ’
994 562 1072 601 ὅσα
1097 563 1411 615 πραγματεύεται
1436 564 1498 603 καὶ

181 629 506 679 κατασκευάζεται
530 632 610 674 νῦν,
633 629 697 669 ἐπὶ
714 628 785 678 τὴν
804 627 994 680 ἡμετέραν
1013 629 1130 669 πόλιν
1150 629 1495 681 παρασκευάζεται.

181 696 226 736 οὗ
249 698 323 748 γὰρ
347 696 467 737 οὕτως
497 694 635 745 εὐήθης
659 696 764 745 ὑμῶν
791 695 900 734 ἐστὶν
925 695 1050 737 οὐδεὶς
1076 695 1173 735 ὥσθ’
1200 695 1498 746 ὑπολαμβάνειν

179 761 246 802 τὸν
266 763 468 802 Φίλιππον
491 765 570 801 τῶν
593 763 666 812 μὲν
690 761 733 801 ἐν
753 759 891 816 Θρᾴκῃ
917 765 1043 801 κακῶν
1065 761 1121 813 (τί
1142 764 1217 814 γὰρ
1241 762 1289 802 ἂν
1313 762 1415 802 ἄλλο
1439 779 1498 804 τις

120 845 158 866 10
179 830 280 868 εἴποι
297 829 524 881 Δρογγίλον
542 828 602 868 καὶ
621 827 813 878 Καβύλην
831 827 892 867 καὶ
908 827 1143 879 Μάστειραν
1163 829 1224 868 καὶ
1243 829 1267 868 ἂ
1286 832 1354 869 νῦν
1370 833 1496 879 φασιν

178 894 294 935 αὐτὸν
311 892 455 947 ἕχειν,·)
482 894 629 934 τούτων
646 896 718 944 μὲν
734 895 934 944 ἐπιθυμεῖν
952 895 1013 934 καὶ
1028 895 1123 946 ὑπὲρ
1135 898 1203 934 τοῦ
1220 898 1337 934 ταῦτα
1352 899 1497 945 λαβεῖν

180 962 243 1002 καὶ
267 962 407 1002 πόνους
437 961 498 1000 καὶ
527 964 721 1014 χειμῶνας
751 961 813 1000 καὶ
838 960 926 1002 τοὺς
954 960 1149 1013 ἐσχάτους
1179 962 1377 1002 κινδύνους
1399 962 1494 1001 ὑπο-

178 1026 324 1078 μένειν,
352 1030 428 1067 τῶν
455 1027 486 1066 δ’
512 1027 733 1077 Ἀθηναίων
756 1026 929 1077 λιμένων
955 1027 1016 1067 καὶ
1046 1028 1217 1078 νεωρίων
1244 1028 1305 1067 καὶ
1330 1026 1496 1079 τριήρων

180 1094 243 1134 καὶ
277 1093 396 1134 τόπου
434 1094 495 1134 καὶ
533 1092 661 1143 δόξης,
694 1093 749 1133 ῶν
784 1092 873 1143 μήτ’
906 1094 1039 1147 ἐκείνῳ
1075 1092 1163 1144 μήτ’
1195 1093 1305 1147 ἄλλῳ
1342 1093 1496 1145 γένοιτο

118 1175 156 1208 15
177 1161 313 1210 μηδενὶ
338 1159 618 1214 χειρωσαμένῳ
644 1158 715 1209 τὴν
738 1159 857 1200 πόλιν
882 1160 952 1209 τὴν
977 1159 1166 1211 ἡμετέραν
1193 1163 1405 1211 κυριεῦσαι,
1428 1160 1495 1200 οὐκ

178 1228 392 1276 ἐπιθυμεῖν,
416 1227 521 1266 ἀλλὰ
551 1229 670 1265 ταῦτα
696 1227 770 1276 μὲν
796 1226 894 1275 ὑμᾶς
924 1225 1058 1266 ἐάσειν
1083 1225 1203 1279 ἔχειν,
1231 1227 1327 1278 ὑπὲρ
1352 1228 1392 1267 δὲ
1419 1230 1496 1267 τῶν

175 1296 347 1343 μελινῶν
372 1292 434 1332 καὶ
457 1296 533 1332 τῶν
559 1293 709 1344 ὀλυρῶν
734 1295 810 1332 τῶν
835 1294 877 1332 ἐν
901 1296 982 1334 τοῖς
1009 1293 1196 1346 Θρᾳκίοις
1226 1296 1352 1344 σιροῖς
1378 1294 1418 1333 ἐν
1443 1297 1494 1347 τῷ

175 1358 361 1413 βαράθρῳ
387 1358 598 1412 χειμάζειν.
657 1358 726 1397 οὐκ
753 1359 838 1398 ἔστι
863 1362 994 1404 ταῦτα,
1021 1360 1127 1398 ἀλλὰ
1152 1359 1296 1399 κάκεῖν’
1314 1360 1410 1411 ὑπὲρ
1430 1363 1497 1399 τοῦ

175 1424 323 1465 τούτων
350 1426 558 1478 γίγνεσθαι
593 1424 720 1476 κύριος
755 1425 817 1465 καὶ
847 1424 978 1465 τᾶλλα
1009 1425 1138 1466 πάντα
1167 1426 1494 1478 πραγματεύεται.

117 1506 157 1528 20
175 1495 296 1531 ταῦτα
331 1492 461 1532 τοίνυν
491 1492 660 1532 ἕκαστον
694 1492 823 1532 εἰδότα
861 1493 922 1532 καὶ
958 1492 1236 1544 γιγνώσκοντα
1271 1491 1361 1545 παρ’
1393 1493 1494 1547 αὐτῷ

176 1561 235 1598 δεῖ
255 1560 308 1608 μὰ
330 1558 397 1598 Δί’
416 1557 463 1598 οὐ
484 1558 639 1611 γράψαι
663 1558 839 1599 κελεύειν
862 1559 1039 1609 πόλεμον
1063 1558 1132 1600 τὸν
1155 1561 1204 1599 τὰ
1229 1558 1412 1610 βέλτιστ’
1433 1559 1495 1600 ἐπὶ

175 1627 275 1664 πᾶσι
291 1626 453 1667 δικαίοις
469 1625 808 1676 συμβουλεύοντα·
841 1629 956 1665 τοῦτο
973 1628 1046 1677 μὲν
1062 1625 1137 1678 γάρ
1154 1627 1238 1666 ἐστι
1256 1630 1403 1676 λαβεῖν
1419 1626 1494 1680 ὅτῳ

175 1690 423 1742 πολεμήσετε
445 1691 715 1743 βουλομένων,
737 1691 809 1744 οὐχ
828 1692 853 1732 ἃ
870 1697 917 1749 τῇ
936 1693 1051 1733 πόλει
1077 1691 1271 1744 συμφέρει
1296 1692 1491 1744 πράττειν.

175 1758 288 1809 ὁρᾶτε
307 1757 392 1810 γάρ.
450 1760 484 1799 εἰ
502 1758 550 1799 δι’
567 1759 591 1798 ἃ
609 1762 743 1810 πρῶτα
763 1760 1067 1810 παρεσπόνδησε
1085 1760 1287 1801 Φίλιππος
1307 1756 1330 1809 ἦ
1350 1759 1494 1811 δεύτερ’

117 1837 154 1869 25
174 1820 198 1874 ἢ
217 1825 328 1876 τρίτα
345 1824 490 1874 (πολλὰ
510 1824 584 1877 γάρ
604 1826 715 1865 ἐστιν
735 1824 894 1877 ἐφεξῆς)
911 1825 1066 1878 ἔγραψέ
1088 1843 1146 1868 τις
1165 1825 1267 1880 αὐτῷ
1289 1829 1493 1876 πολεμεῖν,

176 1891 196 1930 ὁ
216 1890 247 1930 δ’
267 1891 408 1941 ὁμοίως
433 1892 567 1943 ὥσπερ
586 1895 667 1937 νῦν,
689 1892 733 1932 οὐ
751 1891 976 1944 γράφοντος
1001 1892 1158 1935 οὐδενὸς
1181 1894 1288 1943 ὑμῶν
1307 1893 1495 1943 πόλεμον,

223 2009 235 2029 1
266 2000 339 2032 τοὺς
364 2004 442 2030 ante
467 2000 645 2041 ἀνθρώπους
666 1999 742 2030 add.
765 1999 810 2030 S:
835 2009 900 2031 om.
920 2000 1008 2039 vulg.
1029 2005 1062 2030 et
1079 2000 1134 2030 viii
1152 2010 1193 2038 42
1368 2010 1388 2038 3
1413 2001 1497 2038 ὑμῶν

175 2043 261 2082 vulg.
279 2054 284 2073 z
311 2045 382 2082 ὑμῖν
400 2043 476 2081 SA,
497 2043 538 2075 cs.
556 2043 611 2073 viii
629 2053 671 2081 42
835 2055 853 2081 4
886 2046 982 2075 τοῦτο
1007 2046 1058 2075 δεῖ
1080 2045 1102 2073 S
1116 2044 1161 2073 F:
1194 2043 1309 2074 τούτου
1333 2045 1383 2074 δεῖ
1403 2041 1497 2084 χάριν

175 2086 262 2124 vulg.
277 2097 283 2118 t
309 2087 360 2118 διὰ
375 2089 472 2118 τοῦτο
490 2089 539 2118 δεῖ
552 2086 595 2123 Α,
613 2086 652 2117 cf.
674 2086 731 2117 viii
748 2096 789 2125 43
878 2097 899 2126 9
916 2088 954 2119 ἂν
967 2097 1033 2117 om.
1047 2088 1070 2117 S
1084 2087 1176 2117 solus
1270 2096 1307 2124 13
1325 2085 1497 2123 Ἀθηναίων

178 2128 261 2161 SA:
287 2130 437 2167 Ἀθήνησι
455 2130 556 2168 vulg„
576 2130 615 2160 cf.
636 2129 690 2160 viii
709 2139 749 2168 45
883 2135 959 2169 post
981 2131 1116 2172 τριήρων
1137 2130 1213 2161 add.
1233 2131 1283 2161 καὶ
1306 2133 1370 2160 τῶν
1395 2129 1497 2170 ἔργων

176 2175 239 2204 τῶν
263 2173 432 2215 ἀργυρείων
457 2174 506 2204 καὶ
531 2172 696 2204 τοσούτων
719 2172 884 2214 προσόδων
902 2173 957 2213 (cf.
977 2174 1031 2202 viii
1054 2174 1108 2214 45)
1130 2173 1240 2211 vulg.:
1267 2182 1330 2202 om.
1353 2172 1376 2201 S
1405 2171 1497 2202 solus

179 2223 215 2253 14
240 2215 355 2255 τόπου]
372 2215 477 2248 τόπων
494 2215 524 2245 Α
666 2225 704 2255 19
725 2216 893 2257 γίγνεσθαι
911 2215 1022 2256 vulg.:
1047 2217 1192 2256 γίνεσθαι
1213 2215 1236 2245 S
1270 2215 1330 2245 sed
1345 2214 1496 2256 γενέσθαι

176 2263 231 2293 viii
249 2265 306 2304 45)
482 2275 519 2295 21
547 2263 707 2304 πόλεμον]
725 2264 783 2296 τὸν
800 2263 942 2304 πόλεμον
960 2263 984 2293 S
1153 2272 1194 2292 22
1218 2263 1280 2302 ὅτῳ
1298 2261 1503 2302 πολεμήσετε

176 2305 241 2337 SA
256 2319 263 2337 :
288 2308 350 2348 ὅτῳ
365 2308 409 2346 μὴ
427 2309 631 2348 πολεμήσετε
649 2309 766 2344 λαβεῖν
783 2307 872 2346 vulg.
987 2316 1028 2345 23
1053 2308 1086 2337 οὐ
1106 2310 1185 2336 ante
1203 2305 1407 2345 βουλομένων
1423 2305 1503 2336 add.

177 2350 262 2388 vulg.
279 2361 286 2380 z
309 2360 371 2381 om.
393 2351 459 2381 SA
620 2351 661 2380 26
686 2352 810 2383 οὐδενὸς
831 2353 915 2390 ὑμῶν
932 2350 1037 2390 (ἡμῶν
1055 2349 1101 2388 A)
1122 2349 1144 2380 S
1160 2361 1165 2380 z
1191 2349 1360 2387 Ἀθηναίων
1378 2350 1501 2381 οὐδενὸς

177 2392 278 2432 vulg„
298 2394 339 2423 cf.
360 2394 416 2424 viii
434 2394 475 2432 58

1531 130 1630 184 [135]

1532 443 1570 480 15

1531 1033 1572 1067 16

1528 1327 1634 1382 [136]

1532 1765 1570 1798 18
