1747 2844
141 520 158 551 5

118 850 156 871 ῘΟ

113 1516 153 1538 20

185 126 273 180 x1x]
410 131 551 168 ΠΕΡΙ
600 131 723 168 ΤΗΣ
772 129 1296 167 ΠΑΡΑΠΡΕΣΒΕΙΑΣ

182 232 545 286 ἀπαγγελθήσεται,
581 234 685 274 ὥστε
722 233 783 273 καὶ
820 233 856 272 εἴ
891 249 950 274 τις
985 233 1073 282 ἐμοὶ
1109 235 1320 277 διαπιστεῖ,
1357 232 1508 274 τούτοις

180 301 399 342 πιστεύσας
425 299 540 340 αὑτὸν
562 301 762 352 ἐγχειριεῖ·
800 298 889 339 τοὺς
915 297 947 337 δ’
966 297 1200 348 Ἀθηναίους
1225 297 1365 340 αὐτοὺς
1387 316 1505 350 μετα-

181 366 404 419 πεμψόμεθ’
429 367 553 417 ἡμεῖς,
583 366 647 406 ἵνα
675 364 804 412 πάνθ’,
834 363 897 403 ὅσ’
927 364 975 404 ἂν
1003 364 1245 415 βούλωνται,
1273 366 1507 415 νομίσαντες

179 433 371 486 ὑπάρχειν
388 435 510 485 σφίσι
527 434 648 484 μηδὲν
669 432 846 472 ἐναντίον
862 431 1140 483 ψηφίσωνται·
1174 431 1282 471 οὗτοι
1302 433 1343 471 δὲ
1359 431 1507 472 τοιαῦτ’

179 501 454 553 ἀπαγγελοῦσι
486 498 575 551 παρ’
602 499 712 549 ἡμῶν
746 498 807 538 καὶ
838 496 1145 551 ὑποσχήσονται
1179 497 1225 548 ἐξ
1253 498 1307 537 ὧν
1339 497 1428 548 μηδ’
1459 498 1507 539 ἂν

179 568 308 607 ὁτιοῦν
339 565 363 623 ᾗ
396 564 686 616 κινηθήσονται.
756 567 895 604 τοῦτον
928 564 997 604 τὸν
1030 565 1176 616 τρόπον
1215 565 1276 604 καὶ
1312 566 1507 607 τοιαύταις

178 632 337 686 τέχναις
365 632 441 672 ὑπὸ
471 636 550 672 τῶν
575 630 728 672 κάκιστ’
755 631 1040 682 ἀπολουμένων
1065 632 1282 683 ἀνθρώπων
1308 631 1435 671 πάντα
1461 633 1507 671 τὰ

178 699 373 752 πράγματ’
398 699 593 740 ἀπώλετο.
667 698 728 739 καὶ
758 697 832 751 γάρ
857 715 919 739 τοι
947 701 1198 752 παραχρῆμα,
1227 698 1313 739 ἀντὶ
1343 700 1415 749 μὲν
1439 702 1508 738 τοῦ

178 768 363 808 Θεσπιᾶς
400 766 461 806 καὶ
495 766 702 807 Πλαταιὰς
736 767 831 806 ἰδεῖν
864 765 1120 816 οἰκιζομένας,
1160 765 1405 819 Ὀρχομενὸν
1443 765 1505 806 καὶ

178 833 402 884 Κορώνειαν
420 831 606 883 ἠκούσατ’
625 831 1004 884 ἠνδραποδισμένας,
1023 832 1109 872 ἀντὶ
1129 834 1169 872 δὲ
1188 835 1256 872 τοῦ
1274 833 1343 874 τὰς
1360 832 1504 883 Θήβας

175 900 362 941 ταπεινὰς
387 898 576 951 γενέσθαι
604 899 665 939 καὶ
691 901 984 951 περιαιρεθῆναι
1009 898 1080 949 τὴν
1105 900 1223 951 ὕβριν
1252 899 1313 939 καὶ
1338 899 1382 939 τὸ
1402 899 1500 952 φρό-

176 982 278 1017 νημα
308 961 476 1017 [αὐτῶν],
510 967 558 1006 τὰ
593 969 670 1005 τῶν
707 965 926 1019 συμμάχων
958 969 1035 1006 τῶν
1071 965 1268 1017 ὑμετέρων
1301 962 1503 1018 [Φωκέων]

174 1033 286 1086 τείχη
323 1031 628 1073 κατεσκάπτετο·
668 1035 846 1083 Θηβαῖοι
879 1031 911 1072 δ’
941 1030 1045 1082 ἦσαν
1077 1034 1113 1073 οἱ
1147 1031 1500 1078 κατασκάπτοντες,

174 1100 210 1138 οἱ
243 1099 525 1140 διοικισθέντες
554 1098 618 1139 ὑπ’
650 1100 844 1152 Αἰσχίνου
875 1102 928 1153 τῷ
958 1099 1079 1153 λόγῳ.
1150 1099 1236 1139 ἀντὶ
1265 1101 1306 1139 δὲ
1335 1102 1403 1138 τοῦ
1432 1099 1503 1149 τὴν

175 1165 354 1216 Εὔβοιαν
378 1165 462 1206 ἀντ’
483 1165 769 1218 Ἀμφιπόλεως
793 1166 883 1216 ὑμῖν
909 1167 1190 1217 παραδοθῆναι,
1217 1165 1416 1218 ὁρμητήρι’
1438 1166 1502 1218 ἐφ’

173 1232 272 1282 ὑμᾶς
298 1233 340 1273 ἐν
363 1232 517 1286 Εὐβοίᾳ
538 1233 738 1274 Φίλιππος
759 1232 1198 1284 προσκατασκευάζεται
1218 1233 1280 1273 καὶ
1301 1236 1499 1287 Γεραιστῷ

174 1299 236 1339 καὶ
280 1298 482 1351 Μεγάροις
525 1299 798 1350 ἐπιβουλεύων
840 1302 1022 1340 διατελεῖ.
1097 1300 1183 1340 ἀντὶ
1230 1301 1271 1340 δὲ
1319 1303 1386 1339 τοῦ
1432 1299 1500 1340 τὸν

172 1364 359 1417 Ὠρωπὸν
404 1367 495 1417 ὑμῖν
544 1367 797 1416 ἀποδοθῆναι,
842 1366 930 1418 περὶ
975 1369 1133 1419 Δρυμοῦ
1182 1366 1242 1406 καὶ
1289 1368 1357 1416 τῆς
1404 1366 1500 1418 πρὸς

173 1432 368 1487 Πανάκτῳ
410 1433 542 1487 χώρας
582 1432 668 1483 μεθ’
708 1433 843 1473 ὅπλων
887 1431 1140 1486 ἐξερχόμεθα,
1184 1433 1219 1483 ὅ,
1259 1432 1355 1474 τέως
1397 1432 1499 1483 ἦσαν

172 1502 323 1541 Φωκεῖς
343 1504 455 1554 σῷοι,
476 1499 717 1540 οὐδεπώποτ’
736 1499 993 1550 ἐποιήσαμεν.
1050 1500 1136 1540 ἀντὶ
1155 1502 1196 1540 δὲ
1216 1503 1285 1539 τοῦ
1302 1501 1351 1539 τὰ
1371 1499 1499 1551 πάτρι’

172 1567 214 1606 ἐν
239 1569 290 1620 τῷ
319 1568 407 1621 ἱερῷ
439 1568 732 1617 κατασταθῆναι
763 1567 825 1607 καὶ
856 1568 904 1606 τὰ
932 1565 1101 1619 χρήματ’
1127 1567 1417 1619 εἰσπραχθῆναι
1446 1570 1498 1621 τῷ

171 1634 259 1686 θεῷ,
287 1635 324 1674 οἱ
351 1635 422 1684 μὲν
452 1635 564 1675 ὅντες
589 1633 877 1685 Ἀμφικτύονες
904 1634 1101 1686 φεύγουσι
1131 1634 1193 1673 καὶ
1224 1632 1497 1684 ἐξελήλανται,

171 1698 234 1738 καὶ
258 1698 479 1742 ἀνάστατος
505 1699 632 1740 αὐτῶν
655 1700 678 1750 ἡ
705 1700 816 1753 χώρα
840 1700 1018 1752 γέγονεν,
1041 1702 1076 1740 οἱ
1102 1699 1135 1739 δ’
1156 1699 1352 1741 οὐπώποτ’
1379 1701 1420 1740 ἐν
1443 1705 1496 1755 τῷ

169 1766 347 1818 πρόσθεν
384 1767 514 1821 χρόνῳ
553 1767 759 1818 γενόμενοι
799 1768 1029 1808 Μακεδόνες
1074 1767 1137 1807 καὶ
1173 1766 1387 1819 βάρβαροι,
1428 1770 1497 1807 νῦν

169 1831 458 1884 Ἀμφικτύονες
491 1833 590 1873 εἶναι
622 1832 841 1884 βιάζονται·
880 1835 948 1875 ἐὰν
982 1833 1026 1874 δέ
1058 1850 1116 1876 τις
1151 1834 1240 1885 περὶ
1271 1837 1349 1874 τῶν
1382 1835 1495 1885 ἱερῶν

169 1898 381 1952 χρημάτων
413 1902 584 1956 μνησθῇ,
620 1901 979 1952 κατακρημνίζεται,
1013 1901 1036 1951 ἡ
1071 1901 1187 1941 πόλις
1222 1901 1263 1940 δὲ
1295 1900 1366 1950 τὴν
1399 1917 1492 1951 προ-

167 1967 356 2016 μαντείαν
381 1967 592 2023 ἀφῄρηται.
655 1966 716 2006 καὶ
740 1965 906 2019 γέγονεν
923 1969 972 2007 τὰ
996 1966 1207 2019 πράγματα
1225 1965 1339 2007 πάνθ’
1359 1967 1495 2018 ὥσπερ

169 2033 331 2084 αἴνιγμα
366 2039 414 2089 τῇ
446 2034 573 2073 πόλει.
646 2034 666 2072 ὁ
700 2035 774 2084 μὲν
806 2033 919 2074 οὐδὲν
955 2035 1151 2086 ἔψευσται
1188 2033 1250 2073 καὶ
1282 2032 1397 2073 πάνθ’
1431 2032 1493 2072 ὅσ’

169 2098 370 2150 ἐβουλήθη
409 2099 704 2151 διαπέπρακται,
740 2100 849 2150 ὑμεῖς
885 2099 917 2139 δ’
951 2099 1049 2151 ἅπερ
1082 2098 1257 2149 εὔξαισθ’
1294 2099 1343 2140 ἂν
1379 2101 1491 2140 ἐλπί-

215 2218 229 2239 Ι
255 2209 540 2250 ἀπαγγελθήσεται
559 2208 585 2238 L
602 2208 689 2247 vulg.
709 2208 733 2239 S
749 2220 815 2249 γρ.;
841 2209 1107 2250 ἀπαγγέλλονται
1125 2209 1150 2239 S
1284 2219 1303 2248 5
1328 2209 1491 2250 ἀπαγγέλ-

168 2259 262 2284 λουσι
280 2252 303 2282 S
317 2251 382 2290 FQ
396 2252 425 2282 Y
438 2252 480 2290 Ο,
500 2252 538 2282 cf.
560 2254 574 2288 ξ
597 2259 657 2289 152
836 2261 873 2282 12
902 2254 1006 2284 αὐτῶν
1023 2251 1104 2282 secl.
1125 2252 1354 2291 Herwerden,
1373 2253 1413 2283 cf.
1433 2252 1492 2283 xxi

172 2295 243 2333 138,
261 2296 340 2325 xxvi
358 2307 377 2333 4
485 2294 618 2326 Φωκέων
633 2295 711 2325 secl.
733 2294 852 2333 Cobet,
870 2295 910 2326 cf.
934 2299 948 2332 ξ
972 2305 1029 2333 141
1190 2306 1230 2335 19
1252 2295 1331 2328 τέως
1349 2295 1385 2326 S¹
1401 2295 1490 2335 vulg.

169 2338 292 2412 Suidzs
308 2338 412 2370 schol.
432 2337 595 2375 Platonis,
611 2338 650 2368 cs.
670 2348 716 2368 xx
733 2348 787 2377 91,
805 2338 862 2368 xxi
885 2340 941 2369 16:
969 2339 1024 2370 ἕως
1043 2338 1066 2368 S
1085 2349 1170 2369 corr.
1338 2349 1378 2378 27
1403 2339 1493 2371 πάνθ’

168 2391 233 2414 οῐη.

1542 129 1654 184 [445]

1539 583 1604 620 325

1535 1103 1602 1147 326

1532 1298 1651 1353 [446]

1526 1970 1594 2014 328
