1747 2844
203 153 323 208 xvm]
516 156 656 193 ΠΕΡΙ
706 154 826 191 TOT
874 150 1211 191 ΣΤΕΦΑΝΟΎ

201 261 279 313 ἐγὼ
309 259 537 309 διεκωλύθη,
568 257 673 298 ταῦτ’
703 254 916 307 ἀναμνήσω
951 254 1013 294 καὶ
1041 253 1190 294 τούτων
1220 251 1352 304 ὑφέξω
1383 252 1520 303 λόγον,

201 330 393 367 τοσοῦτον
434 325 622 366 ὑπειπών.
693 319 963 372 πλεονέκτημ’,
1004 319 1140 371 ἄνδρες
1176 318 1392 369 Ἀθηναῖοι,
1436 316 1522 369 μέγ’

199 391 346 445 ὑπῆρξε
371 394 570 446 Φιλίππῳ.
642 392 747 442 παρὰ
770 391 847 441 γὰρ
870 391 951 429 τοῖς
969 385 1188 436 ”Ελλησιν,
1216 385 1260 425 οὐ
1284 386 1404 430 τισίν,
1432 383 1524 424 ἀλλ’

200 460 351 501 ἅπασιν
384 460 539 510 ὁμοίως,
572 459 700 509 φορὰν
731 458 932 507 προδοτῶν
966 453 1028 493 καὶ
1063 452 1291 504 δωροδόκων
1326 452 1387 491 καὶ
1421 452 1524 492 θεοῖς

162 547 179 577 5
200 528 353 580 ἐχθρῶν
386 526 600 577 ἀνθρώπων
634 522 783 574 συνέβη
815 520 1004 573 γενέσθαι
1035 519 1232 569 τοσαύτην
1264 519 1365 568 ὅσην
1398 516 1524 558 οὐδείς

200 611 260 634 πω
297 593 486 645 πρότερον
521 590 712 642 μέμνηται
746 591 968 641 γεγονυῖαν’
1017 587 1082 628 οὓς
1119 586 1422 637 συναγωνιστὰς
1461 585 1524 624 καὶ

201 659 414 711 συνεργοὺς
432 658 574 709 λαβὼν
593 657 655 697 καὶ
676 656 867 708 πρότερον
887 657 1011 696 κακῶς
1029 651 1338 702 τοὺς“Ἐλληνας
1358 651 1524 704 ἔχοντας

200 726 295 778 πρὸς
321 725 480 766 ἑαυτοὺς
507 724 569 764 καὶ
594 725 889 763 στασιαστικῶς
913 721 971 762 ἔτι
995 723 1129 774 χεῖρον
1150 718 1316 769 διέθηκε,
1337 718 1427 760 τοὺς
1451 720 1524 768 μὲν

199 790 417 841 ἐξαπατῶν,
439 794 521 832 τοῖς
545 793 587 832 δὲ
611 790 751 836 διδούς,
771 788 862 831 τοὺς
886 790 928 828 δὲ
955 787 1083 828 πάντα
1101 786 1249 838 τρόπον
1269 786 1520 837 διαφθείρων,

140 876 179 898 10
200 859 262 899 καὶ
287 857 498 908 διέστησεν
524 859 578 900 εἰς
602 856 698 908 μέρη
719 855 865 902 πολλά,
886 854 973 896 ἑνὸς
992 857 1060 894 τοῦ
1079 852 1353 906 συμφέροντος
1373 851 1523 892 ἅπασιν

198 928 324 971 ὄντος,
365 924 529 965 κωλύειν
566 925 715 964 ἐκεῖνον
750 920 876 974 μέγαν
911 921 1132 974 γίγνεσθαι.
1206 921 1247 960 ἐν
1283 918 1441 974 τοιαύτῃ
1482 920 1522 958 δὲ

199 990 443 1032 καταστάσει
473 990 535 1031 καὶ
563 989 618 1031 ἔτ’
647 989 787 1042 ἀγνοίᾳ
816 992 883 1029 τοῦ
914 985 1202 1038 συνισταμένου
1233 986 1294 1026 καὶ
1324 984 1524 1038 φυομένου

200 1061 317 1098 κακοῦ
354 1061 432 1098 τῶν
470 1056 653 1097 ἁπάντων
688 1054 898 1105 Ἑλλήνων
933 1056 1071 1100 ὄντων,
1112 1057 1172 1094 δεῖ
1208 1056 1372 1093 σκοπεῖν
1411 1053 1521 1102 ὑμᾶς,

197 1124 334 1176 ἄνδρες
350 1123 566 1174 Ἀθηναῖοι,
587 1124 628 1163 τί
645 1124 845 1174 προσῆκον
864 1120 911 1171 ἦν
928 1120 1092 1161 ἑλέσθαι
1111 1119 1296 1172 πράττειν
1316 1120 1378 1160 καὶ
1399 1122 1524 1159 ποιεῖν

141 1208 177 1239 15
199 1190 269 1240 τὴν
289 1192 418 1237 πόλιν,
442 1191 504 1231 καὶ
521 1190 669 1229 τούτων
686 1189 809 1241 λόγον
828 1187 916 1239 παρ’
933 1189 1028 1238 ἐμοῦ
1044 1191 1202 1238 λαβεῖν·
1241 1186 1261 1224 ὁ
1281 1188 1355 1238 γὰρ
1371 1184 1523 1226 ἐνταῦθ’

200 1257 339 1298 ἑαυτὸν
358 1255 476 1306 τάξας
502 1259 570 1307 τῆς
591 1255 791 1297 πολιτείας
817 1254 889 1305 εἴμ’
911 1255 1000 1306 ἐγώ.
1060 1254 1227 1305 πότερον
1246 1251 1366 1302 αὐτὴν
1386 1253 1520 1304 ἐχρῆν,

201 1325 387 1377 Αἰσχίνη,
408 1323 452 1363 τὸ
472 1321 642 1375 φρόνημ’
663 1323 838 1374 ἀφεῖσαν
866 1320 926 1361 καὶ
950 1320 1022 1370 τὴν
1042 1319 1157 1370 ἀξίαν
1175 1319 1246 1369 τὴν
1273 1319 1392 1368 αὐτῆς
1416 1319 1458 1358 ἐν
1477 1324 1524 1374 τῇ

201 1393 418 1431 Θετταλῶν
443 1389 507 1429 καὶ
527 1389 725 1429 Δολόπων
744 1387 854 1438 τάξει
878 1389 1226 1439 συγκατακτᾶσθαι
1246 1386 1434 1439 Φιλίππῳ
1455 1384 1525 1434 τὴν

199 1460 277 1497 τῶν
300 1455 510 1507 Ἑλλήνων
534 1454 662 1508 ἀρχὴν
689 1455 750 1495 καὶ
778 1456 826 1495 τὰ
854 1458 932 1494 τῶν
957 1454 1163 1506 προγόνων
1189 1454 1291 1493 καλὰ
1320 1451 1383 1492 καὶ
1411 1450 1525 1491 δίκαι’

140 1539 180 1562 20
199 1523 391 1575 ἀναιρεῖν;
430 1519 453 1573 ἢ
478 1525 593 1562 τοῦτο
620 1523 694 1573 μὲν
721 1521 773 1573 μὴ
800 1523 939 1567 ποιεῖν,
967 1519 1094 1560 δεινὸν
1118 1521 1192 1572 γὰρ
1223 1519 1274 1560 ὡς
1305 1519 1473 1568 ἀληθῶς,
1500 1518 1525 1558 ἃ

199 1589 231 1629 δ’
256 1590 357 1642 ἑώρα
388 1589 689 1641 συμβησόμενα,
717 1589 751 1629 εἰ
778 1587 912 1639 μηδεὶς
945 1586 1125 1632 κωλύσει,
1154 1587 1217 1627 καὶ
1245 1583 1522 1641 προῃσθάνεθ’,

199 1656 250 1699 ὡς
274 1656 413 1703 ἔοικεν,
441 1657 483 1696 ἐκ
506 1659 671 1703 πολλοῦ,
697 1658 818 1695 ταῦτα
841 1657 1027 1706 περιιδεῖν
1052 1653 1287 1705 γιγνόμενα;
1326 1652 1432 1692 ἀλλὰ
1457 1654 1524 1691 νῦν

199 1723 326 1775 ἔγωγε
348 1722 418 1763 τὸν
442 1721 606 1774 μάλιστ’
630 1723 871 1772 ἐπιτιμῶντα
895 1724 978 1762 τοῖς
1003 1718 1295 1771 πεπραγμένοις
1323 1717 1447 1769 ἡδέως
1476 1716 1524 1757 ἂν

200 1790 371 1840 ἐροίμην,
409 1791 478 1839 τῆς
514 1789 628 1830 ποίας
666 1789 822 1840 μερίδος
858 1786 1046 1839 γενέσθαι
1082 1786 1153 1836 τὴν
1189 1786 1307 1826 πόλιν
1343 1782 1524 1835 ἐβούλετ’

140 1871 178 1903 25
199 1854 258 1903 ἄν,
286 1856 452 1907 πότερον
475 1858 545 1906 τῆς
573 1855 774 1897 συναιτίας
799 1857 877 1894 τῶν
903 1853 1222 1905 συμβεβηκότων
1246 1856 1328 1893 τοῖς
1344 1849 1525 1900 θΈλλησι

199 1925 327 1963 κακῶν
353 1923 415 1963 καὶ
440 1923 630 1975 αἰσχρῶν,
656 1921 702 1972 ἧς
725 1920 773 1962 ἂν
800 1920 1029 1961 Θετταλοὺς
1055 1920 1117 1960 καὶ
1141 1918 1232 1960 τοὺς
1255 1919 1354 1969 μετὰ
1378 1916 1525 1956 τούτων

199 1990 303 2029 ε’ίποι
329 2005 399 2035 τις,
425 1985 448 2038 ἢ
479 1990 548 2039 τῆς
577 1988 868 2040 περιεορακυίας
898 1990 1019 2027 ταῦτα
1048 1985 1264 2038 γιγνόμενα
1290 1983 1354 2024 ἐπὶ
1385 1983 1430 2038 τῇ
1456 1984 1524 2032 τῆς

199 2056 298 2097 ἰδίας
322 2053 555 2104 πλεονεξίας
578 2054 722 2101 ἐλπίδι,
743 2053 789 2105 ἧς
813 2053 861 2095 ἂν
880 2052 1072 2105 Ἀρκάδας
1099 2052 1160 2092 καὶ
1180 2050 1437 2100 Μεσσηνίους
1462 2048 1524 2088 καὶ

197 2120 398 2174 Ἀργείους
435 2121 605 2171 θείημεν.
677 2121 784 2160 ἀλλὰ
821 2120 883 2160 καὶ
915 2119 1064 2160 τούτων
1097 2118 1255 2164 πολλοί,
1289 2119 1445 2167 μᾶλλον
1481 2117 1522 2155 δὲ

139 2200 179 2231 30
197 2187 353 2234 πάντες,
390 2191 525 2240 χεῖρον
562 2186 671 2237 ἡμῶν
707 2185 1007 2241 ἀπηλλάχασιν.
1080 2186 1142 2225 καὶ
1178 2185 1253 2236 γὰρ
1290 2184 1323 2223 εἷ
1365 2184 1435 2232 μὲν
1471 2181 1522 2222 ὡς

244 2305 256 2325 1
283 2295 458 2333 διεκωλύθη
474 2294 542 2325 AF
558 2294 648 2334 vulg.
666 2306 673 2325 :
704 2296 755 2327 καὶ
777 2294 950 2332 διεκωλύθη
975 2295 999 2325 S
1013 2293 1070 2324 L¹:
1104 2293 1155 2324 καὶ
1178 2291 1351 2324 διεκώλυον
1368 2290 1394 2320 L
1411 2299 1495 2320 corr.
1516 2300 1522 2319 :

197 2339 370 2370 διεκώλυον
386 2341 503 2375 λαβεῖν
520 2338 665 2376 Dionys.
683 2338 762 2368 Hal.
783 2338 894 2379 (Dem.
915 2348 942 2368 c.
962 2340 1015 2375 14)
1150 2346 1169 2365 2
1194 2335 1216 2366 ὦ
1234 2339 1313 2365 ante
1331 2334 1440 2374 ἄνδρες
1457 2342 1521 2363 orn.

200 2382 224 2411 S
240 2381 331 2412 solus
474 2391 492 2420 7
517 2383 532 2412 ὁ
549 2381 705 2413 Φίλιππος
723 2386 799 2420 post
815 2382 926 2418 λαβὼν
941 2381 1018 2410 add.
1037 2379 1069 2409 A
1082 2378 1105 2408 F
1116 2378 1143 2409 B
1155 2377 1186 2417 Q
1315 2386 1350 2407 11
1378 2375 1428 2417 δὲ]
1447 2376 1521 2406 fort.

199 2424 237 2462 δὴ
256 2424 390 2456 Dobree
525 2433 564 2454 12
589 2423 760 2465 φυομένου]
778 2424 955 2464 φυρομένου
972 2421 1009 2453 S¹
1022 2421 1065 2463 (2)

1555 146 1666 200 [245]

1552 390 1595 426 61

1554 1220 1672 1321 {346}
