1763 2828
114 151 219 205 [414]

155 332 219 368 237

114 384 218 440 [41⁵]

149 1328 216 1364 239

674 149 1158 187 ΔΗΜΟΣΘΕΝΟΥΣ
1483 146 1572 200 [xlx

809 251 1015 278 ΜΑΡΊῪΡΙΑ.

313 318 434 363 Ἴσως
451 321 583 361 τοίνυν
609 319 784 371 ἀδελφὸς
809 320 910 373 αὐτῷ
937 323 1095 370 συνερεῖ
1112 318 1342 372 Φιλοχάρης
1368 318 1430 360 καὶ
1449 317 1573 371 Ἀφό-

250 391 388 438 βητος·
427 386 522 439 πρὸς
554 387 619 429 οὓς
653 385 901 438 ἀμφοτέρους
937 387 1025 436 ὑμῖν
1058 387 1191 426 πολλὰ
1225 385 1287 426 καὶ
1319 384 1432 426 δίκαι’
1466 384 1577 428 ἔστιν

250 454 387 496 εἰπεῖν.
459 452 610 505 ἀνάγκη
648 452 691 499 δ’,
731 452 760 493 ὦ
798 452 934 503 ἄνδρες
969 451 1185 502 Ἀθηναῖοι,
1222 453 1321 503 μετὰ
1356 453 1576 503 παρρησίας

249 522 520 573 διαλεχθῆναι,
547 521 669 571 μηδὲν
693 519 1054 570 ὑποστελλόμενον.
1127 519 1249 570 ἡμεῖς,
1277 517 1484 571 Ἀφόβητε
1514 519 1575 562 καὶ

250 586 301 629 σὺ
320 587 558 639 Φιλόχαρες,
587 589 634 627 σὲ
658 588 730 637 μὲν
754 588 822 627 τὰς
848 584 1185 636 ἀλαβαστοθήκας
1208 585 1415 637 γράφοντα
1440 586 1503 628 καὶ
1526 587 1576 626 τὰ

249 653 443 704 τύμπανα,
488 653 647 694 τούτους
694 652 725 693 δ’
768 652 1097 704 ὑπογραμματέας
1140 653 1201 692 καὶ
1248 652 1338 694 τοὺς
1384 652 1576 706 τυχόντας

249 720 476 772 ἀνθρώπους
493 718 572 769 (καὶ
592 719 773 770 οὐδεμιᾶς
801 720 934 760 κακίας
958 723 1090 765 ταῦτα,
1113 718 1203 759 ἀλλ’
1223 718 1309 759 οὐδὲ
1336 719 1575 771 στρατηγίας

249 785 285 837 γ’
310 783 415 836 ἄξια)
437 789 676 837 πρεσβειῶν,
700 789 959 838 στρατηγιῶν,
987 789 1065 826 τῶν
1088 787 1287 837 μεγίστων
1311 789 1432 835 τιμῶν
1457 785 1571 836 ἠξιώ-

249 869 388 902 σαμεν.
448 853 481 892 εἰ
501 853 632 893 τοίνυν
650 854 770 903 μηδὲν
790 853 896 902 ὑμῶν
917 851 1039 901 ἠδίκει
1064 852 1209 902 μηδείς,
1231 851 1302 903 οὐχ
1325 851 1434 902 ἡμεῖς
1459 851 1575 904 χάριν

246 919 335 968 ὑμῖν
373 918 542 965 οὐδενός,
577 917 669 958 ἀλλ’
702 919 810 969 ὑμεῖς
847 918 938 969 ἡμῖν
975 919 1130 960 δικαίως
1166 917 1214 958 ἂν
1248 919 1378 970 ἔχοιτε
1414 920 1574 960 τούτων·

247 985 423 1027 πολλοὺς
449 987 523 1036 γὰρ
550 986 655 1035 ὑμῶν
683 987 840 1037 μᾶλλον
869 983 1001 1035 ἀξίους
1029 986 1218 1035 τιμᾶσθαι
1247 983 1434 1035 παρέντες
1464 984 1574 1035 ἡμεῖς

246 1052 342 1101 ὑμᾶς
380 1051 659 1102 ἐσεμνύνομεν.
731 1052 764 1092 εἰ
801 1053 843 1092 δὲ
878 1051 923 1101 δὴ
961 1051 1022 1092 καὶ
1061 1051 1101 1091 ἐν
1133 1050 1264 1092 αὐτοῖς
1300 1051 1358 1092 οἷς
1394 1051 1574 1101 ἐτιμᾶσθ’

245 1116 402 1167 ἠδίκηκέ
443 1134 500 1159 τις
542 1118 660 1168 ὑμῶν,
704 1119 766 1158 καὶ
803 1121 924 1157 ταῦτα
963 1121 1134 1163 τοιαῦτα,
1173 1118 1286 1171 πόσῳ
1329 1119 1485 1167 μᾶλλον
1526 1117 1575 1158 ἂν

244 1187 430 1233 μισοῖσθε
456 1181 652 1234 δικαίωςῆ
680 1182 889 1239 σῴζοισθε;
929 1184 1006 1236 ἐγὼ
1031 1186 1103 1235 μὲν
1129 1183 1236 1235 οἶμαι
1260 1187 1411 1237 πολλῷ.
1481 1183 1573 1234 βιά-

246 1267 383 1291 σονται
407 1251 537 1291 τοίνυν
562 1252 671 1297 ἴσως,
697 1251 984 1303 μεγαλόφωνοι
1009 1251 1071 1290 καὶ
1095 1251 1267 1292 ἀναιδεῖς
1290 1251 1414 1296 ὄντες,
1442 1251 1504 1291 καὶ
1530 1250 1574 1290 τὸ

247 1319 257 1333 ‘
274 1317 487 1369 συγγνώμη
514 1318 675 1372 ἀδελφῷ
705 1320 869 1368 βοηθεῖν
885 1316 894 1331 ’
921 1318 1252 1369 προσειληφότες.
1322 1318 1430 1367 ὑμεῖς
1454 1318 1496 1357 δὲ
1519 1316 1571 1367 μὴ

244 1382 429 1433 ἡττᾶσθε,
447 1383 561 1424 ἐκεῖν’
578 1384 869 1435 ἐνθυμούμενοι,
887 1384 948 1424 ὅτι
967 1384 1119 1426 τούτοις
1138 1386 1210 1435 μὲν
1225 1382 1573 1435 τούτου·προσήκει

246 1450 480 1501 φροντίζειν,
501 1451 590 1501 ὑμῖν
609 1452 651 1490 δὲ
671 1454 748 1491 τῶν
768 1451 899 1501 νόμων
920 1450 983 1491 καὶ
1003 1451 1098 1500 ὅλης
1118 1452 1187 1500 τῆς
1207 1451 1362 1492 πόλεως
1389 1450 1450 1490 καὶ
1469 1451 1574 1502 παρὰ

246 1514 374 1557 πάντα
397 1520 475 1556 τῶν
501 1517 637 1568 ὅρκων,
665 1516 730 1558 οὓς
756 1516 864 1558 αὐτοὶ
891 1516 1056 1567 κάθησθ’
1077 1518 1336 1567 ὀμωμοκότες.
1409 1517 1472 1557 καὶ
1496 1518 1571 1568 γὰρ

246 1583 279 1622 εἰ
308 1586 424 1623 τινῶν
450 1581 649 1633 δεδέηνται
681 1584 834 1624 τουτονὶ
867 1581 1017 1638 σῴζειν,
1045 1582 1176 1634 πότερ’
1202 1582 1250 1624 ἂν
1277 1585 1398 1634 μηδὲν
1428 1584 1571 1624 ἀδικῶν

245 1649 433 1699 φαίνηται
463 1649 534 1699 τὴν
567 1650 685 1690 πόλιν
717 1646 740 1699 ἢ
766 1649 837 1690 κᾶν
871 1650 1026 1695 ἀδικῶν,
1063 1653 1260 1691 σκοπεῖτε.
1333 1651 1366 1691 εἰ
1396 1652 1467 1701 μὲν
1496 1651 1572 1702 γὰρ

244 1714 293 1755 ἂν
323 1714 389 1766 μή,
422 1716 527 1767 κάγώ
563 1721 663 1768 φημι
697 1718 792 1762 δεῖν,
829 1717 862 1757 εἰ
895 1716 928 1756 δ’
959 1717 1062 1759 ὅλως
1097 1716 1166 1757 κᾶν
1200 1717 1339 1763 ὁτιοῦν,
1375 1718 1571 1769 ἐπιορκεῖν

245 1781 456 1832 δεδέηνται.
529 1783 573 1824 οὐ
603 1784 678 1834 γὰρ
704 1784 737 1824 εἰ
765 1783 939 1834 κρύβδην
970 1782 1081 1823 ἐστὶν
1106 1783 1129 1834 ἡ
1156 1785 1308 1835 ψῆφος,
1336 1781 1452 1834 λήσει
1482 1784 1572 1826 τοὺς

245 1848 367 1894 θεούς,
389 1849 495 1890 ἀλλὰ
520 1853 634 1889 τοῦτο
661 1850 723 1890 καὶ
750 1849 908 1891 πάντων
928 1849 1058 1901 ἄρισθ’
1079 1850 1099 1888 ὁ
1117 1850 1236 1891 τιθεὶς
1260 1849 1329 1890 τὸν
1353 1850 1473 1901 νόμον
1494 1849 1572 1890 εἶδε

245 1911 302 1964 [τὸ
329 1915 500 1966 κρύβδην
519 1915 797 1969 ψηφίζεσθαι],
819 1917 880 1957 ὅτι
906 1917 1055 1957 τούτων
1080 1918 1152 1967 μὲν
1178 1916 1304 1958 οὐδεὶς
1330 1917 1478 1958 εἴσεται
1503 1915 1571 1957 τὸν

245 1982 366 2035 ἑαυτῷ
384 1982 671 2036 κεχαρισμένον
690 1983 809 2033 ὑμῶν,
829 1985 864 2023 οἱ
887 1984 968 2023 θεοὶ
989 1982 1020 2023 δ’
1037 1984 1212 2024 εἴσονται
1234 1983 1294 2023 καὶ
1310 1982 1354 2022 τὸ
1370 1983 1571 2034 δαιμόνιον

287 2101 306 2129 5
341 2091 625 2131 ὑποστελλόμενον
651 2092 783 2131 SQY:
823 2092 1100 2132 ὑποστειλάμενον
1123 2092 1177 2125 A:
1213 2092 1458 2134 ὑποκρινόμενον
1481 2093 1568 2132 vulg.

242 2135 264 2164 6
287 2137 380 2174 ἴσμεν
396 2140 475 2166 ante
494 2134 532 2167 σὲ
548 2134 608 2174 μὲν
626 2136 702 2167 add.
723 2136 748 2166 L
767 2136 856 2174 vulg.
873 2147 878 2167 :
905 2146 971 2167 om.
993 2137 1016 2168 S
1028 2136 1059 2167 A
1194 2136 1464 2174 ἀλαβαστοθήκας
1482 2135 1568 2168 Har-

245 2178 420 2216 pocration
441 2178 548 2210 Bekk.
567 2179 720 2210 Anecd.:
747 2180 1033 2220 ἀλαβαστροθήκας
1051 2180 1146 2211 codd.
1281 2181 1302 2210 8
1326 2178 1397 2212 οὐδὲ
1415 2179 1442 2210 L
1458 2179 1567 2219 vulg.:

243 2223 278 2252 οὺ
296 2221 320 2252 S
336 2221 428 2252 solus
548 2232 582 2253 11
611 2224 719 2262 εἴχετε
737 2222 767 2252 Λ
781 2222 806 2252 Ρ
924 2232 960 2261 15
985 2224 1004 2260 ἢ
1020 2222 1171 2262 σώζοισθε
1190 2224 1214 2254 S
1228 2222 1253 2252 L
1270 2223 1372 2262 vulg.,
1393 2223 1568 2254 confirmat

245 2264 481 2304 Hermogenes
502 2265 603 2304 (bis):
630 2266 648 2303 ἢ
667 2264 806 2305 σώζεσθε
825 2264 874 2295 A:
902 2266 979 2296 secl.
1001 2266 1108 2297 Cobet
1227 2276 1262 2305 ¹7
1287 2266 1461 2306 συγγνώμη
1481 2265 1566 2298 FB:

244 2309 439 2348 συγγνώμην
458 2308 481 2339 S
496 2308 521 2338 L
535 2308 623 2347 vulg.
752 2310 789 2339 18
815 2308 1040 2347 ἐνθυμηθέντες
1057 2308 1087 2339 Λ
1208 2319 1248 2348 23
1273 2307 1369 2347 ἄν’μὴ
1388 2309 1412 2340 S
1425 2309 1450 2339 L
1468 2313 1567 2340 text.:

244 2350 286 2388 μὴ
304 2351 419 2382 ἀδικῶν
438 2351 463 2380 L
482 2361 583 2390 marg.
605 2361 653 2390 pr.
675 2361 716 2381 m.
734 2351 821 2389 vulg.
1000 2353 1042 2382 26
1065 2354 1102 2383 τὸ
1122 2352 1192 2390 (τοῦ
1209 2351 1240 2382 Α
1254 2351 1295 2386 F„
1314 2351 1454 2392 κρύβδην
1471 2353 1566 2393 ψηφί-

247 2391 352 2431 ζεσθαι
370 2393 448 2424 secl.
471 2393 686 2425 Herwerden
777 2395 827 2426 διὰ
843 2393 894 2432 τί,·
919 2400 997 2426 ante
1016 2396 1065 2427 ὅτι
1082 2395 1155 2426 add.
1175 2394 1202 2426 L
1219 2394 1308 2434 vulg.
1325 2405 1330 2423 :
1357 2404 1422 2427 om.
1442 2396 1466 2426 S
1478 2394 1508 2426 Ο

1595 536 1613 567 5

1600 865 1638 888 [Ο

1596 1532 1636 1554 20

1593 1865 1631 1897 ²5
