<?xml version="1.0" encoding="UTF-8"?>
<!DOCTYPE html PUBLIC "-//W3C//DTD XHTML 1.0 Transitional//EN"
    "http://www.w3.org/TR/xhtml1/DTD/xhtml1-transitional.dtd">
<html xmlns="http://www.w3.org/1999/xhtml" xml:lang="en" lang="en">
 <head>
  <title>
</title>
<meta http-equiv="Content-Type" content="text/html;charset=utf-8" />
  <meta name='ocr-system' content='tesseract 3.04.00' />
  <meta name='ocr-capabilities' content='ocr_page ocr_carea ocr_par ocr_line ocrx_word'/>
</head>
<body>
  <div class='ocr_page' id='page_1' title='image "./orationesrecogno01demouoft_0086.png"; bbox 0 0 1763 2828; ppageno 0'>
   <div class='ocr_carea' id='block_1_1' title="bbox 120 893 213 948">
    <p class='ocr_par' dir='ltr' id='par_1_1' title="bbox 120 893 213 948">
     <span class='ocr_line' id='line_1_1' title="bbox 120 893 213 948; baseline 0 -2"><span class='ocrx_word' id='word_1_1' title='bbox 120 893 213 948; x_wconf 87' lang='lat'>[64]</span> 
     </span>
    </p>
   </div>
   <div class='ocr_carea' id='block_1_2' title="bbox 869 561 929 600">
    <p class='ocr_par' dir='ltr' id='par_1_2' title="bbox 869 561 929 600">
     <span class='ocr_line' id='line_1_2' title="bbox 869 561 929 600; baseline 0.017 -1"><span class='ocrx_word' id='word_1_2' title='bbox 869 561 929 600; x_wconf 93' lang='lat' dir='ltr'>VI</span> 
     </span>
    </p>
   </div>
   <div class='ocr_carea' id='block_1_3' title="bbox 599 687 1208 730">
    <p class='ocr_par' dir='ltr' id='par_1_3' title="bbox 599 687 1208 730">
     <span class='ocr_line' id='line_1_3' title="bbox 599 687 1208 730; baseline 0.002 -1"><span class='ocrx_word' id='word_1_3' title='bbox 599 687 763 730; x_wconf 87' lang='grc' dir='ltr'><strong>ΚΑΤΑ</strong></span> <span class='ocrx_word' id='word_1_4' title='bbox 811 688 1124 730; x_wconf 82' lang='grc' dir='ltr'>ΦΙΛΙΠΠΟΤ</span> <span class='ocrx_word' id='word_1_5' title='bbox 1172 688 1208 730; x_wconf 88' lang='grc' dir='ltr'>Β</span> 
     </span>
    </p>
   </div>
   <div class='ocr_carea' id='block_1_4' title="bbox 787 818 1004 847">
    <p class='ocr_par' dir='ltr' id='par_1_4' title="bbox 787 818 1004 847">
     <span class='ocr_line' id='line_1_4' title="bbox 787 818 1004 847; baseline -0.005 -1"><span class='ocrx_word' id='word_1_6' title='bbox 787 818 1004 847; x_wconf 82' lang='grc' dir='ltr'>ΎΠΟΘΕΣῙΣ.</span> 
     </span>
    </p>
   </div>
   <div class='ocr_carea' id='block_1_5' title="bbox 230 889 1566 1540">
    <p class='ocr_par' dir='ltr' id='par_1_5' title="bbox 230 889 1566 1540">
     <span class='ocr_line' id='line_1_5' title="bbox 290 889 1566 943; baseline 0.001 -14"><span class='ocrx_word' id='word_1_7' title='bbox 290 893 468 941; x_wconf 82' lang='grc' dir='ltr'>Παραινεῖ</span> <span class='ocrx_word' id='word_1_8' title='bbox 492 890 550 929; x_wconf 80' lang='grc' dir='ltr'>διὰ</span> <span class='ocrx_word' id='word_1_9' title='bbox 572 892 703 930; x_wconf 86' lang='grc' dir='ltr'>τούτου</span> <span class='ocrx_word' id='word_1_10' title='bbox 727 894 791 929; x_wconf 79' lang='grc' dir='ltr'>τοῦ</span> <span class='ocrx_word' id='word_1_11' title='bbox 815 892 931 943; x_wconf 85' lang='grc' dir='ltr'>λόγου</span> <span class='ocrx_word' id='word_1_12' title='bbox 955 893 1029 931; x_wconf 87' lang='grc' dir='ltr'>τοῖς</span> <span class='ocrx_word' id='word_1_13' title='bbox 1048 889 1291 940; x_wconf 63' lang='grc' dir='ltr'>Ἀθηναιοιςε</span> <span class='ocrx_word' id='word_1_14' title='bbox 1277 909 1296 929; x_wconf 94' lang='grc' dir='ltr'>ο</span> <span class='ocrx_word' id='word_1_15' title='bbox 1315 892 1435 941; x_wconf 83' lang='grc' dir='ltr'>ῥήτωρ</span> <span class='ocrx_word' id='word_1_16' title='bbox 1454 892 1566 930; x_wconf 84' lang='grc' dir='ltr'>πολέ-</span> 
     </span>
     <span class='ocr_line' id='line_1_6' title="bbox 233 945 1564 996; baseline 0 -12"><span class='ocrx_word' id='word_1_17' title='bbox 233 964 317 995; x_wconf 89' lang='grc' dir='ltr'>μιον</span> <span class='ocrx_word' id='word_1_18' title='bbox 336 947 553 984; x_wconf 77' lang='grc' dir='ltr'>ὑποπτεύειν</span> <span class='ocrx_word' id='word_1_19' title='bbox 572 946 636 983; x_wconf 89' lang='grc' dir='ltr'>τὸν</span> <span class='ocrx_word' id='word_1_20' title='bbox 655 945 844 984; x_wconf 84' lang='grc' dir='ltr'>Φίλιππον</span> <span class='ocrx_word' id='word_1_21' title='bbox 865 946 923 983; x_wconf 85' lang='grc' dir='ltr'>καὶ</span> <span class='ocrx_word' id='word_1_22' title='bbox 948 948 995 996; x_wconf 82' lang='grc' dir='ltr'>τῇ</span> <span class='ocrx_word' id='word_1_23' title='bbox 1022 946 1144 995; x_wconf 83' lang='grc' dir='ltr'>εἰρήνῃ</span> <span class='ocrx_word' id='word_1_24' title='bbox 1170 945 1222 995; x_wconf 87' lang='grc' dir='ltr'>μὴ</span> <span class='ocrx_word' id='word_1_25' title='bbox 1248 946 1344 984; x_wconf 82' lang='grc' dir='ltr'>πάνυ</span> <span class='ocrx_word' id='word_1_26' title='bbox 1367 947 1564 990; x_wconf 88' lang='grc' dir='ltr'>πιστεύειν,</span> 
     </span>
     <span class='ocr_line' id='line_1_7' title="bbox 234 999 1566 1051; baseline 0 -13"><span class='ocrx_word' id='word_1_27' title='bbox 234 999 319 1038; x_wconf 85' lang='grc' dir='ltr'>ἀλλ’</span> <span class='ocrx_word' id='word_1_28' title='bbox 358 999 565 1051; x_wconf 88' lang='grc' dir='ltr'>ἐγείρεσθαι</span> <span class='ocrx_word' id='word_1_29' title='bbox 605 999 664 1037; x_wconf 87' lang='grc' dir='ltr'>καὶ</span> <span class='ocrx_word' id='word_1_30' title='bbox 702 1000 901 1050; x_wconf 83' lang='grc' dir='ltr'>προσέχειν</span> <span class='ocrx_word' id='word_1_31' title='bbox 938 1001 1002 1038; x_wconf 85' lang='grc' dir='ltr'>τὸν</span> <span class='ocrx_word' id='word_1_32' title='bbox 1037 1003 1121 1038; x_wconf 82' lang='grc' dir='ltr'>νοῦν</span> <span class='ocrx_word' id='word_1_33' title='bbox 1158 1002 1233 1040; x_wconf 83' lang='grc' dir='ltr'>τοῖς</span> <span class='ocrx_word' id='word_1_34' title='bbox 1271 1001 1468 1051; x_wconf 85' lang='grc' dir='ltr'>πράγμασι</span> <span class='ocrx_word' id='word_1_35' title='bbox 1507 1000 1566 1038; x_wconf 83' lang='grc' dir='ltr'>καὶ</span> 
     </span>
     <span class='ocr_line' id='line_1_8' title="bbox 234 1054 1566 1105; baseline 0 -12"><span class='ocrx_word' id='word_1_36' title='bbox 234 1054 509 1104; x_wconf 83' lang='grc' dir='ltr'>εῧτρεπιζεσθαι</span> <span class='ocrx_word' id='word_1_37' title='bbox 534 1055 625 1103; x_wconf 82' lang='grc' dir='ltr'>πρὸς</span> <span class='ocrx_word' id='word_1_38' title='bbox 651 1054 828 1102; x_wconf 87' lang='grc' dir='ltr'>πόλεμον·</span> <span class='ocrx_word' id='word_1_39' title='bbox 861 1054 1116 1102; x_wconf 81' lang='grc' dir='ltr'>ἐπιβουλεύειν</span> <span class='ocrx_word' id='word_1_40' title='bbox 1135 1055 1208 1105; x_wconf 81' lang='grc' dir='ltr'>γὰρ</span> <span class='ocrx_word' id='word_1_41' title='bbox 1230 1056 1388 1092; x_wconf 82' lang='grc' dir='ltr'>αἰτιᾶται</span> <span class='ocrx_word' id='word_1_42' title='bbox 1413 1054 1471 1092; x_wconf 85' lang='grc' dir='ltr'>καὶ</span> <span class='ocrx_word' id='word_1_43' title='bbox 1491 1057 1566 1094; x_wconf 85' lang='grc' dir='ltr'>τοῖς</span> 
     </span>
     <span class='ocr_line' id='line_1_9' title="bbox 232 1107 1565 1158; baseline -0.001 -11"><span class='ocrx_word' id='word_1_44' title='bbox 232 1108 438 1158; x_wconf 85' lang='grc' dir='ltr'>Ἀθηναίοις</span> <span class='ocrx_word' id='word_1_45' title='bbox 463 1109 522 1146; x_wconf 84' lang='grc' dir='ltr'>καὶ</span> <span class='ocrx_word' id='word_1_46' title='bbox 545 1111 640 1146; x_wconf 83' lang='grc' dir='ltr'>πᾶσι</span> <span class='ocrx_word' id='word_1_47' title='bbox 664 1109 740 1147; x_wconf 87' lang='grc' dir='ltr'>τοῖς</span> <span class='ocrx_word' id='word_1_48' title='bbox 761 1107 931 1156; x_wconf 69' lang='grc' dir='ltr'>“Έλλησι</span> <span class='ocrx_word' id='word_1_49' title='bbox 954 1109 1018 1146; x_wconf 83' lang='grc' dir='ltr'>τὸν</span> <span class='ocrx_word' id='word_1_50' title='bbox 1037 1108 1237 1152; x_wconf 82' lang='grc' dir='ltr'>Φίλιππον,</span> <span class='ocrx_word' id='word_1_51' title='bbox 1260 1108 1319 1146; x_wconf 85' lang='grc' dir='ltr'>καὶ</span> <span class='ocrx_word' id='word_1_52' title='bbox 1338 1107 1435 1146; x_wconf 80' lang='grc' dir='ltr'>τοῦτ’</span> <span class='ocrx_word' id='word_1_53' title='bbox 1454 1109 1565 1147; x_wconf 73' lang='grc' dir='ltr'>αὐτοῦ</span> 
     </span>
     <span class='ocr_line' id='line_1_10' title="bbox 233 1162 1566 1214; baseline -0.002 -12"><span class='ocrx_word' id='word_1_54' title='bbox 233 1165 519 1213; x_wconf 83' lang='grc' dir='ltr'>καταμαρτυρεῖν</span> <span class='ocrx_word' id='word_1_55' title='bbox 539 1164 604 1203; x_wconf 80' lang='grc' dir='ltr'>τὰς</span> <span class='ocrx_word' id='word_1_56' title='bbox 622 1163 771 1211; x_wconf 81' lang='grc' dir='ltr'>πράξεις</span> <span class='ocrx_word' id='word_1_57' title='bbox 796 1163 926 1210; x_wconf 85' lang='grc' dir='ltr'>φησίν.</span> <span class='ocrx_word' id='word_1_58' title='bbox 987 1163 1258 1214; x_wconf 88' lang='grc' dir='ltr'>ἐπαγγέλλεται</span> <span class='ocrx_word' id='word_1_59' title='bbox 1278 1162 1316 1200; x_wconf 86' lang='grc' dir='ltr'>δὲ</span> <span class='ocrx_word' id='word_1_60' title='bbox 1337 1163 1395 1200; x_wconf 88' lang='grc' dir='ltr'>καὶ</span> <span class='ocrx_word' id='word_1_61' title='bbox 1416 1163 1566 1211; x_wconf 86' lang='grc' dir='ltr'>ἀποκρί-</span> 
     </span>
     <span class='ocr_line' id='line_1_11' title="bbox 231 1215 1565 1266; baseline 0 -11"><span class='ocrx_word' id='word_1_62' title='bbox 231 1234 309 1258; x_wconf 89' lang='grc' dir='ltr'>σεις</span> <span class='ocrx_word' id='word_1_63' title='bbox 332 1218 464 1255; x_wconf 81' lang='grc' dir='ltr'>δώσειν</span> <span class='ocrx_word' id='word_1_64' title='bbox 483 1217 574 1266; x_wconf 87' lang='grc' dir='ltr'>πρός</span> <span class='ocrx_word' id='word_1_65' title='bbox 596 1233 695 1256; x_wconf 89' lang='grc' dir='ltr'>τινας</span> <span class='ocrx_word' id='word_1_66' title='bbox 718 1217 898 1265; x_wconf 83' lang='grc' dir='ltr'>πρέσβεις</span> <span class='ocrx_word' id='word_1_67' title='bbox 926 1217 1090 1265; x_wconf 83' lang='grc' dir='ltr'>ἥκοντας,</span> <span class='ocrx_word' id='word_1_68' title='bbox 1113 1217 1346 1265; x_wconf 86' lang='grc' dir='ltr'>ἀπορούντων</span> <span class='ocrx_word' id='word_1_69' title='bbox 1363 1219 1435 1255; x_wconf 86' lang='grc' dir='ltr'>τῶν</span> <span class='ocrx_word' id='word_1_70' title='bbox 1454 1215 1565 1265; x_wconf 82' lang='grc' dir='ltr'>Ἀθη-</span> 
     </span>
     <span class='ocr_line' id='line_1_12' title="bbox 232 1269 1565 1320; baseline -0.002 -10"><span class='ocrx_word' id='word_1_71' title='bbox 232 1273 339 1310; x_wconf 86' lang='grc' dir='ltr'>ναίων</span> <span class='ocrx_word' id='word_1_72' title='bbox 359 1271 378 1309; x_wconf 87' lang='grc' dir='ltr'>ὅ</span> <span class='ocrx_word' id='word_1_73' title='bbox 398 1271 436 1309; x_wconf 84' lang='grc' dir='ltr'>τί</span> <span class='ocrx_word' id='word_1_74' title='bbox 451 1270 532 1309; x_wconf 77' lang='grc' dir='ltr'>ποτ’</span> <span class='ocrx_word' id='word_1_75' title='bbox 553 1270 822 1320; x_wconf 82' lang='grc' dir='ltr'>ἀποκρίνασθαι</span> <span class='ocrx_word' id='word_1_76' title='bbox 847 1270 909 1308; x_wconf 81' lang='grc' dir='ltr'>δεῖ.</span> <span class='ocrx_word' id='word_1_77' title='bbox 968 1270 1081 1309; x_wconf 87' lang='grc' dir='ltr'>πόθεν</span> <span class='ocrx_word' id='word_1_78' title='bbox 1101 1269 1131 1308; x_wconf 84' lang='grc' dir='ltr'>δ’</span> <span class='ocrx_word' id='word_1_79' title='bbox 1151 1270 1250 1309; x_wconf 76' lang='grc' dir='ltr'>οὗτοι</span> <span class='ocrx_word' id='word_1_80' title='bbox 1275 1271 1334 1309; x_wconf 83' lang='grc' dir='ltr'>καὶ</span> <span class='ocrx_word' id='word_1_81' title='bbox 1357 1271 1440 1320; x_wconf 86' lang='grc' dir='ltr'>περὶ</span> <span class='ocrx_word' id='word_1_82' title='bbox 1459 1271 1565 1309; x_wconf 86' lang='grc' dir='ltr'>τίνων</span> 
     </span>
     <span class='ocr_line' id='line_1_13' title="bbox 231 1324 1565 1377; baseline 0 -14"><span class='ocrx_word' id='word_1_83' title='bbox 231 1326 395 1374; x_wconf 83' lang='grc' dir='ltr'>ἥκουσιν,</span> <span class='ocrx_word' id='word_1_84' title='bbox 426 1328 463 1363; x_wconf 90' lang='grc' dir='ltr'>ἐν</span> <span class='ocrx_word' id='word_1_85' title='bbox 491 1328 540 1376; x_wconf 74' lang='grc' dir='ltr'>τῷ</span> <span class='ocrx_word' id='word_1_86' title='bbox 571 1325 673 1377; x_wconf 78' lang='grc' dir='ltr'>λόγῳ</span> <span class='ocrx_word' id='word_1_87' title='bbox 701 1326 768 1373; x_wconf 86' lang='grc' dir='ltr'>μὲν</span> <span class='ocrx_word' id='word_1_88' title='bbox 798 1326 839 1362; x_wconf 78' lang='grc' dir='ltr'>οὗ</span> <span class='ocrx_word' id='word_1_89' title='bbox 870 1324 1056 1374; x_wconf 78' lang='grc' dir='ltr'>δηλοῦται,</span> <span class='ocrx_word' id='word_1_90' title='bbox 1088 1327 1126 1362; x_wconf 88' lang='grc' dir='ltr'>ἐκ</span> <span class='ocrx_word' id='word_1_91' title='bbox 1161 1325 1199 1363; x_wconf 85' lang='grc' dir='ltr'>δὲ</span> <span class='ocrx_word' id='word_1_92' title='bbox 1232 1328 1303 1363; x_wconf 82' lang='grc' dir='ltr'>τῶν</span> <span class='ocrx_word' id='word_1_93' title='bbox 1331 1328 1565 1363; x_wconf 80' lang='grc' dir='ltr'>Φιλιππικῶν</span> 
     </span>
     <span class='ocr_line' id='line_1_14' title="bbox 232 1379 1564 1430; baseline -0.001 -12"><span class='ocrx_word' id='word_1_94' title='bbox 232 1381 402 1429; x_wconf 78' lang='grc' dir='ltr'>ἱστοριῶν</span> <span class='ocrx_word' id='word_1_95' title='bbox 428 1380 558 1428; x_wconf 83' lang='grc' dir='ltr'>μαθεῖν</span> <span class='ocrx_word' id='word_1_96' title='bbox 585 1379 747 1417; x_wconf 81' lang='grc' dir='ltr'>δυνατόν.</span> <span class='ocrx_word' id='word_1_97' title='bbox 807 1380 899 1417; x_wconf 86' lang='grc' dir='ltr'>κατὰ</span> <span class='ocrx_word' id='word_1_98' title='bbox 927 1380 999 1430; x_wconf 78' lang='grc' dir='ltr'>γὰρ</span> <span class='ocrx_word' id='word_1_99' title='bbox 1027 1382 1157 1417; x_wconf 82' lang='grc' dir='ltr'>τοῦτον</span> <span class='ocrx_word' id='word_1_100' title='bbox 1181 1380 1245 1417; x_wconf 86' lang='grc' dir='ltr'>τὸν</span> <span class='ocrx_word' id='word_1_101' title='bbox 1274 1380 1398 1428; x_wconf 87' lang='grc' dir='ltr'>καιρὸν</span> <span class='ocrx_word' id='word_1_102' title='bbox 1425 1380 1564 1428; x_wconf 81' lang='grc' dir='ltr'>ἔπεμψε</span> 
     </span>
     <span class='ocr_line' id='line_1_15' title="bbox 230 1432 1564 1483; baseline -0.001 -11"><span class='ocrx_word' id='word_1_103' title='bbox 230 1435 409 1483; x_wconf 86' lang='grc' dir='ltr'>πρέσβεις</span> <span class='ocrx_word' id='word_1_104' title='bbox 425 1435 443 1471; x_wconf 87' lang='grc' dir='ltr'><strong>ὁ</strong></span> <span class='ocrx_word' id='word_1_105' title='bbox 459 1433 644 1474; x_wconf 83' lang='grc' dir='ltr'>Φίλιππος</span> <span class='ocrx_word' id='word_1_106' title='bbox 664 1434 753 1483; x_wconf 83' lang='grc' dir='ltr'>πρὸς</span> <span class='ocrx_word' id='word_1_107' title='bbox 768 1434 850 1473; x_wconf 83' lang='grc' dir='ltr'>τοὺς</span> <span class='ocrx_word' id='word_1_108' title='bbox 870 1432 1096 1482; x_wconf 84' lang='grc' dir='ltr'>Ἀθηναίους,</span> <span class='ocrx_word' id='word_1_109' title='bbox 1114 1434 1323 1483; x_wconf 82' lang='grc' dir='ltr'>αἰτιώμενος</span> <span class='ocrx_word' id='word_1_110' title='bbox 1338 1433 1393 1471; x_wconf 85' lang='grc' dir='ltr'>ὅτι</span> <span class='ocrx_word' id='word_1_111' title='bbox 1409 1433 1564 1483; x_wconf 78' lang='grc' dir='ltr'>διαβάλ·</span> 
     </span>
     <span class='ocr_line' id='line_1_16' title="bbox 230 1487 1564 1540; baseline 0 -14"><span class='ocrx_word' id='word_1_112' title='bbox 230 1491 363 1526; x_wconf 88' lang='grc' dir='ltr'>λουσιν</span> <span class='ocrx_word' id='word_1_113' title='bbox 396 1488 505 1526; x_wconf 76' lang='grc' dir='ltr'>αὐτὸν</span> <span class='ocrx_word' id='word_1_114' title='bbox 538 1489 659 1537; x_wconf 84' lang='grc' dir='ltr'>μάτην</span> <span class='ocrx_word' id='word_1_115' title='bbox 692 1489 782 1537; x_wconf 86' lang='grc' dir='ltr'>πρὸς</span> <span class='ocrx_word' id='word_1_116' title='bbox 815 1488 898 1528; x_wconf 84' lang='grc' dir='ltr'>τοὺς</span> <span class='ocrx_word' id='word_1_117' title='bbox 930 1487 1132 1536; x_wconf 67' lang='grc' dir='ltr'>’Έλληνας,</span> <span class='ocrx_word' id='word_1_118' title='bbox 1167 1489 1214 1528; x_wconf 84' lang='grc' dir='ltr'>ὡς</span> <span class='ocrx_word' id='word_1_119' title='bbox 1248 1489 1564 1540; x_wconf 84' lang='grc' dir='ltr'>ἐπαγγειλάμενον</span> 
     </span>
    </p>
   </div>
   <div class='ocr_carea' id='block_1_6' title="bbox 229 1542 1568 1610">
    <p class='ocr_par' dir='ltr' id='par_1_6' title="bbox 229 1542 1568 1610">
     <span class='ocr_line' id='line_1_17' title="bbox 229 1542 1568 1610; baseline 0.001 -30"><span class='ocrx_word' id='word_1_120' title='bbox 229 1544 351 1582; x_wconf 79' lang='grc' dir='ltr'>αὐτοῖς</span> <span class='ocrx_word' id='word_1_121' title='bbox 370 1543 497 1580; x_wconf 77' lang='grc' dir='ltr'>πολλὰ</span> <span class='ocrx_word' id='word_1_122' title='bbox 519 1543 577 1579; x_wconf 82' lang='grc' dir='ltr'>καὶ</span> <span class='ocrx_word' id='word_1_123' title='bbox 596 1543 754 1594; x_wconf 82' lang='grc' dir='ltr'>μεγάλα,</span> <span class='ocrx_word' id='word_1_124' title='bbox 776 1543 1011 1610; x_wconf 79' lang='grc' dir='ltr'>ψευσάμενον</span> <span class='ocrx_word' id='word_1_125' title='bbox 1030 1542 1079 1580; x_wconf 82' lang='grc' dir='ltr'>δέ·</span> <span class='ocrx_word' id='word_1_126' title='bbox 1111 1542 1215 1581; x_wconf 75' lang='grc' dir='ltr'>οὐδὲν</span> <span class='ocrx_word' id='word_1_127' title='bbox 1233 1544 1306 1594; x_wconf 81' lang='grc' dir='ltr'>γὰρ</span> <span class='ocrx_word' id='word_1_128' title='bbox 1325 1543 1568 1594; x_wconf 78' lang='grc' dir='ltr'>ὑπεσχῆσθαί</span> 
     </span>
    </p>
   </div>
   <div class='ocr_carea' id='block_1_7' title="bbox 191 1596 1563 2029">
    <p class='ocr_par' dir='ltr' id='par_1_7' title="bbox 191 1596 1563 2029">
     <span class='ocr_line' id='line_1_18' title="bbox 230 1596 1563 1649; baseline 0.002 -15"><span class='ocrx_word' id='word_1_129' title='bbox 230 1601 350 1645; x_wconf 87' lang='grc' dir='ltr'>φησιν</span> <span class='ocrx_word' id='word_1_130' title='bbox 365 1596 438 1634; x_wconf 79' lang='grc' dir='ltr'>οῦδ</span> <span class='ocrx_word' id='word_1_131' title='bbox 459 1596 646 1646; x_wconf 83' lang='grc' dir='ltr'>ἐψευσθαι,</span> <span class='ocrx_word' id='word_1_132' title='bbox 665 1597 724 1634; x_wconf 83' lang='grc' dir='ltr'>καὶ</span> <span class='ocrx_word' id='word_1_133' title='bbox 743 1614 826 1646; x_wconf 88' lang='grc' dir='ltr'>περι</span> <span class='ocrx_word' id='word_1_134' title='bbox 845 1597 981 1635; x_wconf 89' lang='grc' dir='ltr'>τούτων</span> <span class='ocrx_word' id='word_1_135' title='bbox 1003 1598 1218 1649; x_wconf 79' lang='grc' dir='ltr'>ἐλέγχους’</span> <span class='ocrx_word' id='word_1_136' title='bbox 1199 1599 1354 1636; x_wconf 88' lang='grc' dir='ltr'>απαιτεῖ.</span> <span class='ocrx_word' id='word_1_137' title='bbox 1396 1599 1563 1648; x_wconf 86' lang='grc' dir='ltr'>ἔπεμψαν</span> 
     </span>
     <span class='ocr_line' id='line_1_19' title="bbox 230 1650 1563 1703; baseline 0.002 -14"><span class='ocrx_word' id='word_1_138' title='bbox 230 1651 268 1689; x_wconf 79' lang='grc' dir='ltr'>δὲ</span> <span class='ocrx_word' id='word_1_139' title='bbox 306 1652 399 1700; x_wconf 81' lang='grc' dir='ltr'>μετὰ</span> <span class='ocrx_word' id='word_1_140' title='bbox 436 1651 625 1688; x_wconf 84' lang='grc' dir='ltr'>Φιλίππου</span> <span class='ocrx_word' id='word_1_141' title='bbox 663 1651 722 1689; x_wconf 83' lang='grc' dir='ltr'>καὶ</span> <span class='ocrx_word' id='word_1_142' title='bbox 759 1650 921 1703; x_wconf 90' lang='grc' dir='ltr'>Αργεῖοι</span> <span class='ocrx_word' id='word_1_143' title='bbox 961 1670 1020 1690; x_wconf 90' lang='grc' dir='ltr'>και</span> <span class='ocrx_word' id='word_1_144' title='bbox 1055 1653 1268 1701; x_wconf 86' lang='grc' dir='ltr'>Μεσσήνιοι</span> <span class='ocrx_word' id='word_1_145' title='bbox 1301 1653 1480 1702; x_wconf 81' lang='grc' dir='ltr'>πρέσβεις</span> <span class='ocrx_word' id='word_1_146' title='bbox 1514 1655 1563 1692; x_wconf 82' lang='grc' dir='ltr'>εἷς</span> 
     </span>
     <span class='ocr_line' id='line_1_20' title="bbox 229 1704 1562 1757; baseline 0.002 -14.017"><span class='ocrx_word' id='word_1_147' title='bbox 229 1704 397 1755; x_wconf 86' lang='grc' dir='ltr'>Ἀθήνας,</span> <span class='ocrx_word' id='word_1_148' title='bbox 437 1705 642 1755; x_wconf 84' lang='grc' dir='ltr'>αἰτιώμενοι</span> <span class='ocrx_word' id='word_1_149' title='bbox 681 1723 740 1743; x_wconf 91' lang='grc' dir='ltr'>και</span> <span class='ocrx_word' id='word_1_150' title='bbox 779 1711 878 1744; x_wconf 77' lang='grc' dir='ltr'>οἱτοι</span> <span class='ocrx_word' id='word_1_151' title='bbox 918 1708 982 1745; x_wconf 84' lang='grc' dir='ltr'>τὸν</span> <span class='ocrx_word' id='word_1_152' title='bbox 1015 1707 1132 1757; x_wconf 81' lang='grc' dir='ltr'>δῆμον</span> <span class='ocrx_word' id='word_1_153' title='bbox 1169 1707 1224 1744; x_wconf 86' lang='grc' dir='ltr'>ὅτι</span> <span class='ocrx_word' id='word_1_154' title='bbox 1263 1707 1562 1756; x_wconf 85' lang='grc' dir='ltr'>Λακεδαιμονίοις</span> 
     </span>
     <span class='ocr_line' id='line_1_21' title="bbox 231 1759 1561 1813; baseline 0 -15"><span class='ocrx_word' id='word_1_155' title='bbox 231 1759 580 1808; x_wconf 81' lang='grc' dir='ltr'>καταδουλουμενοις</span> <span class='ocrx_word' id='word_1_156' title='bbox 599 1777 665 1808; x_wconf 89' lang='grc' dir='ltr'>την</span> <span class='ocrx_word' id='word_1_157' title='bbox 680 1761 973 1810; x_wconf 82' lang='grc' dir='ltr'>Πελοπόννησον</span> <span class='ocrx_word' id='word_1_158' title='bbox 990 1763 1110 1802; x_wconf 74' lang='grc' dir='ltr'>εὔνους</span> <span class='ocrx_word' id='word_1_159' title='bbox 1130 1760 1160 1798; x_wconf 88' lang='grc' dir='ltr'>τ’</span> <span class='ocrx_word' id='word_1_160' title='bbox 1180 1762 1260 1799; x_wconf 85' lang='grc' dir='ltr'>ἐστὶ</span> <span class='ocrx_word' id='word_1_161' title='bbox 1277 1763 1335 1800; x_wconf 83' lang='grc' dir='ltr'>καὶ</span> <span class='ocrx_word' id='word_1_162' title='bbox 1355 1764 1561 1813; x_wconf 80' lang='grc' dir='ltr'>συγκροτεῖ,</span> 
     </span>
     <span class='ocr_line' id='line_1_22' title="bbox 191 1813 1563 1866; baseline 0.001 -14"><span class='ocrx_word' id='word_1_163' title='bbox 191 1830 211 1866; x_wconf 88' lang='lat'>3</span> <span class='ocrx_word' id='word_1_164' title='bbox 231 1815 351 1854; x_wconf 80' lang='grc' dir='ltr'>αὐτοῖς</span> <span class='ocrx_word' id='word_1_165' title='bbox 385 1813 423 1851; x_wconf 84' lang='grc' dir='ltr'>δὲ</span> <span class='ocrx_word' id='word_1_166' title='bbox 456 1814 538 1863; x_wconf 80' lang='grc' dir='ltr'>περὶ</span> <span class='ocrx_word' id='word_1_167' title='bbox 570 1814 776 1864; x_wconf 83' lang='grc' dir='ltr'>ἐλευθερίας</span> <span class='ocrx_word' id='word_1_168' title='bbox 809 1819 1040 1865; x_wconf 81' lang='grc' dir='ltr'>πολεμοῦσιν</span> <span class='ocrx_word' id='word_1_169' title='bbox 1069 1819 1301 1854; x_wconf 80' lang='grc' dir='ltr'>ἐναντιοῦται.</span> <span class='ocrx_word' id='word_1_170' title='bbox 1361 1819 1563 1865; x_wconf 79' lang='grc' dir='ltr'>ἀποροῦσιν</span> 
     </span>
     <span class='ocr_line' id='line_1_23' title="bbox 231 1866 1562 1919; baseline 0.003 -13"><span class='ocrx_word' id='word_1_171' title='bbox 231 1868 294 1906; x_wconf 69' lang='grc' dir='ltr'>οὖν</span> <span class='ocrx_word' id='word_1_172' title='bbox 314 1869 347 1906; x_wconf 77' lang='grc' dir='ltr'>οἱ</span> <span class='ocrx_word' id='word_1_173' title='bbox 366 1866 555 1917; x_wconf 85' lang='grc' dir='ltr'>Ἀθηναῖοι</span> <span class='ocrx_word' id='word_1_174' title='bbox 576 1869 635 1906; x_wconf 84' lang='grc' dir='ltr'>καὶ</span> <span class='ocrx_word' id='word_1_175' title='bbox 657 1870 748 1918; x_wconf 84' lang='grc' dir='ltr'>πρὸς</span> <span class='ocrx_word' id='word_1_176' title='bbox 771 1871 833 1907; x_wconf 82' lang='grc' dir='ltr'>τὸν</span> <span class='ocrx_word' id='word_1_177' title='bbox 853 1871 1041 1907; x_wconf 85' lang='grc' dir='ltr'>Φίλιππον</span> <span class='ocrx_word' id='word_1_178' title='bbox 1062 1871 1289 1919; x_wconf 81' lang='grc' dir='ltr'>ἀποκρίσεως</span> <span class='ocrx_word' id='word_1_179' title='bbox 1310 1871 1369 1907; x_wconf 85' lang='grc' dir='ltr'>καὶ</span> <span class='ocrx_word' id='word_1_180' title='bbox 1388 1871 1479 1919; x_wconf 78' lang='grc' dir='ltr'>πρὸς</span> <span class='ocrx_word' id='word_1_181' title='bbox 1497 1872 1562 1910; x_wconf 81' lang='grc' dir='ltr'>τὰς</span> 
     </span>
     <span class='ocr_line' id='line_1_24' title="bbox 230 1923 1562 1973; baseline 0.002 -14"><span class='ocrx_word' id='word_1_182' title='bbox 230 1923 367 1962; x_wconf 88' lang='grc' dir='ltr'>πόλεις·</span> <span class='ocrx_word' id='word_1_183' title='bbox 403 1923 493 1972; x_wconf 85' lang='grc' dir='ltr'>πρὸς</span> <span class='ocrx_word' id='word_1_184' title='bbox 521 1924 588 1971; x_wconf 86' lang='grc' dir='ltr'>μὲν</span> <span class='ocrx_word' id='word_1_185' title='bbox 610 1925 674 1963; x_wconf 80' lang='grc' dir='ltr'>τὰς</span> <span class='ocrx_word' id='word_1_186' title='bbox 704 1924 840 1968; x_wconf 87' lang='grc' dir='ltr'>πόλεις,</span> <span class='ocrx_word' id='word_1_187' title='bbox 863 1924 917 1961; x_wconf 82' lang='grc' dir='ltr'>ὅτι</span> <span class='ocrx_word' id='word_1_188' title='bbox 948 1924 1041 1962; x_wconf 72' lang='grc' dir='ltr'>εὖνοι</span> <span class='ocrx_word' id='word_1_189' title='bbox 1070 1925 1138 1973; x_wconf 90' lang='grc' dir='ltr'>μέν</span> <span class='ocrx_word' id='word_1_190' title='bbox 1164 1927 1236 1961; x_wconf 84' lang='grc' dir='ltr'>εἰσι</span> <span class='ocrx_word' id='word_1_191' title='bbox 1262 1924 1562 1973; x_wconf 80' lang='grc' dir='ltr'>Λακεδαιμονίοις</span> 
     </span>
     <span class='ocr_line' id='line_1_25' title="bbox 231 1976 1562 2029; baseline 0.002 -16"><span class='ocrx_word' id='word_1_192' title='bbox 231 1977 290 2014; x_wconf 83' lang='grc' dir='ltr'>καὶ</span> <span class='ocrx_word' id='word_1_193' title='bbox 316 1976 382 2025; x_wconf 80' lang='grc' dir='ltr'>τὴν</span> <span class='ocrx_word' id='word_1_194' title='bbox 405 1979 476 2014; x_wconf 85' lang='grc' dir='ltr'>τῶν</span> <span class='ocrx_word' id='word_1_195' title='bbox 500 1976 676 2029; x_wconf 84' lang='grc' dir='ltr'>Ἀργείων</span> <span class='ocrx_word' id='word_1_196' title='bbox 703 1979 762 2015; x_wconf 82' lang='grc' dir='ltr'>καὶ</span> <span class='ocrx_word' id='word_1_197' title='bbox 788 1979 1017 2027; x_wconf 85' lang='grc' dir='ltr'>Μεσσηνίων</span> <span class='ocrx_word' id='word_1_198' title='bbox 1041 1980 1134 2027; x_wconf 84' lang='grc' dir='ltr'>μετὰ</span> <span class='ocrx_word' id='word_1_199' title='bbox 1159 1979 1347 2016; x_wconf 80' lang='grc' dir='ltr'>Φιλίππου</span> <span class='ocrx_word' id='word_1_200' title='bbox 1374 1979 1562 2016; x_wconf 81' lang='grc' dir='ltr'>σύστασιν</span> 
     </span>
    </p>
   </div>
   <div class='ocr_carea' id='block_1_8' title="bbox 121 2031 1561 2086">
    <p class='ocr_par' dir='ltr' id='par_1_8' title="bbox 121 2031 1561 2086">
     <span class='ocr_line' id='line_1_26' title="bbox 121 2031 1561 2086; baseline 0.002 -19"><span class='ocrx_word' id='word_1_201' title='bbox 121 2031 209 2086; x_wconf 86' lang='lat'>[65]</span> <span class='ocrx_word' id='word_1_202' title='bbox 232 2048 290 2068; x_wconf 89' lang='grc' dir='ltr'>και</span> <span class='ocrx_word' id='word_1_203' title='bbox 318 2033 475 2080; x_wconf 78' lang='grc' dir='ltr'>μισοῦσι</span> <span class='ocrx_word' id='word_1_204' title='bbox 509 2049 568 2069; x_wconf 89' lang='grc' dir='ltr'>και</span> <span class='ocrx_word' id='word_1_205' title='bbox 601 2032 882 2076; x_wconf 78' lang='grc' dir='ltr'>υποπτεύουσιν,</span> <span class='ocrx_word' id='word_1_206' title='bbox 915 2034 956 2070; x_wconf 79' lang='grc' dir='ltr'>οὗ</span> <span class='ocrx_word' id='word_1_207' title='bbox 989 2050 1063 2082; x_wconf 87' lang='grc' dir='ltr'>μην</span> <span class='ocrx_word' id='word_1_208' title='bbox 1091 2033 1358 2082; x_wconf 76' lang='grc' dir='ltr'>ἀποφήνασθαι</span> <span class='ocrx_word' id='word_1_209' title='bbox 1392 2032 1561 2071; x_wconf 81' lang='grc' dir='ltr'>δύνανται</span> 
     </span>
    </p>
   </div>
   <div class='ocr_carea' id='block_1_9' title="bbox 230 2085 1561 2405">
    <p class='ocr_par' dir='ltr' id='par_1_9' title="bbox 230 2085 1561 2246">
     <span class='ocr_line' id='line_1_27' title="bbox 230 2085 1561 2135; baseline 0.002 -13"><span class='ocrx_word' id='word_1_210' title='bbox 230 2085 351 2122; x_wconf 85' lang='grc' dir='ltr'>ὃικαια</span> <span class='ocrx_word' id='word_1_211' title='bbox 376 2086 548 2134; x_wconf 80' lang='grc' dir='ltr'>πράττειν</span> <span class='ocrx_word' id='word_1_212' title='bbox 567 2102 650 2125; x_wconf 91' lang='grc' dir='ltr'>τους</span> <span class='ocrx_word' id='word_1_213' title='bbox 670 2086 989 2135; x_wconf 82' lang='grc' dir='ltr'>Λακεδαιμονίους·</span> <span class='ocrx_word' id='word_1_214' title='bbox 1020 2088 1111 2135; x_wconf 84' lang='grc' dir='ltr'>πρὸς</span> <span class='ocrx_word' id='word_1_215' title='bbox 1135 2087 1172 2124; x_wconf 81' lang='grc' dir='ltr'>δὲ</span> <span class='ocrx_word' id='word_1_216' title='bbox 1198 2088 1262 2125; x_wconf 85' lang='grc' dir='ltr'>τὸν</span> <span class='ocrx_word' id='word_1_217' title='bbox 1285 2087 1483 2131; x_wconf 86' lang='grc' dir='ltr'>Φίλιππον,</span> <span class='ocrx_word' id='word_1_218' title='bbox 1505 2086 1561 2124; x_wconf 84' lang='grc' dir='ltr'>ὅτι</span> 
     </span>
     <span class='ocr_line' id='line_1_28' title="bbox 230 2139 1561 2191; baseline 0.001 -14"><span class='ocrx_word' id='word_1_219' title='bbox 230 2139 502 2189; x_wconf 79' lang='grc' dir='ltr'>διημαρτήκασι</span> <span class='ocrx_word' id='word_1_220' title='bbox 539 2141 605 2189; x_wconf 83' lang='grc' dir='ltr'>μὲν</span> <span class='ocrx_word' id='word_1_221' title='bbox 640 2140 687 2178; x_wconf 85' lang='grc' dir='ltr'>ὧν</span> <span class='ocrx_word' id='word_1_222' title='bbox 719 2140 896 2189; x_wconf 80' lang='grc' dir='ltr'>ἤλπισαν,</span> <span class='ocrx_word' id='word_1_223' title='bbox 931 2158 973 2178; x_wconf 92' lang='grc' dir='ltr'>ου</span> <span class='ocrx_word' id='word_1_224' title='bbox 1011 2141 1085 2189; x_wconf 85' lang='grc' dir='ltr'>μὴν</span> <span class='ocrx_word' id='word_1_225' title='bbox 1118 2139 1176 2178; x_wconf 78' lang='grc' dir='ltr'>ὑπ’</span> <span class='ocrx_word' id='word_1_226' title='bbox 1209 2142 1345 2179; x_wconf 84' lang='grc' dir='ltr'>ἐκείνου</span> <span class='ocrx_word' id='word_1_227' title='bbox 1382 2139 1416 2191; x_wconf 86' lang='grc' dir='ltr'>γ’</span> <span class='ocrx_word' id='word_1_228' title='bbox 1449 2142 1561 2178; x_wconf 77' lang='grc' dir='ltr'>αὐτοῦ</span> 
     </span>
     <span class='ocr_line' id='line_1_29' title="bbox 230 2193 1561 2246; baseline 0.001 -15"><span class='ocrx_word' id='word_1_229' title='bbox 230 2193 403 2231; x_wconf 80' lang='grc' dir='ltr'>δοκοῦσιν</span> <span class='ocrx_word' id='word_1_230' title='bbox 433 2194 697 2243; x_wconf 81' lang='grc' dir='ltr'>ἐξηπατῆσθαι·</span> <span class='ocrx_word' id='word_1_231' title='bbox 742 2195 824 2232; x_wconf 76' lang='grc' dir='ltr'>οὔτε</span> <span class='ocrx_word' id='word_1_232' title='bbox 852 2196 923 2246; x_wconf 82' lang='grc' dir='ltr'>γὰρ</span> <span class='ocrx_word' id='word_1_233' title='bbox 955 2198 1034 2234; x_wconf 87' lang='grc' dir='ltr'>ταῖς</span> <span class='ocrx_word' id='word_1_234' title='bbox 1068 2196 1282 2234; x_wconf 89' lang='grc' dir='ltr'>ἐπιστολαῖς</span> <span class='ocrx_word' id='word_1_235' title='bbox 1316 2195 1561 2246; x_wconf 85' lang='grc' dir='ltr'>ἐνέγραψενὸ</span> 
     </span>
    </p>

    <p class='ocr_par' dir='ltr' id='par_1_10' title="bbox 231 2248 1561 2405">
     <span class='ocr_line' id='line_1_30' title="bbox 231 2248 1561 2316; baseline 0.002 -32"><span class='ocrx_word' id='word_1_236' title='bbox 231 2248 416 2288; x_wconf 89' lang='grc' dir='ltr'>Φιλιππος</span> <span class='ocrx_word' id='word_1_237' title='bbox 450 2249 675 2316; x_wconf 81' lang='grc' dir='ltr'>ἐπαγγελιαν</span> <span class='ocrx_word' id='word_1_238' title='bbox 708 2248 888 2298; x_wconf 80' lang='grc' dir='ltr'>οὐδεμιαν,</span> <span class='ocrx_word' id='word_1_239' title='bbox 924 2250 1006 2286; x_wconf 77' lang='grc' dir='ltr'>οὕτε</span> <span class='ocrx_word' id='word_1_240' title='bbox 1039 2249 1097 2286; x_wconf 84' lang='grc' dir='ltr'>διὰ</span> <span class='ocrx_word' id='word_1_241' title='bbox 1129 2252 1200 2287; x_wconf 84' lang='grc' dir='ltr'>τῶν</span> <span class='ocrx_word' id='word_1_242' title='bbox 1234 2249 1331 2286; x_wconf 84' lang='grc' dir='ltr'>ἷδιων</span> <span class='ocrx_word' id='word_1_243' title='bbox 1363 2249 1561 2298; x_wconf 86' lang='grc' dir='ltr'>πρέσβεων</span> 
     </span>
     <span class='ocr_line' id='line_1_31' title="bbox 233 2301 1561 2352; baseline 0.001 -13"><span class='ocrx_word' id='word_1_244' title='bbox 233 2302 435 2351; x_wconf 85' lang='grc' dir='ltr'>ἐποιήσατό</span> <span class='ocrx_word' id='word_1_245' title='bbox 467 2301 533 2340; x_wconf 83' lang='grc' dir='ltr'>τιν’</span> <span class='ocrx_word' id='word_1_246' title='bbox 565 2303 784 2352; x_wconf 83' lang='grc' dir='ltr'>υπόσχεσιν,</span> <span class='ocrx_word' id='word_1_247' title='bbox 820 2301 906 2340; x_wconf 84' lang='grc' dir='ltr'>ἀλλ’</span> <span class='ocrx_word' id='word_1_248' title='bbox 938 2301 1142 2351; x_wconf 85' lang='grc' dir='ltr'>Ἀθηναίων</span> <span class='ocrx_word' id='word_1_249' title='bbox 1174 2304 1267 2342; x_wconf 86' lang='grc' dir='ltr'>τινὲς</span> <span class='ocrx_word' id='word_1_250' title='bbox 1299 2302 1397 2351; x_wconf 84' lang='grc' dir='ltr'>ἦσαν</span> <span class='ocrx_word' id='word_1_251' title='bbox 1431 2305 1464 2340; x_wconf 82' lang='grc' dir='ltr'>οἱ</span> <span class='ocrx_word' id='word_1_252' title='bbox 1496 2303 1561 2340; x_wconf 85' lang='grc' dir='ltr'>τὸν</span> 
     </span>
     <span class='ocr_line' id='line_1_32' title="bbox 233 2356 1561 2405; baseline 0.001 -12"><span class='ocrx_word' id='word_1_253' title='bbox 233 2356 349 2405; x_wconf 82' lang='grc' dir='ltr'>δῆμον</span> <span class='ocrx_word' id='word_1_254' title='bbox 369 2373 417 2395; x_wconf 91' lang='grc' dir='ltr'>εις</span> <span class='ocrx_word' id='word_1_255' title='bbox 441 2356 573 2394; x_wconf 85' lang='grc' dir='ltr'>ἐλπίδα</span> <span class='ocrx_word' id='word_1_256' title='bbox 597 2357 895 2405; x_wconf 89' lang='grc' dir='ltr'>καταστήσαντες</span> <span class='ocrx_word' id='word_1_257' title='bbox 918 2358 964 2397; x_wconf 87' lang='grc' dir='ltr'>ὡς</span> <span class='ocrx_word' id='word_1_258' title='bbox 990 2357 1175 2397; x_wconf 84' lang='grc' dir='ltr'>Φίλιππος</span> <span class='ocrx_word' id='word_1_259' title='bbox 1198 2358 1345 2397; x_wconf 90' lang='grc' dir='ltr'>Φωκέας</span> <span class='ocrx_word' id='word_1_260' title='bbox 1364 2357 1481 2395; x_wconf 86' lang='grc' dir='ltr'>σώσει</span> <span class='ocrx_word' id='word_1_261' title='bbox 1501 2357 1561 2394; x_wconf 88' lang='grc' dir='ltr'>καὶ</span> 
     </span>
    </p>
   </div>
   <div class='ocr_carea' id='block_1_10' title="bbox 193 2409 1561 2461">
    <p class='ocr_par' dir='ltr' id='par_1_11' title="bbox 193 2409 1561 2461">
     <span class='ocr_line' id='line_1_33' title="bbox 193 2409 1561 2461; baseline 0 -12"><span class='ocrx_word' id='word_1_262' title='bbox 193 2422 215 2457; x_wconf 90' lang='grc'>4</span> <span class='ocrx_word' id='word_1_263' title='bbox 232 2409 300 2459; x_wconf 83' lang='grc' dir='ltr'>τὴν</span> <span class='ocrx_word' id='word_1_264' title='bbox 327 2410 503 2460; x_wconf 84' lang='grc' dir='ltr'>Θηβαίων</span> <span class='ocrx_word' id='word_1_265' title='bbox 532 2411 640 2460; x_wconf 81' lang='grc' dir='ltr'>ὕβριν</span> <span class='ocrx_word' id='word_1_266' title='bbox 669 2411 881 2449; x_wconf 84' lang='grc' dir='ltr'>καταλύσει.</span> <span class='ocrx_word' id='word_1_267' title='bbox 942 2410 1000 2449; x_wconf 79' lang='grc' dir='ltr'>διὰ</span> <span class='ocrx_word' id='word_1_268' title='bbox 1033 2411 1131 2449; x_wconf 78' lang='grc' dir='ltr'>τοῦθ’</span> <span class='ocrx_word' id='word_1_269' title='bbox 1162 2411 1457 2461; x_wconf 84' lang='grc' dir='ltr'>ὃΔημοσθένης</span> <span class='ocrx_word' id='word_1_270' title='bbox 1490 2414 1561 2449; x_wconf 83' lang='grc' dir='ltr'>τῶν</span> 
     </span>
    </p>
   </div>
   <div class='ocr_carea' id='block_1_11' title="bbox 1587 1400 1625 1422">
    <p class='ocr_par' dir='ltr' id='par_1_12' title="bbox 1587 1400 1625 1422">
     <span class='ocr_line' id='line_1_34' title="bbox 1587 1400 1625 1422; baseline 0.053 -2"><span class='ocrx_word' id='word_1_271' title='bbox 1587 1400 1625 1422; x_wconf 90' lang='lat'>10</span> 
     </span>
    </p>
   </div>
   <div class='ocr_carea' id='block_1_12' title="bbox 1586 1669 1621 1701">
    <p class='ocr_par' dir='ltr' id='par_1_13' title="bbox 1586 1669 1621 1701">
     <span class='ocr_line' id='line_1_35' title="bbox 1586 1669 1621 1701; baseline 0 0"><span class='ocrx_word' id='word_1_272' title='bbox 1586 1669 1621 1701; x_wconf 87' lang='lat'>15</span> 
     </span>
    </p>
   </div>
   <div class='ocr_carea' id='block_1_13' title="bbox 1585 1937 1624 1958">
    <p class='ocr_par' dir='ltr' id='par_1_14' title="bbox 1585 1937 1624 1958">
     <span class='ocr_line' id='line_1_36' title="bbox 1585 1937 1624 1958; baseline 0 0"><span class='ocrx_word' id='word_1_273' title='bbox 1585 1937 1624 1958; x_wconf 91' lang='lat'>20</span> 
     </span>
    </p>
   </div>
  </div>
 </body>
</html>
