1747 2844
172 88 260 143 x1x]
397 94 540 132 ΠΕΡΙ
588 94 710 133 ΤΗΣ
759 96 1277 134 ΠΑΡΑΠΡΕΣΒΕΙΑΣ

171 199 248 236 τῶν
267 198 309 237 δὲ
328 195 539 248 πρέσβεων
558 202 639 240 τοῖς
661 200 757 239 κατὰ
775 200 843 249 τῆς
863 199 1016 240 πόλεως
1037 202 1155 238 ταῦτα
1175 197 1347 249 πράξασι
1367 215 1489 249 προσ-

170 263 296 309 όδους,
315 263 507 314 εὐπορίας,
529 263 714 314 κτήματα,
734 268 906 305 πλοῦτον
924 265 1011 304 ἀντὶ
1027 267 1104 304 τῶν
1121 263 1304 317 ἐσχάτων
1322 265 1492 315 ἀποριῶν

171 328 396 381 εἰργάσθαι;
434 331 540 370 ἀλλὰ
563 329 641 381 μὴν
666 332 726 371 ὅτι
751 330 857 371 ταῦτ’
877 331 1005 381 ἀληθῆ
1030 329 1149 382 λέγω,
1178 329 1288 370 κάλει
1312 347 1380 380 μοι
1404 331 1493 373 τοὺς

169 394 401 438 Ὀλυνθίους
424 395 629 449 μάρτυρας.

130 458 148 490 5
721 460 938 489 ΜΑΡΤΎῬΕΣ.

236 527 296 568 Οὐ
329 529 460 568 τοίνυν
495 526 735 579 θαυμάσαιμ’
773 528 822 568 ἂν
862 530 894 569 εἰ
934 529 995 569 καὶ
1033 528 1188 569 τοιοῦτό
1225 544 1261 568 τι
1301 527 1494 579 τολμήσει

168 593 314 646 λέγειν,
342 593 393 636 ὡς
420 593 487 634 οὐκ
516 593 563 644 ἦν
590 594 715 645 καλὴν
743 594 822 636 οὐδ’
849 595 935 636 οἵαν
964 592 1099 645 ἠξίουν
1129 595 1208 647 ἐγὼ
1237 593 1308 644 τὴν
1338 594 1494 648 εἰρήνην

169 659 424 710 ποιήσασθαι,
453 664 576 702 κακῶς
601 664 652 715 τῷ
678 660 837 716 πολέμῳ
868 665 946 702 τῶν
971 665 1204 713 στρατηγῶν
1230 660 1491 716 κεχρημένων.

167 725 216 767 ἂν
240 725 286 777 δὴ
315 729 436 766 ταῦτα
464 725 576 783 λέγῃ,
605 726 701 779 πρὸς
731 730 830 768 θεῶν
855 727 1073 780 ἐρωτήσατ’
1099 727 1217 768 αὐτὸν
1240 727 1491 779 μεμνημένοι,

111 812 149 836 10
168 791 300 844 πότερ’
326 790 372 843 ἐξ
394 791 528 844 ἑτέρας
553 793 673 848 ᾤχετο
699 795 935 846 πρεσβεύων
961 794 1115 835 πόλεως
1143 791 1167 844 ἢ
1194 794 1336 844 ταύτης
1360 794 1490 845 αὐτῆς.

168 860 202 900 εἰ
225 860 296 910 μὲν
320 860 396 911 γὰρ
421 858 467 910 ἐξ
489 859 634 911 ἑτέρας,
662 859 712 911 ἢν
737 860 1013 912 κεκρατηκέναι
1038 877 1079 901 τε
1105 864 1157 914 τῷ
1183 859 1343 915 πολέμῳ
1369 859 1494 913 φήσει

170 926 232 966 καὶ
262 925 459 978 χρηστοὺς
492 925 599 979 ἔχειν
630 927 885 979 στρατηγούς,
921 927 1078 968 εἰκότως
1109 926 1277 980 χρήματ’
1311 928 1491 979 εἴληφεν·

168 993 202 1033 εἰ
227 990 259 1032 δ’
287 992 330 1032 ἐκ
353 991 494 1043 ταύτης
521 992 650 1043 αὐτῆς,
672 995 776 1035 τίνος
802 992 914 1034 εἵνεκ’
940 992 1005 1045 ἐφ’
1026 994 1082 1035 οἷς
1106 993 1129 1044 ἡ
1155 992 1353 1045 πέμψασα
1377 994 1493 1036 πόλις

168 1061 245 1099 τῶν
275 1059 393 1109 αὑτῆς
426 1058 593 1109 ἀπέστη,
627 1060 690 1100 ἐπὶ
721 1059 872 1101 τούτοις
906 1060 1017 1102 οὗτος
1049 1061 1211 1111 δωρειὰς
1244 1060 1492 1111 προσλαβὼν

109 1144 147 1176 15
169 1126 372 1176 φαίνεται;
421 1129 498 1167 τῶν
534 1128 608 1178 γὰρ
651 1125 776 1166 αὐτῶν
813 1126 890 1166 ἔδει
927 1125 996 1176 τήν
1034 1142 1076 1166 τε
1116 1124 1338 1178 πέμψασαν
1374 1127 1491 1166 πόλιν

167 1190 378 1245 τυγχάνειν
399 1192 459 1232 καὶ
483 1191 572 1234 τοὺς
597 1193 639 1232 ἐκ
663 1192 803 1242 ταύτης
822 1192 1027 1244 πρέσβεις,
1049 1193 1156 1244 εἴπερ
1177 1209 1213 1232 τι
1238 1196 1314 1232 τῶν
1334 1193 1491 1233 δικαίων

167 1260 360 1311 ἐγίγνετο.
420 1260 478 1300 ἔτι
501 1260 631 1300 τοίνυν
658 1259 811 1300 κάκεῖνο
837 1258 1051 1311 σκέψασθ’,
1079 1257 1108 1298 ὦ
1135 1258 1269 1311 ἄνδρες
1295 1259 1488 1299 δικασταί.

166 1325 299 1378 πότερ’
333 1327 466 1367 οἴεσθε
499 1325 621 1366 πλέον
655 1325 817 1367 Φωκέας
854 1326 1048 1377 Θηβαίων
1084 1322 1107 1375 ἢ
1145 1326 1348 1365 Φίλιππον
1383 1326 1491 1376 ὑμῶν

168 1396 321 1445 κρατεῖν
362 1396 414 1447 τῷ
457 1391 636 1447 πολέμῳ;
689 1393 767 1444 ἐγὼ
813 1394 884 1443 μὲν
926 1394 1000 1444 γὰρ
1044 1391 1084 1432 εὖ
1126 1391 1196 1431 οἶδ’
1238 1393 1297 1432 ὅτι
1339 1395 1491 1433 Φωκεῖς

108 1476 147 1498 20
167 1461 375 1510 Θηβαίων.
453 1458 563 1511 εἶχόν
604 1459 641 1510 γ’
683 1458 929 1510 Ὀρχομενὸν
973 1458 1035 1498 καὶ
1078 1458 1300 1509 Κορώνειαν
1343 1458 1405 1497 καὶ
1448 1458 1491 1498 τὸ

164 1528 442 1578 Τιλφωσαῖον,
474 1526 537 1566 καὶ
566 1524 655 1567 τοὺς
685 1526 726 1565 ἐν
757 1523 918 1565 Νέωσιν
949 1523 1229 1576 ἀπειλήφεσαν
1258 1525 1396 1571 αὐτῶν,
1430 1525 1491 1565 καὶ

166 1591 436 1643 ἑβδομήκοντα
467 1592 528 1632 καὶ
559 1591 782 1632 διακοσίους
811 1592 1081 1632 ἀπεκτόνεσαν
1109 1592 1173 1632 ἐπὶ
1201 1595 1254 1645 τῷ
1279 1589 1488 1645 (Ηὸυλείῳ,

167 1660 229 1700 καὶ
260 1659 447 1711 τρόπαιον
480 1657 666 1709 εἱστήκει,
705 1658 765 1698 καὶ
799 1657 1075 1710 ἱπποκράτουν,
1112 1658 1172 1697 καὶ
1209 1661 1337 1698 κακῶν
1370 1657 1491 1699 Ἰλιὰς

166 1725 430 1778 περιειστήκει
457 1726 676 1777 Θηβαίους.
747 1726 836 1776 ὑμῖν
862 1727 903 1766 δὲ
929 1728 1079 1765 τοιοῦτο
1104 1726 1176 1775 μὲν
1201 1725 1313 1765 οὐδὲν
1339 1723 1418 1765 οὔτ’
1444 1724 1490 1774 ἦν

106 1808 143 1840 25
163 1791 263 1843 μήτε
287 1792 441 1845 γένοιτο
467 1796 534 1833 τοῦ
558 1796 709 1842 λοιποῦ,
731 1796 844 1832 τοῦτο
870 1791 902 1832 δ’
922 1790 968 1841 ἦν
988 1791 1031 1831 τὸ
1056 1792 1282 1832 δεινότατον
1300 1793 1369 1830 τοῦ
1394 1790 1490 1842 πρὸς

165 1860 369 1900 Φίλιππον
401 1859 588 1910 πολέμου·
637 1860 705 1900 οὐκ
741 1859 933 1900 ἐδύνασθε
972 1862 1095 1900 κακῶς
1130 1857 1234 1909 ἡλίκ’
1268 1857 1489 1908 ἐβούλεσθε

164 1929 291 1967 ποιεῖν
310 1927 473 1967 ἐκεῖνον·
510 1930 577 1966 τοῦ
596 1928 637 1967 δὲ
655 1925 707 1976 μὴ
727 1924 900 1979 πάσχειν
920 1925 1029 1967 αὐτοὶ
1055 1927 1189 1966 πᾶσαν
1209 1924 1340 1965 ἄδειαν
1358 1923 1486 1976 ἤγετε.

163 1994 204 2033 τί
228 1992 314 2032 ποτ’
340 1993 408 2033 οὖν
437 1994 479 2033 ἐκ
511 1995 580 2043 τῆς
613 1992 730 2043 αὐτῆς
763 1991 916 2045 εἰρήνης
949 1996 1030 2034 τοῖς
1062 1993 1134 2043 μὲν
1165 1992 1375 2041 Θηβαίοις,
1407 1993 1489 2032 τοῖς

212 2110 223 2132 1
249 2105 314 2134 τῶν
331 2101 365 2134 δὲ
382 2101 548 2143 πρέσβεων
567 2101 590 2132 S
604 2101 641 2131 L1
659 2101 745 2132 soli.
768 2104 835 2134 τοῖς
852 2101 887 2133 δὲ
903 2100 1061 2143 πρέσβεσι
1078 2100 1168 2139 vulg.
1269 2110 1288 2138 4
1312 2099 1488 2132 Ὀλυνθιων

162 2144 194 2175 Α
327 2155 344 2184 7
370 2146 475 2183 καλὴν
492 2145 582 2175 LA:
607 2146 691 2184 καλὴ
709 2145 732 2175 S
750 2145 838 2184 vulg.
977 2155 1016 2175 10
1040 2146 1137 2181 αὐτῆς
1156 2143 1240 2173 LF:
1268 2152 1332 2173 om.
1352 2142 1487 2174 Dobree

162 2199 236 2219 cum
254 2187 338 2223 AB
355 2189 394 2220 cf.
416 2189 523 2221 schol.
541 2199 571 2228 p.
591 2197 665 2227 405,
686 2190 746 2219 18.
739 2199 746 2205 ·
770 2191 827 2227 τῆς
845 2190 942 2226 αὐτῆς
962 2189 984 2219 S
1002 2188 1088 2226 vulg.
1238 2196 1276 2225 13
1300 2186 1420 2224 ταύτης
1438 2186 1486 2216 L:

162 2234 220 2269 τῆς
238 2232 341 2263 SYF
356 2245 406 2273 γρ.
501 2234 597 2271 αὐτῆς
614 2242 679 2262 om.
699 2232 832 2263 Dobree
953 2242 989 2269 14
1015 2234 1130 2271 δωρεάς
1149 2231 1172 2261 S
1187 2229 1270 2260 LA:
1296 2232 1378 2270 δῶρα
1394 2229 1484 2269 vulg.

166 2285 202 2313 17
228 2280 304 2315 post
322 2276 472 2317 ἐγίγνετο
490 2276 521 2305 in
541 2275 572 2306 A
590 2275 713 2314 legitur
733 2278 787 2307 νῦν
809 2275 842 2307 δε
866 2276 884 2313 ἡ
905 2289 963 2313 μεν
983 2275 1075 2306 πόλις
1093 2277 1157 2304 τῶν
1175 2275 1270 2310 αὐτῆς
1288 2273 1485 2312 ἀφεστηκεν,

163 2323 253 2351 οὑτος
271 2319 305 2351 δὲ
322 2320 475 2361 χρήματα
492 2321 635 2374 εἴληφεν.
799 2329 840 2349 20
862 2319 894 2359 γ’
915 2319 961 2348 S.
984 2319 1046 2358 ’γὰρ
1066 2318 1090 2347 L
1108 2317 1197 2354 vulg.
1214 2327 1220 2346 :
1245 2316 1304 2355 μὲν
1319 2317 1381 2357 ’γὰρ
1399 2316 1484 2348 FO:

162 2361 220 2401 μέν
235 2375 275 2402 ’γε
293 2362 324 2392 Α
458 2364 500 2393 26
523 2363 620 2401 ἡλίκα
638 2363 661 2394 S
674 2361 700 2393 L
719 2361 817 2402 (corr.
837 2372 886 2402 pr.
905 2371 945 2392 m.
940 2362 989 2401 R).
983 2361 1106 2399 ’ἡνίκα
1122 2364 1198 2391 cett.

1524 95 1642 150 [386]

1528 544 1590 579 Ι47

1523 1125 1635 1180 [387]

1523 1265 1590 1306 148

1526 1733 1589 1770 149
