1747 2844
191 123 278 176 m]
414 128 556 165 ΠΕΡι
605 128 725 165 ΤΗΣ
774 127 1295 164 ΠΑΡΑΠΡΕΣΒΕΙΑΣ
1357 171 1363 177 ,
1545 128 1658 182 [370]

188 232 336 272 τούτων
372 230 408 283 γ’
443 232 602 283 ἀφεῖται
641 230 702 270 καὶ
738 231 852 271 οὐδὲν
884 228 1002 269 αὐτὸν
1035 231 1095 268 δεῖ
1126 227 1273 280 λέγειν·
1313 230 1400 281 περὶ
1435 232 1509 283 γὰρ

188 302 266 339 τῶν
301 296 691 351 ἀμφισβητουμένων
725 298 785 337 καὶ
817 295 907 337 τοὺς
938 294 1134 347 μάρτυρας
1167 295 1413 348 παρέχεσθαι
1448 298 1509 338 καὶ

187 367 235 406 τὰ
267 365 454 417 τεκμήρια
483 368 544 405 δεῖ
571 363 706 416 λέγειν
738 362 806 403 τὸν
832 362 1044 414 φεύγοντα,
1072 361 1117 402 οὐ
1149 363 1196 402 τὰ
1227 362 1509 414 ὁμολογούμεν’

189 431 509 484 ἀπολογούμενον
536 429 747 481 ἐξαπατᾶν.
818 430 923 470 ὅπως
952 428 1083 469 τοίνυν
1114 428 1202 480 περὶ
1235 432 1303 468 τοῦ
1334 428 1509 480 πολέμου

150 516 166 547 5
186 501 309 550 μηδὲν
329 499 441 550 ἐρεῖς·
479 497 603 539 οὐδεὶς
627 499 702 549 γὰρ
722 496 834 537 οὐδὲν
854 497 1023 536 αἰτιᾶται
1041 495 1128 546 περὶ
1147 495 1263 535 αὐτοῦ
1289 512 1349 536 σε.
1409 499 1508 547 μετὰ
1538 513 1582 547 93

187 564 294 606 ταῦτ’
320 564 477 617 εἰρήνην
504 565 607 605 τινὲς
639 564 740 615 ἡμᾶς
770 563 927 603 ἔπειθον
957 561 1216 612 ποιήσασθαι·
1255 564 1506 613 ἐπείσθημεν·

187 632 379 685 πρέσβεις
399 630 647 683 ἐπέμψαμεν·
684 630 836 683 ἤγαγον
855 629 961 669 οὗτοι
981 632 1094 681 δεῦρο
1113 630 1202 671 τοὺς
1222 629 1508 681 ποιησομένους

185 698 257 749 τὴν
299 697 467 750 εἰρήνην.
539 697 659 738 πάλιν
701 699 868 737 ἐνταῦθα
906 697 993 749 περὶ
1034 696 1172 736 τούτου
1212 695 1413 748 μέμφεταί
1451 713 1508 738 τις

186 766 403 818 Αἰσχίνην,·
442 766 549 817 φησί
570 782 627 806 τις
653 763 949 816 εἰσηγήσασθαι
967 767 1105 803 τοῦτον
1127 762 1296 814 εἰρήνην,
1318 760 1341 812 ἢ
1362 764 1508 804 ἀδικεῖν

129 848 167 871 10
184 833 246 873 ὅτι
270 831 370 883 δεῦρ’
394 832 520 884 ἤγαγε
544 831 633 873 τοὺς
658 830 964 882 ποιησομένους;
1003 831 1091 870 οὐδὲ
1118 831 1184 871 εἷς.
1257 830 1394 870 οὔκουν
1428 830 1508 870 οὐδ’

184 900 281 951 ὑπὲρ
305 899 423 940 αὐτοῦ
451 902 520 939 τοῦ
548 897 796 949 ποιήσασθαι
825 897 897 948 τὴν
926 898 1045 938 πόλιν
1076 895 1232 948 εἰρήνην
1263 896 1374 937 οὐδὲν
1403 897 1505 952 αὐτῷ
1539 899 1642 954 [371]

185 966 360 1007 λεκτέον·
398 966 443 1006 οὐ
475 967 549 1018 γὰρ
581 965 694 1007 οὗτος
724 966 859 1006 αἴτιος.
922 965 989 1004 (τί
1019 963 1098 1009 οῦν,
1127 963 1320 1015 ἄνθρωπε,
1347 962 1506 1016 λέγεις,’
1538 982 1583 1017 94

186 1034 301 1074 εἴτις
328 1033 456 1085 ἔροιτό
479 1050 539 1083 με,
569 1035 579 1049 ‘
597 1032 659 1072 καὶ
678 1032 800 1072 πόθεν
826 1031 940 1084 ἄρχει
967 1029 1233 1082 κατηγορεῖν;’
1258 1031 1361 1076 ὅθεν,
1384 1027 1412 1069 ὦ
1438 1029 1505 1070 ἄν-

185 1102 272 1151 δρες
292 1099 506 1149 Ἀθηναῖοι,
527 1098 830 1150 βουλευομένων
850 1100 970 1149 ὑμῶν,
993 1098 1038 1137 οὐ
1063 1098 1150 1148 περὶ
1170 1100 1239 1136 τοῦ
1265 1098 1298 1137 εἰ
1323 1096 1506 1147 ποιητέον

125 1180 165 1214 15
184 1166 342 1218 εἰρήνην
374 1163 397 1216 ἦ
430 1165 482 1217 μή
512 1165 706 1216 (ἐδέδοκτο
742 1167 816 1218 γὰρ
848 1164 919 1215 ἤδη
954 1164 1070 1204 τοῦτό
1105 1161 1164 1215 γε)
1197 1163 1288 1203 ἀλλ’
1313 1164 1408 1215 ὑπὲρ
1440 1167 1509 1204 τοῦ

184 1234 301 1274 ποίαν
337 1232 436 1279 τινά,
471 1236 553 1275 τοῖς
585 1235 633 1273 τὰ
667 1233 795 1272 δίκαια
827 1231 1018 1283 λέγουσιν
1052 1231 1245 1271 ἀντειπὼν
1278 1233 1330 1284 τῷ
1363 1232 1508 1281 μισθοῦ

183 1300 378 1352 γράφοντι
415 1303 575 1341 συνεῖπε
612 1303 715 1351 δῶρα
750 1299 904 1350 λαβών,
945 1298 1007 1337 καὶ
1045 1299 1144 1348 μετὰ
1179 1296 1284 1337 ταῦτ’
1319 1297 1382 1337 ἐπὶ
1418 1296 1506 1338 τοὺς

183 1368 320 1418 ὅρκους
358 1368 538 1419 αἱρεθείς,
578 1368 633 1406 ὧν
673 1368 745 1417 μὲν
786 1366 895 1415 ὑμεῖς
933 1363 1216 1417 προσετάξατε,
1258 1363 1337 1403 οὐδ’
1378 1364 1506 1404 ὁτιοῦν

184 1435 358 1484 ἐποίησε,
386 1433 475 1475 τοὺς
499 1433 531 1473 δ’
552 1434 616 1473 ἐπὶ
640 1436 708 1473 τοῦ
733 1431 909 1483 πολέμου
930 1430 1198 1472 διασωθέντας
1216 1430 1405 1471 ἀπώλεσε
1429 1434 1505 1471 τῶν

124 1515 162 1536 20
183 1500 415 1554 συμμάχων,
445 1500 506 1540 καὶ
531 1503 746 1550 τηλικαῦτα
772 1499 833 1539 καὶ
857 1498 1004 1539 τοιαῦτ’
1030 1497 1223 1550 ἐψεύσαθ’
1248 1496 1354 1548 ἡλίκ’
1380 1496 1506 1540 οὐδεὶς

181 1567 331 1608 πώποτ’
355 1567 479 1609 ἄλλος
511 1567 728 1618 ἀνθρώπων
761 1566 850 1606 οὔτε
880 1565 1070 1617 πρότερον
1103 1564 1185 1604 οὔθ’
1210 1564 1389 1616 ὕστερον.
1460 1564 1504 1604 τὸ

179 1636 251 1684 μὲν
287 1635 361 1686 γὰρ
394 1632 442 1684 ἐξ
473 1634 598 1687 ἀρχῆς
634 1633 727 1687 ἄχρι
758 1636 826 1673 τοῦ
858 1633 980 1685 λόγου
1013 1634 1146 1684 τυχεῖν
1171 1632 1374 1671 Φίλιππον
1406 1632 1504 1682 ὑπὲρ

180 1703 249 1750 τῆς
269 1700 435 1753 εἰρήνης,
458 1703 678 1753 Κτησιφῶν
699 1701 761 1740 καὶ
780 1699 1066 1751 Ἀριστόδημος
1090 1698 1162 1748 τὴν
1182 1698 1339 1750 πρώτην
1359 1697 1503 1750 ἔφερον

180 1772 248 1807 τοῦ
273 1771 534 1820 φενακισμοῦ,
560 1767 694 1817 ἐπειδὴ
720 1766 754 1807 δ’
775 1767 829 1809 εἰς
855 1766 899 1806 τὸ
925 1764 1109 1818 πράττειν
1134 1764 1206 1815 ἤδη
1232 1766 1280 1805 τὰ
1305 1764 1502 1817 πράγμαθ’

122 1846 159 1878 25
180 1833 285 1884 ἧκεν,
314 1834 551 1886 Φιλοκράτει
583 1834 646 1874 καὶ
677 1833 800 1888 τούτῳ
832 1832 1075 1885 παρέδωκαν,
1104 1830 1309 1882 δεξάμενοι
1339 1830 1370 1871 δ’
1396 1830 1502 1871 οὗτοι

181 1900 294 1941 πάντ’
320 1902 547 1942 ἀπώλεσαν.
619 1900 687 1942 εἶτ’
714 1900 847 1950 ἐπειδὴ
879 1903 939 1940 δεῖ
965 1900 1088 1952 λόγον
1115 1899 1176 1939 καὶ
1206 1900 1316 1949 δίκην
1339 1897 1502 1950 ὑπέχειν
1532 1912 1574 1950 95

179 1972 257 2009 τῶν
293 1967 593 2021 πεπραγμένων,
633 1968 699 2014 ὤν,
737 1967 857 2019 οἶμαι,
896 1970 1117 2019 πανοῦργος
1153 1966 1264 2007 οὗτος
1301 1964 1362 2004 καὶ
1399 1966 1503 2006 θεοῖς

221 2089 237 2117 7
285 2077 532 2118 ποιησομένους]
573 2077 801 2118 σπεισομένους
840 2077 967 2108 omisso
1013 2077 1073 2115 τὴν
1120 2075 1246 2117 εἰρήνην
1286 2074 1501 2105 Herwerden

177 2133 198 2163 9
223 2123 304 2164 φησί
322 2123 387 2153 SO
400 2122 430 2152 Y
448 2132 533 2152 corr.
551 2133 558 2152 :
582 2121 678 2162 φήσει
697 2122 722 2152 L
738 2121 842 2160 vulg„
860 2121 899 2152 cf.
922 2123 937 2158 5
956 2130 994 2159 31
1192 2129 1231 2149 10
1254 2117 1500 2158 ποιησομένους]

179 2166 409 2206 σπεισομένους
427 2166 643 2196 Herwerden
750 2175 787 2203 13
812 2167 842 2196 εἴ
854 2178 903 2197 τις
921 2164 1024 2206 ἔροιτό
1039 2177 1079 2203 με
1096 2162 1174 2193 secl.
1198 2162 1305 2192 Cobet
1411 2171 1449 2200 14
1474 2163 1502 2193 εἰ

177 2210 265 2249 vulg.
283 2222 289 2241 :
314 2212 333 2249 ἢ
352 2210 375 2240 S
388 2209 455 2248 LQ
577 2210 615 2238 16
638 2209 700 2250 ’γὰρ
716 2213 792 2248 post
808 2211 874 2240 τοῖς
891 2209 967 2239 add.
989 2208 1014 2237 L
1031 2207 1118 2245 vulg.
1138 2218 1144 2238 z
1171 2216 1233 2236 om.
1256 2205 1279 2236 S
1348 2204 1501 2246 λέγουσιν

180 2254 203 2284 S
216 2254 254 2284 L¹
268 2253 298 2284 Y
316 2265 322 2284 :
345 2253 525 2296 γράφουσιν
540 2253 627 2292 vulg.
823 2262 866 2283 20
890 2253 939 2284 καὶ
957 2251 1079 2283 τοιαῦτ’
1098 2260 1161 2280 om.
1185 2249 1210 2279 F
1222 2248 1252 2279 O
1264 2248 1294 2287 Q
1310 2259 1317 2278 t
1341 2248 1417 2279 add.
1437 2248 1461 2278 S
1474 2248 1500 2278 L

178 2298 269 2338 vulg.
402 2307 439 2327 21
467 2298 567 2329 ἄλλος
584 2306 647 2327 om.
667 2296 699 2326 A
839 2305 882 2335 23
905 2296 966 2334 τὴν
983 2295 1087 2336 ἀρχὴν
1102 2298 1181 2324 ante
1197 2294 1258 2331 τὴν
1275 2294 1404 2334 πρώτην
1420 2292 1496 2323 add.

179 2341 242 2372 SL
265 2341 378 2380 vulg.:
413 2351 477 2371 orn.
508 2341 531 2370 S
555 2353 606 2382 γρ.
633 2339 663 2378 Q
687 2353 736 2381 γρ.
765 2340 796 2370 Α
822 2340 987 2378 Harpocr.
1015 2349 1085 2368 §.xz
1113 2339 1297 2377 Κτησιφῶν,
1324 2336 1364 2367 cs.
1392 2335 1496 2366 schol.

179 2395 211 2424 p.
232 2394 302 2423 115,
324 2395 363 2425 19
378 2385 431 2415 ad.
449 2394 496 2414 or.
514 2384 549 2413 iii
566 2393 585 2413 2
682 2384 743 2422 τὴν
758 2383 888 2425 πρώτην
904 2382 1033 2424 ἔφερον]
1050 2382 1090 2413 τὰ
1106 2381 1204 2422 πρῶτ’
1224 2379 1376 2421 ἐφέροντο
1392 2377 1500 2409 Cobet

178 2438 220 2465 25
244 2427 407 2468 δεξάμενοι
427 2428 449 2459 S
467 2426 554 2467 vulg.
575 2437 581 2458 :
607 2426 804 2469 ἐκδεξάμενοι
824 2425 908 2457 LA:
935 2424 1155 2466 ἀναδεξάμενοι
1174 2424 1198 2454 S
1214 2436 1264 2465 γρ.
