1763 2828
116 129 222 184 [170]

188 332 228 365 14

187 993 226 1030 15

187 1455 229 1492 16

133 1783 227 1838 [1⁷1]

186 1861 199 1886 1
207 1860 226 1895 7

657 131 1181 190 [ΔΗΜΟΣΘΕΝΟΎΣ]
1492 138 1585 192 [xm

257 247 366 296 ὑμῶν
400 244 607 286 ἰάσασθαι’
646 246 880 299 διέφθαρται
915 247 1004 299 γάρ·
1053 249 1153 288 οὕτω
1189 250 1324 289 πολλὰ
1361 251 1424 291 καὶ
1458 252 1588 302 ψευδῆ

260 312 322 352 καὶ
357 311 487 353 πάντα
521 315 678 363 μᾶλλον
714 311 736 363 ἢ
774 315 821 353 τὰ
856 313 1040 364 βέλτιστ’
1075 314 1232 355 ἀκούειν
1268 317 1431 357 εἴθισθε.
1505 317 1589 358 οἷον

255 381 377 433 (ὅπως
413 385 454 423 δὲ
487 383 539 434 μὴ
575 382 792 436 θορυβήσει
828 401 894 435 μοι
929 384 1074 434 μηδείς,
1110 383 1200 435 πρὶν
1233 383 1282 424 ἂν
1314 383 1454 425 ἅπαντ’
1485 383 1596 433 εἴπω)

259 448 435 503 ἀνέῳξαν
470 448 593 500 δήπου
632 450 766 502 πρώην
801 453 904 491 τινες
935 450 1005 490 τὸν
1034 451 1315 501 ὀπισθόδομον.
1387 450 1524 490 οὐκοῦν
1558 453 1594 491 οἱ

258 516 465 567 παριόντες
501 516 670 558 ἅπαντες
707 517 775 558 τὸν
813 519 936 567 δῆμον
975 517 1282 563 καταλελύσθαι,
1323 516 1412 559 τοὺς
1453 517 1595 567 νόμους

258 582 383 622 οὐκέτ’
414 582 525 628 εἶναι,
559 583 705 623 τοιαῦτ’
741 584 894 636 ἔλεγον.
969 585 1106 629 καίτοι,
1141 582 1170 623 ὦ
1204 584 1341 635 ἄνδρες
1375 582 1590 633 Ἀθηναῖοι,

255 647 335 700 (καὶ
372 648 549 689 σκοπεῖτ’
573 649 621 689 ἂν
652 651 779 700 ἀληθῆ
815 647 938 702 λέγω)
966 653 1003 691 οἱ
1034 653 1106 701 μὲν
1135 654 1255 690 ταῦτα
1284 653 1488 692 ποιοῦντες
1515 649 1593 700 ἄξι’

259 716 418 755 ἐποίουν
456 715 636 762 θανάτου,
676 717 696 754 ὁ
733 718 855 767 δῆμος
893 717 925 757 δ’
962 716 1006 757 οὐ
1045 719 1107 757 διὰ
1149 717 1298 757 τούτων
1342 717 1590 758 καταλύεται.

258 781 379 822 πάλιν
404 782 537 824 κώπας
561 799 620 825 τις
644 783 846 835 ὑφείλετο·
884 787 1115 836 μαστιγοῦν,
1138 787 1363 836 στρεβλοῦν
1388 782 1532 826 πάντες
1556 785 1592 824 οἱ

257 848 457 900 λέγοντες,
478 848 547 889 τὸν
567 851 690 900 δῆμον
711 849 991 890 καταλύεσθαι.
1049 851 1127 902 ἐγὼ
1147 853 1189 892 δὲ
1212 852 1252 891 τί
1274 851 1395 903 φημί,·
1433 850 1502 891 τὸν
1520 852 1592 901 μὲν

256 915 547 967 ὑφαιρούμενον
572 915 742 957 θανάτου
767 919 895 957 ποιεῖν
915 915 1016 967 ἄξια,
1041 916 1175 969 ὥσπερ
1201 918 1357 963 ἐκεῖνοι,
1377 916 1445 957 τὸν
1470 919 1594 968 δῆμον

260 985 275 994 <x

258 981 290 1021 0‘
310 982 354 1022 οὐ
375 983 438 1022 διὰ
457 982 606 1023 τούτων
628 983 909 1024 καταλύεσθαι.
969 984 1077 1023 ἀλλὰ
1097 987 1179 1025 πῶς
1200 983 1446 1029 καταλύεται,
1468 983 1594 1026 οὐδεὶς

257 1048 370 1100 λέγει
399 1049 488 1090 οὐδὲ
518 1049 839 1101 παρρησιάζεται.
911 1050 989 1103 ἐγὼ
1019 1051 1061 1090 δὲ
1093 1049 1250 1102 φράσω·
1288 1051 1382 1091 ὅταν
1410 1050 1532 1101 ὑμεῖς,
1563 1048 1593 1090 ὦ

257 1114 395 1166 ἄνδρες
425 1115 639 1166 Ἀθηναῖοι,
673 1116 837 1169 φαύλως
870 1115 1047 1168 ἠγμένοι,
1082 1116 1228 1157 πολλοὶ
1262 1116 1325 1157 καὶ
1357 1115 1498 1169 ἄποροι
1531 1116 1594 1157 καὶ

257 1181 403 1222 ἄοπλοι
434 1182 496 1222 καὶ
525 1183 764 1224 ἀσύντακτοι
793 1184 855 1224 καὶ
880 1182 932 1234 μὴ
957 1183 1078 1224 ταύτὰ
1105 1183 1398 1236 γιγνώσκοντες
1422 1182 1502 1234 ἤτε,
1530 1182 1594 1223 καὶ

257 1247 354 1299 μήτε
387 1249 609 1302 στρατηγὸς
639 1249 727 1301 μήτ’
753 1249 877 1292 ἄλλος
906 1250 1041 1301 μηδεὶς
1068 1250 1122 1291 ὧν
1146 1248 1194 1291 ἂν
1218 1250 1327 1301 ὑμεῖς
1349 1251 1594 1302 ψηφίσησθε

259 1316 463 1372 φροντίζῃ,
499 1317 561 1357 καὶ
594 1320 715 1358 ταῦτα
750 1317 884 1367 μηδεὶς
919 1316 1054 1369 λέγειν
1091 1316 1210 1373 ἐθέλῃ
1244 1316 1333 1368 μηδ’
1366 1317 1590 1368 ἐπανορθοῖ,

258 1382 346 1433 μηδ’
379 1383 485 1425 ὅπως
515 1383 711 1425 παύσεται
743 1383 887 1424 τοιαῦτ’
917 1385 1012 1425 ὄντα
1047 1382 1211 1439 πράττῃ,
1247 1382 1268 1423 ὃ
1301 1386 1368 1424 νῦν
1398 1382 1459 1423 ἀεὶ
1491 1399 1590 1433 συμ-

258 1449 404 1500 βαίνει.
476 1450 539 1490 καὶ
571 1450 618 1500 νὴ
652 1450 734 1496 Δί’,
770 1448 799 1490 ὦ
829 1450 967 1502 ἄνδρες
996 1450 1214 1501 Ἀθηναῖοι,
1247 1450 1376 1502 ἕτεροί
1403 1466 1448 1502 γε
1477 1450 1592 1501 λόγοι

258 1514 549 1568 παρερρυήκασι
579 1516 675 1568 πρὸς
706 1517 805 1567 ὑμᾶς
834 1519 1008 1568 ψευδεῖς,
1037 1518 1100 1558 καὶ
1132 1519 1265 1557 πολλὰ
1289 1516 1362 1567 τὴν
1386 1517 1593 1557 πολιτείαν

256 1581 520 1632 βλάπτοντες,
539 1583 623 1624 οῖον
643 1585 654 1601 ‘
667 1584 710 1624 ἐν
724 1587 806 1626 τοῖς
825 1584 1091 1635 δικαστηρίοις
1106 1584 1197 1634 ὑμῖν
1217 1583 1367 1634 ἐστινὴ
1388 1583 1591 1635 σωτηρία,’

259 1649 320 1688 καὶ
348 1651 358 1666 ‘
374 1652 435 1690 δεῖ
456 1655 503 1706 τῇ
527 1648 655 1704 ψήφῳ
680 1650 752 1700 τὴν
778 1651 983 1692 πολιτείαν
1008 1651 1106 1700 ὑμᾶς
1140 1649 1383 1701 φυλάττειν.’
1456 1650 1534 1702 ἐγὼ
1559 1649 1592 1690 δ’

257 1715 328 1755 οἶδ’
354 1717 416 1756 ὅτι
440 1719 559 1756 ταῦτα
582 1718 655 1767 μὲν
678 1717 768 1768 ὑμῖν
793 1714 854 1768 [τὰ
888 1712 1135 1768 δικαστήρια]
1161 1720 1238 1757 τῶν
1263 1716 1360 1768 πρὸς
1391 1715 1593 1767 ἀλλήλους

258 1783 418 1822 δικαίων
437 1782 524 1823 ἐστὶ
544 1782 666 1835 κύρια,
688 1784 730 1824 ἐν
750 1785 791 1824 δὲ
812 1787 894 1825 τοῖς
915 1784 1054 1825 ὅπλοις
1075 1786 1134 1823 δεῖ
1153 1787 1306 1835 κρατεῖν
1325 1787 1403 1824 τῶν
1423 1784 1589 1836 ἐχθρῶν,

259 1850 321 1889 καὶ
346 1851 409 1889 διὰ
433 1849 580 1891 τούτων
605 1850 717 1891 ἐστὶν
742 1850 765 1900 ἡ
803 1850 976 1902 σωτηρία
999 1851 1067 1899 τῆς
1092 1851 1308 1892 πολιτείας.
1380 1849 1424 1890 οὐ
1448 1851 1524 1902 γὰρ
1547 1848 1592 1890 τὸ

255 1917 521 1968 ψηφίσασθαι
553 1920 635 1959 τοῖς
669 1919 712 1958 ἐν
742 1920 824 1958 τοῖς
855 1917 994 1959 ὅπλοις
1023 1915 1182 1967 ποιήσει
1209 1916 1255 1956 τὸ
1285 1918 1410 1963 νικᾶν,
1438 1915 1530 1956 ἀλλ’
1555 1917 1592 1956 οἱ

300 2039 320 2059 2
353 2027 551 2068 συνείθισθε]
579 2029 696 2059 εἴθισθε
723 2027 747 2057 S
771 2039 823 2067 γρ.
996 2035 1016 2064 3
1048 2025 1219 2066 θορυβήσει
1246 2025 1292 2056 S:
1324 2025 1486 2067 θορυβήσῃ
1512 2030 1591 2057 cett.

255 2084 275 2112 4
299 2072 398 2108 δήπου
417 2070 526 2114 πρῴην
546 2070 633 2103 τινὲς
652 2069 675 2101 5
687 2069 719 2099 Α
737 2070 903 2109 Harpocr.
920 2078 945 2100 S.
960 2079 989 2098 v.
1007 2068 1218 2108 ὀπισθόδομος
1234 2079 1240 2098 :
1264 2082 1349 2101 τινες
1366 2068 1474 2110 πρῴην
1490 2069 1590 2106 δήπου

256 2116 345 2154 vulg.
523 2115 545 2145 6
569 2113 689 2153 οὐκέτ’]
708 2115 764 2146 οὐκ
784 2113 808 2143 S
983 2122 1004 2152 9
1029 2111 1131 2149 ἐβόων
1150 2116 1227 2151 post
1245 2111 1363 2144 πάντες
1378 2112 1454 2142 add.
1475 2112 1565 2151 vulg.
1584 2123 1591 2142 τ

258 2169 323 2190 om.
345 2159 370 2190 S
390 2159 483 2190 solus
619 2158 650 2189 οἱ
673 2156 758 2188 SA:
787 2166 852 2187 orn.
872 2155 960 2194 vulg.
1146 2165 1184 2194 14
1212 2153 1285 2197 (οἱ)
1308 2156 1428 2187 πολλοὶ
1453 2154 1591 2186 Dobree

260 2204 301 2233 16
334 2203 521 2244 ψηφίσησθε
551 2200 618 2232 SA
633 2199 722 2231 FY:
757 2198 939 2241 ψηφίζησθε
967 2198 1055 2237 vulg.
1238 2208 1275 2237 17
1312 2200 1481 2239 ἐπανορθοῖ
1503 2198 1589 2230 SA:

260 2249 450 2288 ἐπανορθοῦν
475 2245 564 2284 vulg.
750 2244 788 2274 18
820 2243 892 2283 μηδ’
918 2243 1000 2274 ὅπως
1023 2241 1198 2282 παύσεται]
1223 2244 1372 2281 μηδεπως
1398 2241 1540 2274 παύσετε
1566 2242 1590 2272 S

260 2292 316 2322 νῦν
339 2291 386 2322 ἀεὶ
413 2289 455 2321 S:
491 2290 557 2321 νυνὶ
582 2287 672 2326 vulg.
855 2296 894 2325 19
923 2299 963 2327 γε
988 2290 1063 2325 post
1088 2286 1126 2324 νὴ
1151 2287 1213 2317 Δία
1235 2285 1311 2315 add.
1338 2284 1384 2314 S:
1418 2294 1482 2315 om.
1510 2290 1587 2316 cett.

259 2346 300 2374 γε
327 2338 405 2372 post
434 2332 537 2374 ἕτεροί
565 2331 639 2362 add.
669 2330 693 2361 S
723 2329 837 2368 vulg.:
873 2339 937 2359 om.
963 2329 994 2359 A
1170 2338 1208 2359 21
1242 2327 1308 2360 οῖον
1332 2326 1426 2370 (ὅτι)
1452 2328 1591 2368 Madvig

261 2386 302 2414 23
325 2377 366 2408 τὰ
383 2376 572 2416 δικαστήρια
588 2379 666 2414 post
682 2375 784 2405 ταῦτα
799 2372 859 2413 μὲν
871 2372 920 2403 A:
940 2372 1145 2403 secludenda
1158 2372 1244 2402 coni.
1259 2371 1350 2402 Weil
1441 2382 1479 2410 24
1499 2371 1589 2413 κύρια

263 2419 420 2458 Madvig:
446 2419 536 2450 κοινὰ
552 2418 649 2449 codd.
807 2417 849 2447 26
875 2418 940 2448 τοῖς
959 2417 992 2448 ἐν
1010 2415 1032 2447 S
1046 2415 1077 2446 A
1091 2414 1156 2445 ΡΥ
1173 2426 1179 2445 :
1203 2415 1277 2447 τοὺς
1295 2417 1328 2446 ἐν
1345 2415 1434 2454 vulg.
1549 2416 1588 2446 τὸ

260 2467 339 2493 ante
357 2463 445 2494 νικᾶν
462 2461 538 2492 add.
560 2460 583 2491 S
600 2470 606 2490 :
631 2469 695 2491 om.
715 2459 803 2498 vulg.

1615 865 1655 887 10

1613 1529 1654 1552 20

1613 1861 1651 1894 25
