1763 2828
123 134 228 188 [178]
681 135 764 172 ΔΗ
776 133 1170 172 ΜΟΣΘΕΝΟΎΣ
1502 128 1589 183 [x1v

258 238 428 280 ἅπαντες
458 239 494 279 οἱ
526 237 743 289 μέλλοντες
777 237 912 290 λέγειν
937 238 1057 278 δεινοὶ
1083 238 1303 290 φανείημεν
1326 239 1449 284 ὄντες,
1477 237 1590 280 οὐδὲν

257 305 305 347 ἂν
337 306 386 345 τὰ
417 304 570 357 ὑμέτερ’
606 305 648 345 εὖ
681 303 752 344 οἶδ’
780 305 839 344 ὅτι
871 303 1038 355 βέλτιον
1065 305 1199 358 σχοίη·
1238 306 1272 346 εἰ
1305 306 1346 346 δὲ
1379 306 1588 357 παρελθὼν

258 373 313 415 εἷς
355 373 543 413 ὁστισοῦν
582 372 738 412 δύναιτο
778 370 930 421 διδάξαι
970 371 1032 411 καὶ
1070 375 1220 418 πεῖσαι,
1260 373 1320 414 τίς
1358 372 1587 424 παρασκευὴ

258 440 321 480 καὶ
346 439 452 490 πόση
480 440 542 480 καὶ
567 439 688 480 πόθεν
722 441 964 490 πορισθεῖσα
996 436 1195 491 χρήσιμος
1226 438 1342 479 ἔσται
1376 444 1424 496 τῇ
1457 439 1586 486 πόλει,

256 508 332 548 πᾶς
356 507 376 546 ὁ
402 506 536 558 παρὼν
562 506 695 558 φόβος
720 505 947 546 λελύσεται.
1021 505 1099 557 ἐγὼ
1133 507 1174 546 δὲ
1199 504 1315 552 τοῦτ’,
1342 504 1390 546 ἂν
1423 504 1482 557 ἄρ’
1508 506 1589 548 οἶός
1609 525 1626 557 5

256 572 290 613 τ’
329 571 371 619 ὦ,
410 572 651 625 πειράσομαι
689 574 867 622 ποιῆσαι,
905 573 1024 624 μικρὰ
1061 572 1260 624 προειπὼν
1293 572 1384 624 ὑμῖν
1422 572 1473 614 ὡς
1508 573 1588 626 ἔχω

256 640 414 692 γνώμης
438 639 526 691 περὶ
550 643 628 679 τῶν
654 638 751 690 πρὸς
778 638 847 679 τὸν
872 638 1063 689 βασιλέα.

206 723 226 757 3
323 706 436 758 Ἐγὼ
456 706 598 756 νομίζω
627 704 756 745 κοινὸν
777 705 921 758 ἐχθρὸν
947 704 1131 746 ἁπάντων
1155 710 1233 746 τῶν
1252 704 1463 756 Ἑλλήνων
1488 706 1589 748 εἶναι

256 772 448 824 βασιλέα,
487 772 530 812 οὐ
568 772 646 823 μὴν
685 773 748 812 διὰ
787 776 900 812 τοῦτο
938 772 1216 824 παραινέσαιμ’
1254 772 1302 813 ἂν
1339 773 1475 823 μόνοις
1509 777 1588 814 τῶν

256 839 393 880 ἄλλων
416 840 505 889 ὑμῖν
531 839 707 889 πόλεμον
734 837 830 891 πρὸς
856 838 973 879 αὐτὸν
999 839 1182 891 ἄρασθαι·
1228 840 1317 881 οὐδὲ
1348 841 1426 892 γὰρ
1450 839 1589 882 αὐτοὺς
1612 856 1650 880 10

116 907 224 961 [179]
256 906 345 948 τοὺς
375 904 581 956 ΓΈλληνας
618 906 692 957 ὁρῶ
732 905 884 947 κοινοὺς
921 904 1115 955 ἀλλήλοις
1152 907 1268 948 ὄντας
1304 907 1460 958 φίλους,
1495 906 1588 948 ἀλλ’

256 974 383 1015 ἐνίους
415 975 572 1024 μᾶλλον
602 973 735 1027 ἐκείνῳ
772 971 1034 1013 πιστεύοντας
1067 972 1092 1023 ἤ
1124 989 1231 1013 τισιν
1262 973 1402 1013 αὐτῶν.
1473 975 1516 1013 ἐκ
1542 973 1586 1024 δὴ

255 1044 334 1081 τῶν
369 1039 556 1080 τοιούτων
592 1039 734 1090 νομίζω
774 1039 994 1092 συμφέρειν
1029 1040 1121 1090 ὑμῖν
1153 1039 1223 1089 τὴν
1257 1041 1329 1090 μὲν
1362 1039 1489 1093 ἀρχὴν
1522 1043 1590 1080 τοῦ

255 1106 432 1158 πολέμου
457 1111 589 1158 τηρεῖν
614 1107 720 1148 ὅπως
745 1107 813 1157 ’ίση
842 1106 903 1147 καὶ
929 1106 1058 1147 δικαία
1086 1104 1310 1158 γενήσεται,
1337 1106 1586 1158 παρασκευά-

203 1192 225 1226 4
259 1175 393 1224 ζεσθαι
418 1173 451 1214 δ’
476 1174 500 1214 δι
524 1172 718 1226 προσήκει
742 1172 871 1215 πάντα
897 1172 958 1213 καὶ
983 1172 1088 1213 τοῦθ’
1113 1174 1359 1214 ὑποκεῖσθαι.
1420 1173 1588 1225 ἡγοῦμαι
1611 1190 1648 1222 15

254 1240 344 1294 γάρ,
371 1239 400 1281 ὦ
425 1240 563 1293 ἄνδρες
588 1240 804 1291 Ἀθηναῖοι,
827 1240 917 1282 τοὺς
934 1239 1155 1290 “Έλληνας,
1180 1241 1213 1280 εἰ
1236 1242 1308 1290 μὲν
1333 1241 1497 1292 ἐναργὲς
1524 1237 1587 1292 [τι]

255 1307 410 1360 γένοιτο
436 1307 497 1348 καὶ
524 1309 656 1360 σαφὲς
682 1307 732 1349 ὡς
764 1307 962 1358 βασιλεὺς
989 1306 1120 1348 αὐτοῖς
1151 1308 1355 1360 ἐπιχειρεῖ,
1383 1305 1454 1347 κᾶν
1487 1323 1585 1358 συμ-

253 1377 435 1428 μαχῆσαι
461 1375 523 1415 καὶ
556 1373 673 1428 χάριν
705 1373 885 1427 μεγάλην
911 1373 1021 1427 ἔχειν
1045 1377 1128 1416 τοῖς
1153 1373 1229 1425 πρὸ
1259 1373 1387 1413 αὐτῶν
1413 1374 1475 1414 καὶ
1499 1373 1584 1424 μετ’

1034 1440 1043 1454 9

255 1442 380 1482 αὐτῶν
405 1443 554 1482 ἐκεῖνον
573 1440 842 1493 ἀμυνομένοις·
882 1442 916 1482 εἰ
935 1440 968 1480 δ’
990 1441 1032 1482 ἕτ
1064 1439 1215 1491 ἀδήλου
1233 1440 1371 1481 τούτου
1391 1443 1582 1491 καθεστη-

256 1509 368 1550 κότος
406 1507 781 1562 προαπεχθησόμεθ’
819 1507 942 1559 ἡμεῖς,
981 1506 1089 1553 δέὸι’,
1128 1504 1158 1546 ὦ
1194 1506 1332 1560 ἄνδρες
1366 1506 1583 1558 Ἀθηναῖοι,
1607 1524 1647 1547 20

254 1574 306 1626 μὴ
339 1574 491 1617 τούτοις
523 1573 606 1626 μετ’
639 1575 790 1615 ἐκείνου
824 1577 1014 1625 πολεμεῖν
1047 1575 1374 1626 ἀναγκασθῶμεν,
1401 1575 1497 1626 ὑπὲρ
1529 1575 1585 1615 ὧν

204 1659 222 1697 5
255 1642 538 1694 προνοούμεθα.
610 1642 630 1680 ὁ
670 1643 743 1692 μὲν
784 1642 860 1694 γὰρ
898 1642 1079 1696 ἐπισχὼν
1121 1642 1175 1682 ὧν
1216 1641 1407 1693 ὥρμηκεν,
1450 1642 1483 1682 εἰ
1523 1640 1584 1694 ἄρ’

255 1710 451 1762 ἐγχειρεῖν
477 1708 625 1760 ἔγνωκε
650 1711 732 1750 τοῖς
749 1706 945 1759 ”Ελλησι,
972 1708 1154 1762 χρήματα
1181 1708 1302 1749 δώσει
1325 1708 1433 1749 τισὶν
1457 1708 1586 1749 αὐτῶν

257 1776 319 1817 καὶ
348 1776 489 1828 φιλίαν
521 1778 778 1827 προτενεῖται,
812 1777 848 1816 οἱ
883 1777 925 1816 δὲ
957 1775 1048 1818 τοὺς
1081 1777 1202 1818 ἰδίους
1234 1774 1433 1826 πολέμους
1465 1776 1583 1817 ἐπαν-

257 1845 432 1895 ορθῶσαι
477 1842 719 1893 βουλόμενοι
762 1843 824 1883 καὶ
872 1847 1011 1884 τοῦτον
1058 1842 1128 1884 τὸν
1175 1846 1265 1884 νοῦν
1307 1842 1468 1896 ἔχοντες
1514 1842 1586 1892 τὴν
1607 1857 1645 1889 25

304 1963 317 1982 1
356 1954 385 1984 οἷ
413 1950 595 1992 μέλλοντες
627 1958 661 1984 et
694 1953 785 1986 ὄντες
817 1964 881 1985 om.
916 1953 1021 1984 FBY
1036 1953 1066 1985 O
1096 1953 1212 1991 khabet
1244 1952 1286 1994 οἱ)
1304 1963 1311 1983 :
1346 1951 1425 1984 secl.
1455 1951 1585 1982 Reiske

258 2005 278 2035 5
308 1995 485 2028 λελύσεται
512 1995 535 2026 S
560 1995 675 2027 solus:
706 1996 843 2029 λέλυται
868 1997 979 2037 vulg:
1010 1997 1186 2036 λυθήσεται
1210 1996 1242 2027 Α
1385 2006 1402 2035 7
1433 1996 1492 2027 τὸν
1514 2005 1581 2026 om.

258 2039 346 2079 vulg.
366 2051 372 2070 :
396 2040 470 2070 add.
493 2039 569 2077 SA,
588 2040 629 2071 cf.
649 2040 802 2071 Prooem.
820 2040 864 2071 vii
1015 2051 1054 2071 10
1078 2041 1210 2082 ἅρασθαι
1227 2039 1316 2079 vulg.
1335 2051 1341 2070 :
1367 2040 1521 2081 αἱρεῖσθαι
1537 2037 1581 2070 S:

258 2085 398 2125 αἴρεσθαι
424 2082 565 2114 Aristid.
591 2085 624 2114 ix
648 2084 711 2122 380
722 2084 779 2123 W,
804 2085 843 2115 cf.
869 2085 914 2114 xii
939 2095 961 2124 9
1118 2094 1157 2123 13
1185 2086 1250 2116 τῶν
1274 2082 1412 2123 (τούτων
1435 2092 1477 2112 m.
1496 2082 1583 2122 ant.)

257 2126 411 2158 τοιούτων
429 2126 484 2159 5¹:
510 2127 633 2159 τούτων
649 2127 804 2160 τοιούτων
821 2128 923 2160 ὄντων
938 2127 1025 2167 vulg.
1151 2139 1189 2167 14
1213 2129 1322 2169 τηρεῖν
1338 2126 1428 2165 vulg.
1442 2140 1448 2157 :
1477 2124 1584 2165 ζητεῖν

259 2170 283 2201 S
408 2173 464 2208 ἴση
481 2172 533 2203 καὶ
550 2181 614 2203 om.
631 2171 720 2210 vulg.
738 2182 743 2202 :
769 2172 843 2202 add.
865 2171 888 2202 S
903 2171 928 2201 F
943 2185 994 2214 -γρ,
1169 2181 1206 2210 15
1230 2173 1272 2213 τῇ
1287 2171 1399 2212 ’γνώμῃ
1416 2174 1493 2208 post
1510 2170 1582 2200 ὑπο-

258 2217 380 2246 κεῖσθαι
405 2215 480 2246 add.
506 2215 616 2254 vulg.:
650 2225 716 2245 om.
743 2214 821 2245 ΞΑ1
1000 2216 1039 2245 16
1070 2228 1102 2247 τι
1127 2220 1204 2254 post
1230 2213 1360 2256 ἐναργὲς
1385 2212 1473 2243 SA:
1504 2216 1583 2243 ante

259 2257 389 2299 ἐναργὲς
408 2258 472 2289 FB
485 2257 514 2288 Y
531 2270 537 2288 :
563 2258 626 2290 del.
645 2257 753 2288 Cobet
932 2268 968 2297 17
998 2260 1056 2290 κᾶν
1081 2259 1292 2299 συμμαχῆσαι
1314 2256 1501 2287 Tournier:
1531 2256 1581 2287 καὶ

259 2304 469 2342 συμμαχῆσαι
488 2301 512 2332 S
523 2301 553 2332 A
568 2301 594 2332 F
605 2301 632 2332 B
645 2301 675 2331 Y
688 2301 730 2332 0¹
746 2312 753 2331 t
777 2303 828 2333 καὶ
847 2302 1073 2342 συμμαχήσειν
1088 2301 1178 2341 vulg.
1324 2301 1362 2331 18
1387 2299 1476 2341 ἔχειν
1494 2298 1560 2329 SA
1575 2310 1583 2329 t

260 2343 341 2385 ἕξειν
356 2345 447 2384 vulg.
539 2355 580 2376 20
596 2345 913 2386 προαπεχθησόμεθ’]
928 2345 1242 2386 προϋπαχθησόμεθα
1254 2343 1363 2374 Cobet
1452 2352 1491 2381 24
1508 2355 1582 2384 προ·

259 2391 349 2420 τενεῖ
363 2388 470 2419 Cobet
561 2390 776 2430 ἐπανορθῶσαι
795 2388 818 2418 S
829 2387 861 2418 A
875 2399 880 2417 :
908 2389 1185 2430 ἐπανορθώσασθαι
1202 2387 1291 2426 vulg.
