1747 2844
150 144 235 197 xv1]
425 147 589 184 ΥΠΕΡ
636 145 1187 184 ΜΕΓΑΛΟΠΟΛΙΤΩΝ
1501 146 1619 200 [209]

148 250 289 304 μάχοις
316 250 380 291 ἐπὶ
397 251 728 301 Λακεδαιμονίους
754 249 813 290 ἀεὶ
837 253 1022 302 χρῶνται,
1043 250 1344 301 Λακεδαιμόνιοι
1363 249 1394 289 δ’
1416 249 1471 289 ὅτ’

150 317 259 371 εἶχον
284 317 434 365 αὐτούς,
461 317 525 370 ἐφ’
550 317 650 368 ἡμᾶς
674 318 860 369 ἐχρῶντο.
1503 315 1609 369 [210]

215 384 337 435 Οἶμαι
378 385 509 424 τοίνυν
544 383 671 435 ἔγωγε
713 381 855 423 κάκεῖν’
893 383 1147 432 ἐνθυμεῖσθαι
1188 384 1281 429 δεῖν,
1320 383 1379 422 ὅτι
1420 382 1470 433 μὴ
1503 398 1548 431 30

149 450 478 503 προσδεξαμένων
511 451 584 501 μὲν
621 451 728 499 ὑμῶν
769 448 860 490 τοὺς
901 450 1251 501 Μεγαλοπολίτας,
1290 450 1359 489 ἐὰν
1400 451 1472 499 μὲν

111 533 128 565 5
150 518 386 569 ἀναιρεθῶσι
412 517 473 556 καὶ
498 517 780 562 διοικισθῶσιν,
810 516 988 568 ἰσχυροῖς
1013 516 1336 566 Λακεδαιμονίοις
1362 515 1472 555 ἔστιν

149 583 261 625 εὐθὺς
280 583 391 629 εἶναι,
413 584 480 623 ἐὰν
501 584 541 623 δὲ
562 585 748 622 σωθῶσιν
767 580 853 633 ἄρα,
875 581 927 622 ὡς
951 580 1022 631 ἤδη
1049 598 1087 622 τι
1111 581 1175 622 καὶ
1199 581 1288 633 παρ’
1309 583 1473 624 ἐλπίδας

150 648 281 699 ἐξέβη,
308 649 472 700 βέβαιοι
501 648 704 702 σύμμαχοι
733 648 928 698 Θηβαίων
957 649 1114 689 δικαίως
1143 647 1316 688 ἔσονται·
1354 647 1402 688 ἂν
1433 650 1473 688 δὲ

149 714 438 767 προσδέξησθε,
458 715 611 757 τούτοις
635 717 707 766 μὲν
732 712 895 766 ὑπάρξει
918 713 990 765 ἤδη
1019 716 1196 764 σωθῆναι
1220 714 1269 754 δι’
1294 715 1405 765 ὑμᾶς,
1428 714 1472 754 τὸ

148 784 189 822 δὲ
210 782 534 833 συμβησόμενον,
557 781 627 822 τὸν
643 784 714 821 τοῦ
733 781 911 821 κινδύνου
932 780 1133 832 λογισμὸν
1156 781 1470 833 μετενεγκόντες,

90 866 129 888 10
148 852 359 899 σκοπῶμεν
383 848 447 888 ἐπὶ
474 848 669 899 Θηβαίων
694 847 758 887 καὶ
780 848 1115 898 Λακεδαιμονίων.
1175 846 1223 887 ἂν
1245 849 1316 898 μὲν
1342 849 1473 888 τοίνυν
1504 862 1544 897 31

150 917 528 966 καταπολεμηθῶσιν
553 916 588 955 οἱ
615 916 806 965 Θηβαῖοι,
832 914 968 965 ὥσπερ
995 913 1136 954 αὐτοὺς
1166 916 1235 961 δεῖ,
1262 913 1329 953 οὐκ
1360 914 1472 954 ἔσον-

149 998 212 1021 ται
238 982 390 1032 μείζους
418 985 487 1021 τοῦ
517 980 673 1022 δέοντος
706 982 742 1021 οἱ
771 979 1084 1030 Λακεδαιμόνιοι,
1121 981 1280 1022 τούτους
1313 980 1473 1034 ἔχοντες

150 1047 389 1089 ἀντιπάλους
412 1047 500 1089 τοὺς
520 1047 710 1099 Ἀρκάδας
736 1045 852 1098 ἐγγὺς
877 1047 1092 1088 οἰκοῦντας·
1131 1046 1179 1086 ἂν
1204 1046 1236 1086 δ’
1255 1046 1471 1099 ἀνενέγκω-

150 1131 216 1154 σιν
241 1113 300 1165 ἄρ’
326 1115 361 1154 οἱ
388 1116 565 1164 Θηβαῖοι
594 1114 656 1153 καὶ
688 1115 886 1159 σωθῶσιν,
913 1112 1006 1153 ἀλλ’
1029 1113 1098 1153 οὖν
1124 1112 1410 1165 ἀσθενέστεροί
1435 1113 1472 1165 γ’

92 1197 128 1229 ¹5
149 1180 320 1227 ἔσονται,
357 1180 447 1231 ἡμῖν
482 1178 701 1232 συμμάχων
734 1178 1005 1231 γεγενημένων
1037 1181 1159 1220 τῶνδε
1196 1179 1258 1219 καὶ
1293 1179 1340 1219 δι’
1372 1180 1474 1230 ἡμᾶς

151 1246 403 1297 σεσωμένων.
469 1247 573 1286 ὥστε
602 1251 784 1302 πανταχῇ
815 1245 1008 1298 συμφέρει
1037 1244 1135 1295 μήτε
1160 1244 1353 1297 προέσθαι
1383 1246 1473 1288 τοὺς

148 1313 339 1364 Ἀρκάδας
371 1311 469 1363 μήτε
505 1312 552 1352 δι’
585 1312 735 1358 αὑτούς,
770 1311 818 1352 ἂν
850 1311 925 1363 ἄρα
960 1314 1134 1358 σωθῶσι,
1174 1311 1474 1364 περιγεγονέναι

148 1382 288 1426 δοκεῖν,
315 1381 412 1430 μηδὲ
437 1379 485 1419 δι’
510 1378 657 1420 ἄλλους
681 1377 801 1425 τινάς,
831 1378 937 1418 ἀλλὰ
960 1377 1007 1417 δι’
1032 1379 1143 1429 ὑμᾶς.

215 1444 320 1497 Ἐγὼ
351 1447 423 1496 μὲν
453 1445 534 1492 οὖν,
565 1443 594 1485 ὦ
624 1444 762 1496 ἄνδρες
790 1444 1007 1494 Ἀθηναῖοι,
1038 1446 1092 1495 μὰ
1123 1444 1213 1486 τοὺς
1242 1445 1354 1486 θεοὺς
1385 1445 1473 1485 οὔτε
1504 1457 1546 1491 32

91 1528 129 1549 20
149 1515 278 1564 φιλῶν
312 1511 537 1563 οὐδετέρους
574 1512 662 1552 οὔτε
697 1514 824 1562 μισῶν
858 1511 936 1564 ἰδίᾳ
969 1512 1117 1562 εἴρηκα,
1152 1510 1244 1551 ἀλλ’
1274 1511 1299 1550 δι
1330 1511 1472 1562 νομίζω

149 1577 364 1631 συμφέρειν
389 1579 492 1629 ὑμῖν·
531 1577 594 1618 καὶ
621 1581 797 1630 παραινῶ
821 1576 872 1628 μὴ
903 1576 1094 1628 προέσθαι
1120 1579 1470 1629 Μεγαλοπολίτας,

147 1644 234 1695 μηδ’
260 1644 388 1686 ἄλλον
411 1646 547 1687 ἁπλῶς
572 1644 720 1696 μηδένα
741 1647 821 1684 τῶν
843 1644 1067 1684 ἐλαττόνων
1091 1647 1143 1698 τῷ
1168 1644 1328 1695 μείζονι.

191 1764 210 1792 5
236 1755 378 1796 ἰσχυροῖς
394 1754 665 1795 Λακεδαιμονίοις]
685 1755 834 1796 ι’σχυροὺς
850 1756 1114 1796 Λακεδαιμονίους
1133 1755 1232 1787 Blass
1249 1766 1315 1786 sec.
1332 1754 1472 1786 Aristid.

149 1797 158 1827 i
175 1799 241 1837 630
259 1798 357 1829 Dind.
497 1798 517 1828 8
541 1797 682 1839 τούτοις]
700 1798 832 1831 τούτους
849 1798 1029 1839 Tournier,
1051 1799 1148 1830 Blass
1281 1810 1302 1838 9
1326 1800 1376 1831 καὶ
1394 1803 1471 1829 ante

149 1842 206 1873 τὸν
229 1841 302 1871 add.
331 1841 355 1872 S
379 1841 488 1881 vulg.:
522 1852 586 1872 om.
606 1841 704 1872 Vind.
730 1843 762 1880 6,
788 1842 923 1873 Dobree
1081 1853 1118 1872 12
1151 1842 1283 1874 τούτους
1309 1842 1332 1873 S
1357 1842 1472 1880 vulg.:

149 1883 263 1916 τούσδε
281 1884 311 1914 Y
326 1884 356 1915 O
492 1895 529 1924 14
553 1885 604 1917 καὶ
620 1886 664 1924 μὴ
680 1885 825 1918 πέσωσιν
841 1891 919 1926 post
936 1890 1080 1918 σωθῶσιν
1097 1886 1173 1917 add.
1188 1886 1278 1924 vulg.
1294 1896 1299 1916 :
1325 1895 1388 1915 om.
1408 1884 1471 1915 SA

153 1929 191 1957 16
216 1927 405 1966 σεσωμένων
423 1928 446 1959 S
462 1938 469 1957 τ
494 1927 706 1966 σεσωσμένων
721 1928 810 1967 vulg.
962 1930 1000 1959 18
1023 1927 1103 1968 μηδὲ
1120 1929 1209 1967 vulg.
1228 1940 1233 1958 :
1259 1929 1340 1968 μήτε
1359 1929 1382 1958 S
1396 1927 1426 1958 Y
1441 1927 1472 1958 O

150 1981 192 2001 20
228 1971 303 2002 ἀλλ’
323 1971 342 2002 ἃ
365 1969 478 2010 νομίζω
503 1970 527 2001 S
550 1970 663 2010 vulg.:
698 1971 718 2004 ἃ
741 1970 855 2011 νομίζω
878 1971 919 2009 Α,
945 1970 1041 2002 Blass
1066 1972 1179 2002 deleto
1204 1977 1369 2002 commate
1394 1975 1472 2010 post

151 2016 278 2055 εἴρηκας
305 2013 391 2045 ἀλλὰ
407 2011 520 2053 νομίζω
539 2012 674 2045 Dobree
806 2024 847 2046 22
873 2016 976 2048 ἄλλον
993 2015 1017 2046 S
1033 2013 1058 2046 F
1071 2014 1102 2045 Y
1116 2015 1146 2046 O
1160 2025 1166 2046 :
1192 2015 1304 2047 ἄλλων
1319 2014 1408 2053 vulg.

218 2062 256 2093 In
277 2063 301 2094 S
318 2063 543 2103 subscriptum

603 2111 693 2139 ΠΕΡΙ
720 2112 1068 2140 ΜΕΓΑΛΟΠΟΛῙΤΩΝ

205 2149 644 2183 ΗΗΙΣΙΔΔΔΔΗῙΗ
673 2150 1289 2190 ιίίιηιηοΗΗῐῐὶΔΔΔΔΠιιΓ
1316 2149 1467 2190 Sauppe)
