1763 2828
54 150 165 205 [198]
625 150 1111 188 ΔΙΙΜΟΣΘΕΝΟΎΣ
1460 145 1530 200 [xv

54 254 163 309 [198]
197 254 265 295 οὐκ
299 255 560 306 ἀμυνούμεθα,
599 259 650 310 τῷ
685 254 717 295 δ’
752 254 803 297 ὡς
837 258 1002 309 φοβερῷ
1035 253 1151 295 πάνθ’
1180 253 1404 306 ὑπείξομεν,
1435 253 1530 306 πρὸς

195 322 317 368 τίνας,
345 319 374 362 ὦ
401 322 537 374 ἄνδρες
563 321 784 372 Ἀθηναῖοι,
813 320 1138 374 παραταξόμεθα,·

122 402 163 439 25
265 389 359 429 Εἰσὶ
387 388 432 429 δέ
461 406 575 435 τινες,
605 387 634 428 ὦ
665 389 803 441 ἄνδρες
829 388 1046 439 Ἀθηναῖοι,
1078 387 1168 441 παρ’
1193 389 1283 439 ὑμῖν
1313 389 1530 430 δεινότατοι

194 456 243 495 τὰ
272 457 402 496 δίκαια
430 455 564 508 λέγειν
595 457 692 508 ὑπὲρ
719 460 797 497 τῶν
827 455 964 496 ἄλλων
994 454 1090 507 πρὸς
1118 456 1229 505 ὑμᾶς,
1256 456 1314 497 οἷς
1344 455 1529 507 παραινέ-

195 522 305 573 σαιμ’
327 522 375 563 ἂν
395 523 522 576 ἔγωγε
540 526 733 564 τοσοῦτον
759 523 895 574 μόνον,
919 523 1015 575 ὑπὲρ
1033 523 1140 573 ὑμῶν
1160 522 1256 574 πρὸς
1274 521 1364 564 τοὺς
1383 521 1532 564 ἄλλους
1551 541 1569 573 5

196 590 324 640 ζητεῖν
356 591 404 630 τὰ
439 591 568 631 δίκαια
603 590 753 642 λέγειν,
791 589 840 631 ἵν’
872 589 981 630 αὐτοὶ
1015 591 1063 630 τὰ
1097 588 1352 642 προσήκοντα
1384 593 1532 641 πρῶτοι

194 658 416 709 φαίνωνται
440 660 656 699 ποιοῦντες·
697 657 748 699 ὡς
769 656 852 697 ἔστ’
874 656 1022 698 ἄτοπον
1042 657 1129 708 περὶ
1148 660 1227 697 τῶν
1251 657 1412 697 δικαίων
1432 657 1531 707 ὑμᾶς

193 723 394 764 διδάσκειν
431 723 549 764 αὐτὸν
584 723 629 764 οὐ
667 725 795 764 δίκαια
832 727 1034 765 ποιοῦντα·
1072 724 1116 765 οὐ
1149 723 1224 776 γάρ
1258 725 1346 764 ἐστι
1381 724 1531 765 δίκαιον

193 792 287 831 ὄντα
317 792 484 841 πολίτην
513 790 605 832 τοὺς
639 790 724 831 καθ’
757 791 865 842 ὑμῶν
896 791 1053 843 λόγους,
1087 792 1195 831 ἀλλὰ
1226 790 1278 842 μὴ
1312 790 1402 833 τοὺς
1434 791 1531 843 ὑπὲρ

119 860 163 896 26
192 858 300 908 ὑμῶν
326 857 533 911 ἐσκέφθαι.
595 857 693 911 φέρε
714 859 790 911 γὰρ
808 857 906 910 πρὸς
934 861 1033 899 θεῶν
1053 861 1251 904 σκοπεῖτε,
1272 859 1312 898 τί
1334 856 1469 908 δήποτ’
1487 859 1532 898 ’ἐν
1555 876 1594 898 10

195 925 391 980 Βυζαντίῳ
417 924 542 967 οὐδείς
573 924 660 966 ἐσθ’
687 926 708 964 ὁ
734 924 901 976 διδάξων
929 926 1101 967 ἐκείνους
1129 925 1180 976 μὴ
1207 924 1532 976 καταλαμβάνειν

193 992 446 1043 Χαλκηδόνα,
473 991 496 1042 ἢ
531 992 739 1043 βασιλέως
769 991 842 1043 μέν
873 993 1001 1039 ἐστιν,
1032 994 1160 1045 εἴχετε
1193 991 1225 1032 δ’
1255 991 1375 1042 αὐτὴν
1408 992 1529 1043 ὑμεῖς,

195 1060 358 1101 ἐκείνοις
392 1058 424 1100 δ’
460 1059 677 1111 οὐδαμόθεν
713 1061 926 1111 προσῆκεν·
977 1061 1076 1111 μηδὲ
1109 1059 1384 1112 Σηλυμβρίαν,
1412 1059 1532 1099 πόλιν

192 1125 382 1179 ὑμετέραν
409 1128 505 1167 ποτὲ
535 1127 748 1181 σύμμαχον
782 1127 921 1173 οὖσαν,
951 1126 1002 1169 ὡς
1033 1125 1172 1168 αὑτοὺς
1202 1127 1374 1176 συντελῆ
1404 1128 1531 1167 ποιεῖν

196 1193 257 1234 καὶ
284 1193 506 1243 Βυζαντίων
531 1194 674 1246 ὁρίζειν
700 1194 771 1244 τὴν
797 1193 947 1234 τούτων
978 1193 1112 1247 χώραν
1143 1193 1248 1246 παρὰ
1276 1192 1365 1235 τοὺς
1395 1193 1532 1245 ὅρκους
1554 1211 1591 1244 15

195 1260 258 1301 καὶ
299 1261 368 1303 τὰς
410 1259 619 1312 συνθήκας,
664 1262 706 1302 ἐν
748 1261 809 1302 αἶς
853 1260 1091 1312 αὐτονόμους
1133 1261 1203 1302 τὰς
1245 1260 1384 1302 πόλεις
1431 1259 1532 1300 εἶναι

120 1341 163 1376 27
194 1326 433 1380 γέγραπται;
488 1327 576 1369 οὐδὲ
621 1327 853 1368 Μαύσωλον
900 1328 1037 1378 ζῶντα,
1082 1327 1171 1369 οὐδὲ
1218 1325 1531 1377 τελευτήσαντος

195 1396 344 1435 ἐκείνου
381 1394 451 1445 τὴν
485 1394 740 1448 Ἀρτεμισίαν
777 1394 903 1437 οὐδείς
941 1393 1027 1435 ἐσθ’
1061 1394 1082 1434 ὁ
1117 1393 1286 1445 διδάξων
1321 1393 1373 1445 μὴ
1412 1410 1529 1434 κατα-

194 1461 418 1513 λαμβάνειν
445 1465 534 1503 Κῶν
560 1462 624 1502 καὶ
647 1461 782 1502 Ῥόδον
810 1462 872 1502 καὶ
902 1461 1030 1503 ἄλλοις
1060 1460 1195 1513 ἑτέρας
1220 1462 1357 1503 πόλεις
1381 1459 1529 1510 Ἑλλη-

194 1528 314 1575 νίδας,
346 1530 400 1569 ὧν
429 1529 627 1580 βασιλεὺς
658 1529 678 1568 ὁ
708 1528 859 1570 ’κείνων
894 1529 1091 1579 δεσπότης
1124 1530 1167 1569 ἐν
1199 1531 1284 1570 ταῖς
1318 1526 1531 1578 συνθήκαις
1554 1545 1594 1567 20

195 1594 348 1646 ἀπέστη
383 1599 463 1638 τοῖς
489 1595 683 1647 ”Ελλησι,
721 1596 783 1636 καὶ
818 1595 906 1647 περὶ
939 1596 994 1636 ὧν
1027 1594 1202 1637 πολλοὺς
1237 1595 1434 1637 κινδύνους
1467 1595 1532 1635 καὶ

198 1662 340 1705 καλοὺς
381 1664 536 1715 ἀγῶνας
577 1664 614 1704 οἱ
658 1661 740 1703 κατ’
783 1662 955 1704 ἐκείνους
998 1663 1088 1704 τοὺς
1130 1663 1295 1716 χρόνους
1329 1660 1532 1712 ’Έλληνες

197 1728 449 1780 ἐποιήσαντο.
522 1731 556 1770 εἷ
592 1729 624 1769 δ’
657 1728 732 1782 ἄρα
769 1730 833 1770 καὶ
869 1729 980 1782 λέγει
1016 1747 1074 1772 τις
1111 1729 1350 1782 ἀμφοτέροις
1385 1729 1530 1775 αὐτοῖς,

122 1799 166 1834 28
197 1796 289 1837 ἀλλ’
315 1797 354 1837 οἵ
380 1813 424 1849 γε
455 1797 686 1848 πεισόμενοι
716 1796 883 1844 τούτοις,
912 1796 963 1838 ὡς
994 1797 1134 1846 ἔοικεν,
1164 1797 1232 1837 οὐκ
1265 1797 1380 1837 εἰσίν.
1453 1796 1531 1848 ἐγὼ

197 1865 238 1904 δὲ
264 1863 412 1904 δίκαιον
436 1865 508 1914 μὲν
529 1863 629 1904 εἶναι
654 1865 798 1915 νομίζω
829 1863 1013 1916 κατάγειν
1036 1864 1104 1905 τὸν
1125 1863 1287 1904 Ῥοδίων
1313 1865 1448 1914 δῆμον·
1487 1862 1532 1903 οὐ
1554 1878 1592 1911 25

195 1929 273 1981 μὴν
297 1931 404 1971 ἀλλὰ
435 1931 498 1971 καὶ
529 1932 562 1971 εἰ
591 1930 643 1982 μὴ
676 1932 827 1972 δίκαιον
858 1930 918 1982 ἣν,
946 1932 1040 1972 ὅταν
1071 1932 1126 1974 εἷς
1157 1931 1181 1971 ὃ.
1210 1934 1395 1972 ποιοῦσιν
1425 1929 1533 1970 οὗτοι

49 1989 164 2045 [199]
196 1996 358 2050 βλέψω,
391 1996 608 2049 προσήκειν
641 1998 748 2050 οἶμαι
779 2003 983 2050 παραινεῖν
1016 1998 1213 2051 κατάγειν.
1284 1999 1348 2038 διὰ
1377 1997 1433 2044 τί,·
1471 1997 1533 2036 ὅτι

197 2062 354 2106 πάντων
373 2064 461 2116 μέν,
481 2063 511 2105 ὦ
531 2064 668 2117 ἄνδρες
684 2064 901 2116 Ἀθηναῖοι,
920 2067 968 2106 τὰ
988 2066 1118 2107 δίκαια
1136 2068 1263 2106 ποιεῖν
1279 2063 1528 2117 ὡρμηκότων,

240 2183 261 2213 3
288 2174 326 2207 δέ
349 2174 416 2206 SA
432 2175 522 2206 FY:
555 2175 593 2214 δή
619 2174 649 2206 O
675 2184 776 2214 marg.
916 2185 948 2205 11
979 2174 1110 2215 διδάξων
1135 2173 1224 2206 SA:
1256 2172 1414 2206 διδάσκων
1438 2172 1527 2213 vulg.

170 2225 174 2228 '
201 2227 239 2257 13
264 2221 425 2260 προσῆκεν
443 2218 467 2250 S
484 2231 490 2250 :
515 2219 670 2261 προσήκει
687 2223 766 2250 cett.
915 2229 953 2258 15
978 2218 1158 2258 Βυζαντίων
1176 2217 1333 2248 Dobree:
1359 2215 1532 2256 Βυζάντιον

196 2260 228 2291 Α
243 2261 277 2291 F’
292 2262 319 2292 Β
335 2262 388 2293 Y:
422 2262 612 2302 Βυζαντίους
637 2262 662 2294 S
832 2263 871 2292 16
902 2264 960 2294 τὰς
984 2262 1096 2295 πόλεις
1119 2272 1185 2292 om.
1210 2260 1299 2300 vulg.
1320 2271 1326 2290 :
1358 2260 1434 2291 add.
1463 2259 1531 2291 SA

202 2315 239 2343 17
266 2305 448 2338 Μαύσωλον
463 2306 567 2346 ζῶντα
581 2306 605 2337 S
618 2305 649 2336 A
666 2317 673 2337 ε
699 2305 881 2338 Μαυσώλου
896 2305 1011 2345 ζῶντος
1025 2305 1113 2345 vulg.
1207 2314 1246 2343 19
1271 2303 1388 2343 ἄλλας]
1403 2304 1530 2335 πολλὰς

200 2348 369 2380 Richards
478 2349 589 2391 ἑτέρας
607 2355 685 2381 ante
705 2349 815 2381 πόλεις
833 2349 858 2380 S
871 2348 902 2379 A
917 2360 924 2379 z
953 2354 1029 2388 post
1045 2349 1157 2381 πόλεις
1173 2347 1264 2387 vulg.
1283 2358 1290 2377 z
1321 2346 1400 2378 secl.
1420 2346 1531 2377 Cobet

198 2402 236 2422 21
273 2393 433 2425 κινδύνους
471 2393 550 2424 secl.
586 2393 694 2424 Cobet
882 2403 923 2432 23
958 2393 1149 2433 ἀμφοτέροις
1181 2393 1288 2423 αὐτοῖς
1320 2389 1401 2422 Secl.
1434 2389 1529 2421 Weil

197 2444 238 2475 27
263 2438 425 2478 παραινεῖν
442 2436 466 2468 S
480 2435 511 2467 Α
527 2446 534 2467 :
559 2436 746 2478 παραινέσαι
761 2435 849 2475 vulg.
