1763 2828
95 131 199 186 [318]

94 234 199 289 [318]

131 650 198 684 277

131 1245 199 1287 ηδ

131 1854 199 1890 279

89 1907 198 1962 [319]

656 132 1138 172 ΔΗΜΟΣΘΕΝΟΎΣ
1435 129 1555 184 [xvm

231 241 360 282 λευεν,
387 236 492 278 ὅπως
521 236 574 287 μὴ
600 237 922 289 παρακρούσομαι
950 236 1039 287 μηδ’
1066 234 1316 287 ἐξαπατήσω,
1343 237 1471 278 δεινὸν
1496 238 1558 278 καὶ

232 304 357 355 γόητα
377 303 439 343 καὶ
459 303 662 356 σοφιστὴν
679 305 741 344 καὶ
757 305 804 343 τὰ
823 303 967 344 τοιαῦτ’
983 303 1197 354 ὀνομάζων,
1216 304 1266 346 ὡς
1286 304 1354 345 ἐὰν
1369 305 1557 356 πρότερός

231 386 289 412 τις
315 371 402 426 εἴπῃ
428 371 475 410 τὰ
499 369 688 423 προσόνθ’
713 373 835 425 ἑαυτῷ
862 371 950 423 περὶ
975 370 1113 417 ἄλλου,
1143 371 1205 411 καὶ
1230 370 1275 421 δὴ
1300 370 1410 411 ταῦθ’
1435 371 1557 414 οὕτως

231 437 389 490 ἔχοντα,
409 437 471 477 καὶ
490 436 618 478 οὐκέτι
633 437 723 480 τοὺς
742 438 953 480 ἀκούοντας
973 437 1245 489 σκεψομένους
1263 438 1322 480 τίς
1340 437 1426 478 ποτ’
1443 437 1557 481 αὐτός

232 504 342 544 ἐστιν
372 504 392 543 ὁ
421 507 542 544 ταῦτα
570 503 713 556 λέγων.
785 505 862 556 ἐγὼ
893 504 925 543 δ’
955 505 1026 545 οἶδ’
1057 505 1117 544 ὅτι
1148 505 1391 557 γιγνώσκετε
1419 508 1557 545 τοῦτον
1577 522 1595 554 5

231 569 413 617 ἅπαντες,
453 571 515 611 καὶ
551 571 654 611 πολὺ
690 571 813 626 τούτῳ
849 574 1006 622 μᾶλλον
1042 568 1065 621 ἢ
1104 572 1189 622 ἐμοὶ
1227 572 1402 622 νομίζετε
1437 574 1558 612 ταῦτα

230 641 452 689 προσεῖναι.
524 637 668 678 κάκεῖν’
698 637 738 679 εὖ
767 637 838 678 οἶδ’
870 640 929 679 ὅτι
958 638 1028 688 τὴν
1060 638 1156 689 ἐμὴν
1190 639 1557 688 δεινότητα--ἔστω

229 703 318 756 γάρ.
390 704 514 744 καίτοι
548 703 666 756 ἔγωγ’
697 705 772 756 ὁρῶ
806 707 874 755 τῆς
902 709 980 745 τῶν
1008 706 1210 757 λεγόντων
1240 704 1438 754 δυνάμεως
1468 705 1558 748 τοὺς

230 770 442 812 ἀκούοντας
461 769 506 810 τὸ
525 774 717 811 πλεῖστον
744 772 907 823 κυρίους·
946 772 996 813 ὡς
1016 773 1091 824 γὰρ
1110 772 1158 813 ἂν
1177 773 1286 822 ὑμεῖς
1311 771 1557 823 ἀποδέξησθε

231 837 294 877 καὶ
313 836 410 888 πρὸς
426 837 595 878 ἕκαστον
611 837 720 890 ἔχητ’
739 838 902 885 εὐνοίας,
922 839 1043 880 οὕτως
1063 839 1083 877 ὁ
1102 838 1234 891 λέγων
1251 837 1359 889 ἔδοξε
1380 842 1555 891 φρονεῖν.

231 905 264 944 εἰ
294 903 328 943 δ’
362 903 431 945 οῦν
460 905 549 945 ἐστι
581 904 642 944 καὶ
675 903 764 956 παρ’
796 905 885 956 ἐμοί
911 922 969 947 τις
1001 907 1182 957 ἐμπειρία
1209 906 1381 955 τοιαύτη,
1413 905 1558 955 ταύτην

229 972 300 1022 μὲν
321 969 507 1022 εὑρήσετε
531 970 676 1013 πάντες
702 973 743 1012 ἐν
762 975 844 1013 τοῖς
871 976 1015 1013 κοινοῖς
1036 969 1317 1022 ἐξεταζομένην
1335 972 1432 1023 ὑπὲρ
1450 973 1558 1022 ὑμῶν

230 1038 290 1078 ἀεὶ
312 1037 374 1077 καὶ
392 1037 563 1089 οὐδαμοῦ
583 1038 666 1078 καθ’
682 1039 788 1089 ὑμῶν
808 1038 888 1080 οὐδ’
911 1039 1000 1093 ἰδίᾳ,
1021 1038 1092 1089 τὴν
1112 1041 1153 1080 δὲ
1173 1039 1312 1079 τούτου
1330 1038 1559 1079 τούναντίον

230 1104 275 1144 οὐ
293 1104 415 1155 μόνον
431 1108 484 1159 τῷ
504 1104 639 1157 λέγειν
654 1106 751 1157 ὑπὲρ
767 1108 844 1146 τῶν
864 1106 1029 1159 ἐχθρῶν,
1049 1107 1155 1146 ἀλλὰ
1175 1106 1237 1146 καὶ
1258 1106 1364 1148 εἴτις
1383 1104 1560 1155 ἐλύπησέ

230 1187 267 1211 τι
297 1174 434 1212 τοῦτον
464 1168 487 1221 ἢ
513 1171 785 1224 προσέκρουσέ
813 1189 900 1219 που,
929 1174 1026 1213 κατὰ
1054 1173 1214 1214 τούτων.
1286 1172 1330 1213 οὐ
1358 1173 1434 1225 γὰρ
1462 1172 1559 1229 αὐτῇ

230 1239 399 1285 δικαίως,
427 1238 507 1278 οὐδ’
534 1238 601 1291 ἐφ’
626 1239 650 1280 ἃ
679 1238 873 1291 συμφέρει
901 1245 949 1297 τῇ
979 1240 1106 1286 πόλει,
1138 1242 1293 1294 χρῆται.
1364 1240 1454 1280 οὔτε
1483 1240 1559 1291 γὰρ

230 1304 300 1355 τὴν
326 1304 447 1357 ὀργὴν
468 1306 556 1347 οὕτε
582 1305 653 1357 τὴν
673 1307 820 1360 ἔχθραν
840 1306 919 1346 οὔτ’
937 1306 1027 1347 ἄλλ’
1048 1307 1161 1348 οὐδὲν
1180 1310 1258 1347 τῶν
1282 1307 1470 1347 τοιούτων
1489 1305 1558 1346 τὸν

232 1371 355 1413 καλὸν
381 1372 554 1424 κάγαθὸν
573 1374 742 1424 πολίτην
766 1376 827 1414 δεῖ
849 1373 938 1415 τοὺς
962 1374 1060 1426 ὑπὲρ
1078 1377 1156 1414 τῶν
1181 1377 1321 1414 κοινῶν
1347 1375 1555 1424 εἰσεληλυ-

231 1439 347 1480 θότας
372 1441 560 1482 δικαστὰς
585 1438 719 1490 ἀξιοῦν
744 1441 844 1495 αὐτῷ
870 1443 1080 1491 βεβαιοῦν,
1107 1440 1186 1481 οὐδ’
1206 1442 1303 1493 ὑπὲρ
1327 1440 1477 1481 τούτων
1502 1441 1557 1481 εἶς

229 1505 327 1556 ὑμᾶς
347 1505 525 1552 εἰσιέναι,
547 1507 653 1547 ἀλλὰ
671 1505 848 1557 μάλιστα
871 1509 943 1558 μὲν
967 1507 1019 1558 μὴ
1040 1507 1147 1560 ἔχειν
1167 1507 1271 1547 ταῦτ’
1293 1508 1335 1548 ἐν
1353 1507 1400 1562 τῇ
1421 1506 1554 1559 φύσει,

230 1573 263 1612 εἰ
292 1571 325 1611 δ’
350 1571 410 1624 ἄρ’
435 1572 599 1625 ἀνάγκη,
631 1571 763 1625 πράως
793 1573 855 1613 καὶ
884 1575 1050 1626 μετρίως
1080 1573 1288 1624 διακείμεν’
1319 1573 1440 1627 ἔχειν.
1514 1574 1555 1613 ἐν

228 1638 334 1680 τίσιν
359 1639 427 1680 οὖν
458 1639 636 1691 σφοδρὸν
661 1639 760 1681 εἶναι
789 1639 856 1681 τὸν
885 1641 1193 1691 πολιτευόμενον
1224 1642 1285 1681 καὶ
1315 1639 1383 1681 τὸν
1410 1638 1556 1692 ῥήτορα

229 1707 305 1753 δεῖ;
345 1707 386 1747 ἐν
415 1707 473 1748 οῖς
502 1710 578 1746 τῶν
608 1707 713 1748 ὅλων
742 1723 780 1747 τι
811 1707 1071 1748 κινδυνεύεται
1099 1708 1145 1763 τῇ
1177 1708 1304 1753 πόλει,
1334 1707 1396 1747 καὶ
1426 1708 1468 1747 ἐν
1499 1707 1556 1748 οἶς

229 1772 325 1825 πρὸς
355 1772 445 1815 τοὺς
476 1774 676 1815 ἐναντίους
706 1774 791 1814 ἐστὶ
822 1777 873 1828 τῷ
904 1774 1025 1828 δήμῳ,
1054 1776 1097 1814 ἐν
1125 1774 1290 1816 τούτοις·
1328 1777 1451 1814 ταῦτα
1479 1775 1555 1825 γὰρ

229 1841 411 1892 γενναίου
431 1841 492 1881 καὶ
512 1841 660 1893 ἀγαθοῦ
678 1840 856 1881 πολίτου.
910 1841 1077 1892 μηδενὸς
1097 1841 1128 1881 δ’
1145 1840 1381 1892 ἀδικήματος
1397 1840 1556 1881 πώποτε

230 1908 432 1957 δημοσίου,
460 1906 678 1959 προσθήσω
703 1909 744 1948 δὲ
773 1907 860 1959 μηδ’
889 1909 998 1954 ἰδίου,
1025 1908 1136 1959 δίκην
1161 1907 1387 1959 ἀξιώσαντα
1410 1910 1557 1958 λαβεῖν

229 1973 319 2025 παρ’
346 1975 440 2025 ἐμοῦ
464 1973 554 2025 μήθ’
572 1974 669 2026 ὑπὲρ
695 1977 763 2025 τῆς
789 1975 943 2017 πόλεως
967 1973 1058 2025 μήθ’
1083 1976 1180 2027 ὑπὲρ
1203 1976 1331 2021 αὑτοῦ,
1355 1973 1556 2026 στεφάνου

230 2041 292 2081 καὶ
326 2042 487 2082 ἐπαίνου
520 2041 755 2093 κατηγορίαν
784 2041 892 2092 ἥκειν
924 2041 1293 2093 συνεσκευασμένον
1323 2042 1385 2082 καὶ
1413 2057 1553 2082 τοσου-

227 2107 342 2148 τουσὶ
365 2109 510 2160 λόγους
529 2107 773 2158 ἀνηλωκέναι
799 2109 897 2150 ἰδίας
918 2109 1062 2161 ἔχθρας
1083 2109 1144 2149 καὶ
1164 2109 1314 2161 φθόνου
1334 2108 1397 2148 καὶ
1420 2124 1553 2159 μικρο-

276 2228 289 2248 1
330 2218 586 2259 παρακρούσομαι
612 2218 658 2249 S:
697 2217 961 2260 παρακρούσωμαι
987 2219 1013 2248 L
1036 2218 1124 2258 vulg.
1301 2229 1322 2257 9
1360 2217 1454 2259 μέρος
1478 2223 1555 2257 post

229 2264 386 2293 πλεῖστον
402 2263 477 2293 add.
498 2263 585 2301 vulg.
603 2273 609 2293 :
634 2272 699 2293 orn.
720 2262 744 2293 S
758 2262 795 2291 L¹
919 2262 1013 2294 ὄντας
1031 2268 1107 2302 post
1124 2262 1245 2303 κυρίους
1263 2262 1335 2293 add.
1357 2262 1443 2300 vulg.
1459 2273 1465 2292 z
1489 2272 1554 2292 orn.

229 2304 253 2335 S
267 2305 292 2334 L
458 2316 496 2345 13
520 2306 584 2337 οὐδ’
600 2306 680 2336 secl.
702 2304 800 2336 Blass
818 2305 891 2336 coll.
914 2305 975 2345 Ep.
996 2306 1016 2336 ii
1034 2316 1054 2345 9
1223 2316 1259 2344 14
1285 2309 1328 2345 τῷ
1345 2304 1457 2345 λέγειν
1473 2305 1553 2336 secl.

228 2347 319 2379 Weil
463 2359 501 2380 21
529 2347 700 2389 διακείμεν’
718 2349 742 2380 S
755 2348 821 2379 LA
835 2349 869 2378 F¹
885 2361 891 2381 z
919 2350 1117 2390 διακείμενον
1134 2349 1222 2388 vulg.
1364 2359 1405 2387 24
1429 2362 1460 2380 τι
1479 2354 1554 2388 post

229 2392 300 2423 ἐστί
316 2392 392 2423 add.
409 2392 497 2432 vulg.
515 2404 520 2424 :
547 2403 611 2423 om.
635 2395 657 2423 5
671 2393 696 2423 L
708 2392 739 2422 A

1580 856 1618 878 10

1581 1192 1618 1225 Ῐ5

1578 1526 1618 1548 20

1579 1859 1615 1891 ²5
