1731 2844
173 528 191 561 5

153 864 193 886 10

152 1195 187 1226 15

151 1527 190 1549 20

215 134 269 190 ιν]
569 139 729 177 KATA
778 138 1095 176 ΦΙΛΙΠΠΟὙ
1144 140 1177 176 A

209 244 394 297 ἡσυχίαν,
428 241 519 283 ἀλλ’
552 243 711 283 ἀπειλεῖ
741 242 802 282 καὶ
834 241 978 294 λόγους
1010 239 1297 293 ὑπερηφάνους,
1332 242 1384 283 ὥς
1417 247 1532 293 φασι,

209 310 334 363 λέγει,
363 310 424 350 καὶ
455 309 528 363 οὐχ
558 310 639 352 οἶός
667 310 777 349 ἐστιν
807 308 911 361 ἔχων
940 308 965 348 ἃ
994 307 1285 360 κατέστραπται
1313 307 1446 360 μένειν
1473 310 1534 350 ἐπὶ

210 377 370 423 τούτων,
403 376 494 417 ἀλλ’
520 377 584 417 ἀεί
608 393 646 417 τι
674 374 1071 428 προσπεριβάλλεται
1101 375 1163 416 καὶ
1198 375 1321 430 κύκλῳ
1352 382 1536 433 πανταχῇ

208 443 432 496 μέλλοντας
454 444 556 494 ἡμᾶς
581 443 644 483 καὶ
670 441 909 493 καθημένους
934 442 1280 494 περιστοιχίζεται.
1339 441 1427 483 πότ’
1454 442 1533 488 οὖν,

211 510 240 551 ὦ
261 510 397 563 ἄνδρες
416 510 631 561 Ἀθηναῖοι,
652 508 740 550 πόθ’
760 510 784 549 ἃ
803 509 879 562 χρὴ
899 506 1085 560 πράξετε;
1124 510 1280 549 ἐπειδὰν
1299 510 1341 549 τί
1355 508 1535 561 γένηται;

211 578 370 618 ἐπειδὰν
396 577 442 628 νὴ
469 576 540 617 Δί’
566 575 714 629 ἀνάγκη
741 593 800 618 τις
823 574 860 631 ᾖ.
931 579 1001 616 νῦν
1027 578 1068 616 δὲ
1097 576 1138 616 τί
1162 575 1238 628 χρὴ
1265 577 1313 615 τὰ
1337 576 1537 628 γιγνόμεν’

208 644 413 697 ἡγεῖσθαι;
465 644 543 695 ἐγὼ
580 645 653 694 μὲν
688 644 763 695 γὰρ
800 643 929 693 οἴομαι
966 646 1048 685 τοῖς
1085 642 1306 695 ἐλευθέροις
1343 644 1538 695 μεγίστην

211 710 384 763 ἀνάγκην
407 709 478 760 τὴν
503 711 598 762 ὑπὲρ
621 713 700 750 τῶν
724 708 964 761 πραγμάτων
989 710 1184 762 αἰσχύνην
1210 709 1321 750 εἶναι.
1389 706 1413 759 ἢ
1439 710 1535 761 βού-

209 776 336 823 λεσθ’,
363 776 448 818 εἰπέ
475 793 553 828 μοι,
583 776 800 828 περιιόντες
826 777 953 816 αὐτῶν
978 775 1257 821 πυνθάνεσθαι,
1287 775 1476 828 ίλέγεταί
1500 793 1536 817 τι

212 843 377 890 καινόν;’
409 843 564 895 γένοιτο
585 844 660 896 γὰρ
680 842 727 884 ἄν
747 860 784 883 τι
805 843 1031 895 καινότερον
1046 839 1069 892 ἦ
1089 843 1281 883 Μακεδὼν
1301 842 1398 895 ἀνὴρ
1415 842 1533 893 Ἀθη-

211 911 339 952 ναίους
360 913 644 960 καταπολεμῶν
666 910 727 950 καὶ
747 911 794 950 τὰ
813 913 892 950 τῶν
910 908 1121 960 Ἑλλήνων
1139 912 1314 957 διοικῶν;
1351 909 1535 960 (τέθνηκε

211 976 444 1023 Φίλιππος,·’
484 977 550 1017 ίοὐ
573 978 627 1027 μὰ
647 976 729 1022 Δί’,
754 976 845 1017 ἀλλ’
866 975 1051 1016 ἀσθενεῖ.’
1109 977 1150 1016 τί
1171 975 1204 1015 δ’
1222 977 1311 1026 ὑμῖν
1336 976 1532 1029 διαφέρει;

211 1045 272 1084 καὶ
303 1045 377 1096 γὰρ
406 1043 454 1083 ἃν
483 1043 595 1086 οὗτός
629 1060 666 1083 τι
695 1042 812 1098 πάθῃ,
844 1042 995 1095 ταχέως
1028 1044 1136 1093 ὑμεῖς
1169 1042 1301 1094 ἕτερον
1332 1043 1535 1083 Φίλιππον

211 1109 410 1160 ποιήσετε,
442 1109 564 1162 ἄνπερ
593 1111 690 1150 οὕτω
724 1109 947 1162 προσέχητε
979 1112 1060 1151 τοῖς
1093 1108 1298 1160 πράγμασι
1330 1108 1397 1149 τὸν
1429 1112 1534 1150 νοῦν·

209 1177 297 1216 οὐδὲ
323 1178 397 1229 γὰρ
422 1177 534 1218 οὗτος
563 1178 667 1228 παρὰ
696 1176 767 1226 τὴν
796 1177 912 1216 αὑτοῦ
939 1176 1073 1227 ῥώμην
1102 1179 1292 1215 τοσοῦτον
1321 1174 1535 1226 ἐπηύξηται

209 1244 307 1284 ὅσον
333 1245 437 1295 παρὰ
461 1243 531 1293 τὴν
557 1242 748 1295 ἡμετέραν
771 1241 974 1294 ἀμέλειαν.
1036 1243 1161 1282 καίτοι
1188 1242 1248 1282 καὶ
1274 1245 1401 1281 τοῦτο·
1440 1244 1476 1283 εἴ
1498 1260 1533 1283 τι

208 1309 326 1351 πάθοι
351 1310 413 1350 καὶ
438 1312 485 1350 τὰ
504 1313 572 1361 τῆς
592 1309 713 1362 τύχης
736 1309 841 1360 ἡμῖν,
862 1308 960 1361 ἥπερ
981 1309 1041 1350 ἀεὶ
1065 1307 1229 1359 βέλτιον
1249 1305 1271 1358 ἢ
1291 1308 1401 1359 ἡμεῖς
1425 1309 1533 1360 ἡμῶν

209 1377 334 1418 αὐτῶν
355 1377 656 1428 ἐπιμελούμεθα,
681 1377 741 1416 καὶ
765 1375 867 1416 τοῦτ’
887 1374 1157 1428 ἐξεργάσαιτο,
1180 1374 1259 1416 ἴσθ’
1280 1375 1338 1415 ὅτι
1358 1376 1533 1427 πλησίον

208 1446 278 1494 μὲν
311 1446 431 1490 ὄντες,
468 1443 618 1485 ἅπασιν
654 1443 703 1484 ἂν
734 1446 816 1485 τοῖς
848 1442 1076 1495 πράγμασιν
1109 1441 1412 1495 τεταραγμένοις
1449 1444 1531 1483 ἐπι-

209 1511 373 1553 στάντες
411 1512 516 1553 ὅπως
554 1512 757 1563 βούλεσθε
796 1508 1082 1560 διοικήσαισθε,
1123 1509 1174 1551 ὡς
1215 1511 1255 1550 δὲ
1299 1513 1366 1550 νῦν
1404 1509 1529 1563 ἔχετε,

209 1577 295 1619 οὐδὲ
320 1579 506 1619 διδόντων
525 1582 602 1619 τῶν
630 1581 771 1630 καιρῶν
791 1577 1037 1629 Ἀμφίπολιν
1057 1575 1246 1627 δέξασθαι
1272 1576 1448 1617 δύναισθ’
1469 1576 1528 1623 ἄν,

209 1645 469 1697 ἀπηρτημένοι
495 1646 557 1686 καὶ
582 1649 668 1687 ταῖς
693 1648 959 1697 παρασκευαῖς
984 1644 1045 1684 καὶ
1069 1647 1153 1685 ταῖς
1177 1643 1363 1696 γνώμαις.

268 1700 349 1777 gl}
370 1714 441 1763 μὲν
461 1713 528 1753 οὖν
548 1715 609 1752 δεῖ
624 1714 672 1752 τὰ
692 1711 946 1764 προσήκοντα
964 1714 1090 1752 ποιεῖν
1111 1710 1321 1752 ἐθέλοντας
1339 1709 1531 1764 ὑπάρχειν

208 1778 382 1821 ἅπαντας
421 1780 596 1830 ἑτοίμως,
638 1779 689 1820 ὡς
727 1779 956 1831 ἐγνωκότων
994 1779 1101 1828 ὑμῶν
1141 1778 1203 1818 καὶ
1241 1777 1530 1829 πεπεισμένων,

172 1862 187 1892 .'
208 1846 378 1896 παύομαι
409 1845 552 1898 λέγων·
590 1846 658 1886 τὸν
688 1847 729 1886 δὲ
761 1846 906 1897 τρόπον
938 1847 1007 1895 τῆς
1041 1846 1291 1897 παρασκευῆς
1322 1843 1371 1894 ἢν
1404 1845 1530 1885 ἀπαλ-

208 1911 323 1962 λάξαι
360 1912 408 1953 ἂν
446 1917 523 1953 τῶν
561 1912 746 1953 τοιούτων
785 1911 1026 1964 πραγμάτων
1064 1913 1163 1963 ὑμᾶς
1206 1913 1346 1962 οἴομαι,
1389 1912 1448 1951 καὶ
1487 1910 1531 1951 τὸ

251 2030 270 2049 2
294 2019 358 2052 οἷός
377 2020 399 2051 S
417 2032 423 2051 ἰ
447 2019 511 2053 οἷός
528 2020 558 2052 τ’
576 2021 663 2059 vulg.
822 2032 841 2059 4
867 2020 1156 2062 περιστοιχίζεται]
1178 2031 1206 2051 V.
1223 2020 1241 2051 l.
1260 2018 1530 2061 περισχοινίζεται

208 2063 287 2093 citat
306 2063 554 2103 Harpocration
732 2065 753 2093 6
776 2077 825 2096 τις
841 2063 863 2107 ᾖ
880 2065 982 2104 vulg„
1000 2064 1042 2096 cf.
1061 2064 1116 2094 viii
1135 2074 1185 2102 51,
1207 2075 1228 2093 x
1247 2074 1284 2102 27
1304 2075 1310 2094 :
1334 2076 1382 2095 τις
1399 2073 1462 2094 om.
1485 2064 1531 2094 S:

208 2119 256 2138 τις
279 2106 301 2149 ᾗ
324 2117 388 2138 om.
413 2108 517 2138 schol.
543 2118 572 2147 p.
605 2117 675 2146 150,
706 2118 716 2137 1
862 2117 878 2145 7
912 2110 1014 2147 οἴομαι
1040 2107 1104 2138 SB
1130 2108 1228 2139 Vind.
1260 2117 1270 2136 1
1291 2118 1297 2137 :
1330 2107 1413 2146 οἶμαι
1439 2107 1526 2146 vulg.

208 2160 229 2187 9
253 2155 328 2189 post
344 2150 554 2183 πυνθάνεσθαι
572 2152 646 2183 add.
668 2152 748 2183 κατὰ
765 2152 825 2190 τὴν
849 2151 967 2193 ἀγοράν
985 2151 1086 2190 vulg,
1104 2151 1209 2182 schol.
1228 2161 1259 2190 p.
1285 2160 1355 2189 150,
1377 2160 1414 2180 12
1432 2162 1438 2180 :
1463 2161 1526 2183 orn,

211 2192 323 2231 SFB,
350 2193 527 2235 [Longin.]
553 2196 621 2236 περὶ
646 2196 741 2235 ὕψους
769 2196 806 2224 18
952 2204 987 2233 15
1020 2195 1192 2235 ἐπηύξηται
1216 2194 1324 2233 vulg:
1359 2193 1530 2234 ἐπεύξηκεν

210 2236 233 2266 S
247 2235 281 2266 F¹
295 2236 346 2275 B',
364 2237 403 2268 cs.
423 2237 455 2267 iii
473 2248 515 2276 29
652 2248 686 2276 17
711 2239 752 2270 τὰ
770 2238 793 2268 S
810 2238 899 2276 vulg.
917 2249 922 2267 :
947 2240 985 2269 τὸ
1002 2238 1033 2268 Α
1052 2238 1163 2277 suppl.
1181 2238 1210 2267 Y
1223 2238 1247 2268 F
1264 2247 1347 2268 corr.
1455 2243 1529 2276 post

208 2281 282 2320 ἡμῖν
304 2281 378 2312 add.
405 2281 530 2323 ὑπάρξει
570 2282 621 2312 vel
644 2281 778 2324 ὑπάρξῃ)
803 2282 890 2321 vulg.
911 2293 917 2312 z
942 2281 1070 2323 ὑπάρξαι
1097 2282 1120 2312 S
1146 2291 1272 2320 marg:
1297 2291 1360 2311 0111.
1390 2281 1414 2310 S
1439 2280 1529 2311 solus

212 2324 250 2353 18
282 2326 332 2356 καὶ
367 2325 455 2356 τοῦτ’
492 2327 699 2367 ἐξεργάσαιτο
735 2325 800 2355 del.
841 2325 995 2362 Dindorf,
1026 2329 1159 2355 servato
1193 2324 1323 2366 ὑπάρξαι
1359 2335 1450 2363 supr.
1493 2334 1527 2362 17

210 2376 251 2397 20
274 2368 508 2409 διοικήσαισθε]
526 2370 727 2408 διοικήσεσθε
746 2369 769 2399 S
782 2368 808 2398 B
823 2369 853 2399 O
995 2379 1035 2407 24
1062 2368 1210 2409 ἑτοίμως]
1230 2369 1373 2407 ἑτοίμους
1398 2368 1420 2398 S
1442 2376 1525 2398 corr.

209 2408 239 2439 A
253 2409 285 2439 F¹
299 2409 328 2440 Y
460 2413 502 2442 26
526 2414 628 2451 οἴομαι
647 2412 670 2442 S
684 2411 745 2442 FB
763 2423 769 2443 t
793 2413 928 2454 ἡγοῦμαι
946 2411 1033 2451 vulg.

1563 139 1648 196 [42]

1565 379 1650 434 [43]

1570 460 1611 485 10

1568 991 1605 1017 11

1567 1254 1606 1280 12
