1763 2828
111 128 224 182 [428]

154 652 173 675 Μ

178 652 196 685 ΧΣ

202 652 221 677 Ν

100 1770 218 1824 [429]

148 1986 216 2021 274

685 127 1171 166 ΔΙΙΜΟΣΘΕΝΗΎΣ
1498 125 1584 178 {mx

258 229 449 282 πολέμιον
475 236 542 272 τοῦ
568 231 689 283 δήμου
710 236 778 272 τοῦ
797 232 1018 282 Ἀθηναίων
1041 233 1102 273 καὶ
1125 237 1203 273 τῶν
1229 232 1447 286 συμμάχων
1466 234 1584 276 αὐτὸν

257 298 318 338 καὶ
345 297 459 349 γένος
487 302 576 340 πᾶν.
648 301 712 339 διὰ
737 301 791 346 τί,·
832 301 892 339 ὅτι
917 299 987 340 τὸν
1021 299 1172 352 χρυσὸν
1197 299 1265 340 τὸν
1297 301 1339 340 ἐκ
1368 304 1446 341 τῶν
1479 305 1580 353 βαρ-

254 364 392 417 βάρων
418 367 472 407 εἰς
497 367 586 408 τοὺς
603 366 811 416 (Ἐλληνας
836 366 999 418 ἤγαγεν.
1062 367 1200 407 οὐκοῦν
1219 366 1343 413 ἔστιν,
1366 367 1417 410 ὡς
1442 368 1580 415 ἔοικεν,

255 433 296 472 ἐκ
322 433 469 474 τούτων
496 435 591 474 ἰδεῖν
617 435 677 474 ὅτι
701 435 737 474 οἱ
763 434 953 485 πρόγονοι
977 436 1049 484 μὲν
1076 435 1194 484 ὑμῶν,
1221 434 1327 475 ὅπως
1350 434 1439 485 μηδ’
1458 434 1583 477 ἄλλος

253 500 469 550 ἀνθρώπων
502 500 636 550 μηδεὶς
661 500 725 540 ἐπὶ
758 500 936 553 χρήμασι
971 502 1094 551 μηδὲν
1125 500 1338 552 ἐργάσεται
1371 500 1488 542 κακὸν
1512 501 1584 552 τὴν
1603 520 1620 551 5

252 565 448 612 Ἑλλάδα,
476 567 722 619 ἐφρόντιζον,
750 568 858 617 ὑμεῖς
892 566 925 607 δ’
954 568 1042 609 οὐδὲ
1074 567 1145 617 τὴν
1176 569 1295 608 πόλιν
1325 566 1445 617 αὐτὴν
1478 569 1584 611 ὅπως

251 633 386 683 μηδεὶς
424 637 500 673 τῶν
540 637 714 673 πολιτῶν
753 632 932 684 ἀδικήσει
971 637 1210 686 προορᾶσθε.
1283 634 1329 684 νὴ
1369 634 1451 681 Δί’,
1491 635 1583 675 ἀλλ’

252 700 358 741 ὅπως
383 699 521 752 ἔτυχεν
547 703 668 740 ταῦτα
692 701 739 739 τὰ
764 699 961 752 γράμμαθ’
984 702 1164 751 ἕστηκεν.
1227 700 1320 742 ἀλλ’
1340 703 1435 751 ὅλης
1462 702 1582 752 οὔσης

253 768 358 817 ἱερᾶς
383 768 452 816 τῆς
477 767 729 818 ἀκροπόλεως
749 768 915 817 ταυτησὶ
942 767 1005 808 καὶ
1026 767 1183 818 πολλὴν
1204 767 1446 820 εὐρυχωρίαν
1467 769 1578 822 ἐχού-

253 850 339 883 σης,
378 835 483 885 παρὰ
520 833 592 883 τὴν
632 835 788 886 χαλκῆν
831 833 901 884 τὴν
939 833 1119 886 μεγάλην
1160 834 1334 884 Ἀθηνᾶν
1373 836 1415 875 ἐκ
1453 833 1583 885 δεξιᾶς

251 900 430 950 ἕστηκεν,
466 899 515 950 ἢν
549 901 753 952 ἀριστεῖον
785 901 807 951 ἡ
842 901 958 943 πόλις
991 904 1058 941 τοῦ
1092 901 1189 953 πρὸς
1225 901 1314 942 τοὺς
1350 900 1582 954 βαρβάρους

251 966 439 1017 πολέμου,
474 968 637 1008 δόντων
660 971 739 1008 τῶν
771 966 982 1018 Ἑλλήνων
1020 969 1068 1007 τὰ
1105 966 1289 1021 χρήματα
1324 971 1455 1014 ταῦτα,
1490 967 1579 1009 ἀνέ-

252 1036 381 1082 θηκεν.
452 1034 541 1075 τότε
573 1036 646 1085 μὲν
670 1035 802 1075 τοίνυν
828 1035 928 1075 οὕτω
955 1035 1105 1086 σεμνὸν
1132 1034 1180 1086 ἦν
1204 1034 1248 1074 τὸ
1275 1035 1424 1075 δίκαιον
1451 1035 1512 1076 καὶ
1536 1035 1581 1075 τὸ

253 1099 431 1150 κολάζειν
457 1101 547 1143 τοὺς
573 1103 621 1141 τὰ
646 1105 805 1142 τοιαῦτα
824 1105 1035 1144 ποιοῦντας
1058 1102 1227 1152 ἔντιμον,
1251 1102 1354 1143 ὥστε
1375 1104 1444 1152 τῆς
1464 1102 1581 1152 αὐτῆς

250 1167 406 1218 ἠξιοῦτο
432 1167 615 1210 στάσεως
639 1169 685 1208 τό
709 1169 741 1207 τ’
768 1169 967 1220 ἀριστεῖον
992 1171 1060 1219 τῆς
1092 1171 1182 1210 θεοῦ
1213 1169 1275 1209 καὶ
1306 1170 1345 1209 αἱ
1376 1170 1472 1208 κατὰ
1503 1173 1582 1210 τῶν

251 1235 299 1274 τὰ
335 1234 478 1274 τοιαῦτ’
517 1236 753 1276 ἀδικούντων
790 1237 983 1288 τιμωρίαι·
1021 1239 1089 1276 νῦν
1127 1238 1169 1277 δὲ
1207 1235 1348 1288 γέλως,
1386 1235 1508 1282 ἄδεια,
1548 1237 1582 1276 εἰ

250 1301 302 1352 μὴ
333 1301 403 1352 τὴν
429 1301 529 1354 ἄγαν
555 1302 699 1352 ταύτην
727 1301 912 1353 ἐξουσίαν
939 1301 1119 1355 σχήσετε
1145 1306 1213 1343 νῦν
1242 1304 1363 1354 ὑμεῖς.
1436 1303 1579 1353 νομίζω

250 1369 381 1408 τοίνυν
406 1370 517 1419 ὑμᾶς,
545 1367 573 1409 ὦ
601 1369 738 1421 ἄνδρες
763 1369 978 1420 Ἀθηναῖοι,
1010 1370 1054 1410 οὐ
1086 1369 1170 1409 καθ’
1197 1370 1240 1411 ἕν
1270 1386 1307 1410 τι
1339 1370 1462 1420 μόνον
1490 1369 1580 1411 τοὺς

250 1436 467 1487 προγόνους
505 1435 766 1487 μιμουμένους
804 1437 927 1488 ὀρθῶς
967 1436 1014 1477 ἂν
1055 1440 1193 1483 ποιεῖν,
1237 1438 1343 1477 ἀλλὰ
1382 1437 1444 1477 καὶ
1483 1437 1580 1476 κατὰ

250 1501 366 1542 πάνθ’
401 1502 463 1541 ὅσ’
498 1502 690 1555 ἔπραττον
728 1502 886 1555 ἐφεξῆς.
960 1505 1103 1543 ἐκεῖνοι
1140 1505 1285 1550 τοίνυν,
1322 1503 1373 1546 ὡς
1410 1502 1580 1546 ἅπαντες

250 1568 291 1609 εὗ
324 1568 395 1609 οἶδ’
426 1570 485 1609 ὅτι
519 1569 587 1609 τὸν
619 1570 743 1621 λόγον
777 1573 914 1609 τοῦτον
950 1570 1155 1619 ἀκηκόατε,
1187 1572 1370 1611 Καλλίαν
1403 1570 1472 1610 τὸν
1495 1569 1576 1610 Ἱπ-

249 1636 412 1676 πονίκου
439 1636 583 1686 ταύτην
613 1636 684 1686 τὴν
709 1636 783 1676 ὑπὸ
810 1636 966 1676 πάντων
1004 1636 1271 1687 θρυλουμένην
1297 1636 1455 1689 εἰρήνην
1485 1654 1576 1689 πρε-

251 1702 496 1753 σβεύσαντα,
508 1704 628 1743 ἵππου
643 1705 716 1753 μὲν
731 1704 878 1754 δρόμον
895 1702 1042 1756 ἡμέρας
1059 1704 1155 1760 πεζῇ
1171 1703 1223 1754 μὴ
1242 1705 1498 1755 καταβαίνειν
1515 1705 1580 1744 ἐπὶ

250 1769 320 1819 τὴν
353 1769 551 1810 θάλατταν
583 1769 775 1821 βασιλέα,
805 1769 913 1811 ἐντὸς
944 1772 985 1810 δὲ
1019 1772 1265 1811 Χελιδονίων
1299 1771 1362 1811 καὶ
1393 1769 1580 1812 Κυανέων

250 1837 374 1890 πλοίῳ
400 1841 533 1892 μακρῷ
558 1837 609 1888 μὴ
636 1841 765 1883 πλεῖν,
794 1838 854 1877 ὅτι
879 1840 983 1888 δῶρα
1002 1841 1147 1888 λαβεῖν
1174 1837 1286 1888 ἔδοξε
1306 1837 1576 1890 πρεσβεύσας,

247 1907 384 1955 μικροῦ
408 1906 480 1954 μὲν
506 1903 750 1950 ἀπέκτειναν,
773 1905 815 1944 ἐν
842 1906 884 1944 δὲ
903 1908 987 1946 ταῖς
1010 1903 1187 1947 εὐθύναις
1207 1903 1437 1956 πεντήκοντ’
1458 1904 1576 1957 ἐπρά-

248 1968 367 2020 ξαντο
392 1970 581 2012 τάλαντα.
654 1972 778 2011 καίτοι
814 1973 963 2012 καλλίω
994 1972 1136 2022 ταύτης
1170 1971 1328 2024 εἰρήνην
1361 1973 1450 2013 οὔτε
1482 1972 1575 2024 πρό-

248 2053 362 2088 τερον
388 2038 469 2078 οὔθ’
496 2039 664 2090 ὕστερον
695 2038 820 2079 οὐδεὶς
851 2038 898 2078 ἂν
930 2040 1054 2079 εἰπεῖν
1090 2039 1177 2091 ἔχοι
1211 2038 1478 2090 πεποιημένην
1505 2038 1578 2089 τὴν

248 2104 379 2144 πόλιν.
452 2105 544 2145 ἀλλ’
570 2105 614 2146 οὐ
639 2105 743 2146 τοῦτ’
771 2105 982 2146 ἐσκόπουν.
1051 2106 1191 2146 τούτου
1214 2108 1287 2157 μὲν
1312 2108 1387 2158 γὰρ
1410 2106 1577 2158 ἡγοῦντο

247 2170 317 2220 τὴν
343 2173 470 2212 αὑτῶν
497 2172 639 2224 ἀρετὴν
671 2173 733 2212 καὶ
763 2172 834 2222 τὴν
864 2175 932 2222 τῆς
967 2173 1121 2214 πόλεως
1150 2172 1267 2223 δόξαν
1301 2173 1430 2213 αἰτίαν
1463 2173 1575 2218 εἶναι,

293 2291 311 2310 2
350 2283 408 2313 τὸν
439 2286 516 2320 post
549 2282 673 2321 χρυσὸν
705 2292 769 2312 om.
803 2281 865 2312 SL
898 2281 1014 2321 vulg:
1052 2282 1127 2312 add.
1159 2281 1228 2312 ΑΡ
1260 2292 1360 2314 corr..
1393 2281 1433 2312 cf.
1470 2283 1501 2311 ix
1535 2293 1577 2320 42

250 2334 268 2363 5
295 2324 466 2365 ἐργάσεται
484 2323 519 2355 S¹
533 2324 625 2354 AY:
653 2324 830 2366 ἐργάσηται
849 2325 874 2354 L
891 2325 980 2364 vulg.
1128 2335 1145 2364 7
1172 2325 1316 2363 ἀδικήσει
1335 2326 1358 2356 S
1371 2324 1577 2357 LAFYP:

250 2368 384 2409 ἀδικήσῃ
403 2367 491 2405 vulg.
657 2377 695 2397 12
721 2371 823 2399 ταῦτα
839 2368 919 2398 secl.
940 2368 1074 2399 Dobree
1236 2370 1273 2398 16
1297 2369 1338 2401 τὰ
1355 2369 1476 2401 τοιαῦτ’
1494 2369 1573 2400 secl.

251 2410 348 2441 Blass
439 2410 578 2451 αἰσχύνη
596 2415 670 2450 post
687 2412 776 2443 ἄδεια
792 2411 868 2442 add.
889 2415 966 2441 cett.
985 2421 991 2441 :
1015 2421 1079 2443 om.
1101 2413 1124 2442 5

1606 851 1644 874 10

1604 1186 1641 1218 15

1603 1521 1642 1543 20

1601 1857 1639 1888 ²5

1599 2192 1640 2223 30
