1763 2828
126 152 227 206 [127]

121 797 225 851 [128]

181 996 227 1032 66

181 1597 227 1631 68

686 155 1176 194 ΔΗΜΟΣΘΕΝΟὙΣ
1526 151 1585 206 [1x

258 258 403 310 τρόπον
423 258 531 310 οἶμαι
551 257 679 305 πάνθ’,
702 260 766 300 ἵνα
790 259 842 310 μὴ
864 259 948 299 καθ’
969 259 1118 300 ἕκαστα
1135 258 1256 311 λέγω·
1293 261 1330 301 οἱ
1354 261 1427 311 μὲν
1447 259 1512 312 ἐφ’
1531 261 1590 303 οἶς

258 329 498 379 χαριοῦνται,
526 325 633 366 ταῦτ’
660 327 815 378 ἔλεγον,
842 328 878 367 οἱ
907 326 940 366 δ’
967 325 1012 377 ἐξ
1036 327 1090 366 ὧν
1120 326 1291 378 ἔμελλον
1317 325 1588 377 σωθήσεσθαι.

258 394 394 433 πολλὰ
422 395 464 434 δὲ
497 392 558 433 καὶ
588 395 636 433 τὰ
665 397 872 434 τελευταῖα
903 394 976 446 οὐχ
1007 394 1128 435 οὕτως
1161 393 1258 446 πρὸς
1287 393 1403 447 χάριν
1427 393 1516 434 οὐδὲ
1541 393 1590 434 δι’

258 458 422 511 ἄγνοιαν
441 461 478 500 οἱ
496 460 644 500 πολλοὶ
664 462 888 511 προσίεντο,
911 459 1003 500 ἀλλ’
1018 460 1434 510 ὑποκατακλινόμενοι,
1457 459 1590 510 ἐπειδὴ

258 529 340 567 τοῖς
359 527 468 568 ὅλοις
486 526 681 576 ἡττᾶσθαι
700 527 892 577 ἐνόμιζον.
949 526 969 567 ὃ
995 525 1041 576 νὴ
1057 526 1126 567 τὸν
1143 527 1222 567 Δία
1238 526 1301 567 καὶ
1319 526 1388 567 τὸν
1402 526 1591 566 Ἀπόλλω
1611 538 1629 571 5

258 591 399 632 δέδοικ’
429 593 507 645 ἐγὼ
540 592 591 643 μὴ
626 592 769 643 πάθηθ’
798 595 918 644 ὑμεῖς,
956 595 1116 634 ἐπειδὰν
1150 593 1268 643 εἰδῆτ’
1298 593 1593 645 ἐκλογιζόμενοι

257 661 378 709 μηδὲν
398 658 452 699 ἔθ’
472 659 562 709 ὑμῖν
583 660 685 700 ἐνόν.
748 661 873 700 καίτοι
897 660 950 711 μὴ
977 659 1132 712 γένοιτο
1155 659 1240 711 μέν,
1263 657 1292 699 ὦ
1317 659 1455 711 ἄνδρες
1474 658 1592 709 Ἀθη-

257 729 372 771 ναῖοι,
400 727 447 765 τὰ
472 724 668 777 πράγματ’
690 727 732 766 ἐν
756 726 894 781 τούτῳ·
934 725 1120 767 τεθνάναι
1145 729 1187 767 δὲ
1211 727 1389 779 μυριάκις
1414 730 1593 778 κρεῖττον

257 788 280 841 ἢ
307 792 494 846 κολακείᾳ
517 808 555 832 τι
579 795 746 843 ποιῆσαι
771 794 976 834 Φιλίππου
1002 795 1062 833 καὶ
1086 795 1267 845 προέσθαι
1291 798 1364 834 τῶν
1383 796 1474 846 ὑπὲρ
1493 797 1594 845 ὑμῶν

258 860 443 912 λεγόντων
458 861 571 901 τινάς.
633 859 756 910 καλήν
782 860 817 912 γ’
837 862 873 900 οἱ
899 861 1045 901 πολλοὶ
1070 864 1138 902 νῦν
1163 861 1437 913 ἀπειλήφασιν
1456 859 1591 912 Ὠρει-
1616 876 1655 899 10

257 929 334 966 τῶν
360 925 489 980 χάριν,
517 927 578 967 ὅτι
601 930 682 968 τοῖς
702 927 907 967 Φιλίππου
934 928 1071 980 φίλοις
1097 927 1323 980 ἐπέτρεψαν
1348 928 1499 974 αὐτούς,
1526 927 1594 968 τὸν

259 992 290 1032 δ’
326 993 528 1046 Εὐφραῖον
562 993 722 1034 ἐώθουν·
766 992 891 1044 καλήν
924 993 962 1046 γ’
996 995 1016 1033 ὁ
1049 997 1171 1045 δῆμος
1204 995 1225 1034 ὁ
1256 993 1499 1048 Ἐρετριέων,
1535 995 1595 1034 ὅτι

258 1059 348 1102 τοὺς
381 1059 589 1112 ὑμετέρους
621 1059 816 1112 πρέσβεις
851 1059 1050 1111 ἀπήλασε,
1082 1061 1316 1115 Κλειτάρχῳ
1346 1060 1378 1101 δ’
1404 1060 1595 1102 ἐνέδωκεν

259 1127 390 1168 αὑτόν·
421 1127 657 1168 δουλεύουσί
666 1144 712 1179 γε
726 1128 1039 1179 μαστιγούμενοι
1057 1128 1118 1168 καὶ
1135 1128 1418 1181 σφαττόμενοι.
1466 1131 1595 1169 καλῶς

258 1193 479 1235 Ὀλυνθίων
504 1195 697 1246 ἐφείσατο
717 1198 795 1234 τῶν
815 1194 883 1235 τὸν
907 1197 981 1246 μὲν
1000 1194 1213 1245 Λασθένην
1238 1195 1439 1248 ἵππαρχον
1463 1210 1594 1247 χειρο-
1618 1210 1654 1243 15

257 1260 523 1311 τονησάντων,
549 1261 618 1302 τὸν
642 1260 676 1301 δ’
704 1261 1009 1312 Ἀπολλωνίδην
1037 1262 1306 1313 ἐκβαλόντων.
1375 1262 1502 1313 μωρία
1532 1262 1594 1302 καὶ

259 1328 372 1368 κακία
410 1329 458 1368 τὰ
495 1328 639 1369 τοιαῦτ’
681 1329 870 1378 ἐλπίζειν,
914 1328 976 1368 καὶ
1019 1332 1143 1370 κακῶς
1178 1327 1494 1379 βουλευομένους
1531 1327 1594 1368 καὶ

256 1396 378 1444 μηδὲν
407 1395 462 1436 ὧν
492 1394 684 1447 προσήκει
719 1399 846 1436 ποιεῖν
881 1395 1105 1442 ἐθέλοντας,
1143 1396 1249 1436 ἀλλὰ
1280 1399 1357 1436 τῶν
1386 1395 1484 1447 ὑπὲρ
1513 1398 1592 1435 τῶν

257 1462 411 1514 ἐχθρῶν
440 1463 642 1514 λεγόντων
671 1461 955 1513 ἀκροωμένους,
989 1462 1227 1513 τηλικαύτην
1258 1462 1444 1513 ἡγεῖσθαι
1475 1462 1594 1501 πόλιν

258 1529 379 1568 οἰκεῖν
410 1527 455 1567 τὸ
486 1527 652 1580 μέγεθος
686 1529 791 1568 ὥστε
822 1525 991 1581 (μηδέν),
1025 1528 1115 1579 μηδ’
1146 1528 1194 1569 ἂν
1228 1529 1358 1569 ὁτιοῦν
1390 1527 1428 1584 ᾗ,
1463 1527 1593 1568 δεινὸν
1615 1545 1655 1567 20

258 1595 482 1635 πείσεσθαι.
555 1596 617 1636 καὶ
641 1595 719 1646 μὴν
747 1596 873 1635 ἐκεῖνό
896 1594 932 1647 γ’
955 1595 1137 1648 αἰσχρόν,
1164 1595 1333 1647 ὕστερόν
1358 1594 1443 1634 ποτ’
1469 1595 1594 1635 εἰπεῖν

260 1662 271 1677 ‘
287 1662 344 1703 τίς
369 1664 444 1714 γὰρ
470 1661 518 1702 ἂν
542 1661 645 1717 ᾠήθη
671 1665 792 1702 ταῦτα
819 1661 1027 1713 γενέσθαι,
1065 1661 1111 1712 νὴ
1141 1661 1209 1702 τὸν
1236 1661 1318 1709 Δί’,
1346 1661 1424 1702 ἔδει
1448 1662 1524 1713 ’γὰρ
1549 1660 1594 1701 τὸ

260 1728 321 1769 καὶ
347 1728 390 1769 τὸ
415 1731 578 1780 ποιῆσαι
605 1729 667 1769 καὶ
692 1728 736 1768 τὸ
760 1728 813 1780 μὴ
842 1728 1033 1779 ποιῆσαι.’
1093 1728 1213 1769 πόλλ’
1239 1728 1287 1769 ἂν
1312 1729 1437 1770 εἰπεῖν
1460 1727 1594 1781 ἔχοιεν

301 1849 321 1868 2
353 1838 403 1869 καὶ
429 1837 568 1869 ἐλύπουν
593 1837 685 1869 οὐδέν
710 1842 786 1876 post
811 1838 930 1878 ἔλεγον
956 1837 1033 1868 add.
1051 1837 1082 1867 A
1191 1840 1360 1878 προσῆσαν
1383 1837 1410 1869 δ’
1427 1836 1594 1877 ἀπέχθειαι

259 1885 334 1921 post
352 1881 552 1919 σωθήσεσθαι
577 1881 651 1912 add.
672 1880 702 1910 A
718 1882 740 1911 S
760 1892 861 1920 marg.
885 1881 925 1912 al.
1108 1891 1128 1920 3
1151 1882 1227 1922 πρὸς
1244 1881 1340 1922 χάριν
1356 1879 1428 1912 οὐδὲ
1446 1879 1495 1910 L:
1520 1879 1594 1911 οὐδὲ

257 1926 333 1965 πρὸς
350 1924 446 1966 χάριν
463 1923 535 1956 οὐδὲ
554 1924 577 1955 S
592 1924 619 1954 B
638 1934 722 1955 corr.
741 1936 747 1957 :
775 1928 848 1957 οὔτε
867 1925 943 1966 πρὸς
960 1924 1057 1966 χάριν
1073 1926 1147 1956 οὔτε
1165 1928 1241 1955 cett.
1377 1935 1397 1962 4
1421 1923 1593 1965 προσίεντο

259 1968 283 1999 S
296 1969 322 1998 L
335 1968 382 1999 B:
408 1968 556 2010 προΐεντο
574 1968 662 2007 vulg.
680 1979 686 1999 :
713 1969 859 2010 προΐεντο
879 1968 1010 2001 ἑαυτούς
1027 1968 1069 1999 al.
1189 1970 1210 1998 6
1235 1966 1476 2009 ἐκλογιζόμενοι
1495 1966 1518 1996 S
1532 1966 1570 1997 L¹
1586 1977 1592 1996 :

257 2010 459 2052 λογιζόμενοι
476 2011 507 2042 Α
522 2022 529 2041 :
558 2014 593 2044 ἐκ
611 2015 771 2053 λογισμοῦ
788 2012 877 2051 vulg.
992 2022 1009 2050 7
1036 2012 1079 2043 ἔθ’
1097 2013 1168 2050 ὑμῖν
1186 2011 1336 2042 Franke:
1367 2014 1401 2042 ἐν
1419 2013 1489 2050 ὑμῖν
1508 2010 1532 2040 S
1546 2009 1591 2039 L:

258 2057 329 2094 ὑμῖν
344 2055 432 2094 vulg.
542 2060 617 2095 post
636 2056 708 2088 ἐνόν
723 2056 798 2086 add.
821 2057 871 2087 καὶ
890 2056 963 2088 τοὺς
981 2057 1024 2087 εἷς
1041 2054 1129 2087 τοῦθ’
1146 2054 1327 2095 ὑπάγοντας
1345 2056 1423 2093 ὑμᾶς
1441 2056 1521 2094 ὀρῶν
1537 2055 1593 2084 οὐκ

257 2098 390 2140 ὀρρωδῶ,
413 2100 499 2131 ἀλλὰ
519 2101 734 2138 δυσωποῦμαι·
762 2100 781 2136 ἢ
807 2099 873 2139 μἘῙ
897 2098 932 2137 ἧ)
957 2100 1020 2140 γὰρ
1043 2098 1228 2139 ἐξεπίτηδες
1249 2099 1268 2135 ἢ
1293 2099 1343 2138 (οὐ
1367 2096 1532 2136 Spengel)
1553 2096 1592 2127 δι’

257 2143 390 2182 ἄγνοιαν
416 2144 460 2175 εἷς
487 2144 636 2184 χαλεπὸν
661 2145 793 2184 πρᾶγμα
818 2142 975 2183 ὑπάγουσι
999 2143 1061 2180 τὴν
1084 2142 1181 2173 πόλιν
1205 2141 1295 2180 vu1g.
1320 2141 1344 2171 S
1370 2150 1493 2179 marg:
1527 2149 1591 2169 orn.

259 2185 470 2225 S¹LFYO,
500 2187 539 2216 cf.
571 2186 737 2225 Harpocr.
767 2195 792 2217 S.
808 2196 837 2215 v.
864 2188 1077 2224 Δυσωποΐνμαι
1102 2189 1135 2215 et
1160 2185 1355 2225 Ὕπάγουσιν
1442 2183 1500 2222 μέν
1525 2193 1591 2213 om.

259 2229 290 2259 O
303 2230 399 2260 Vind.
422 2240 433 2259 1
455 2241 461 2260 :
486 2230 561 2260 add.
579 2230 602 2260 S
616 2229 684 2260 LA
773 2239 794 2269 9
813 2230 972 2261 Φιλίππου
987 2228 1022 2259 5¹
1036 2228 1074 2258 Ll
1090 2239 1096 2257 :
1116 2228 1264 2268 Φιλίππῳ
1277 2228 1366 2267 vulg.
1457 2227 1508 2258 καὶ
1527 2250 1533 2256 .
1555 2251 1562 2258 .
1581 2249 1588 2256 .

259 2273 348 2306 τινάς
367 2283 431 2304 om.
453 2274 475 2303 S
491 2273 528 2304 L1
545 2273 606 2303 soli
778 2283 816 2311 14
843 2272 1061 2313 σφαττόμενοι
1080 2272 1103 2302 S
1117 2271 1142 2301 L
1154 2270 1204 2302 A:
1229 2270 1484 2312 στρεβλούμενοι
1501 2269 1588 2309 vulg.

262 2316 286 2347 S
303 2330 353 2358 γρ.
525 2326 562 2355 15
586 2315 753 2355 Λασθένην
770 2315 889 2347 Blass:
916 2315 1062 2354 Λασθένη
1080 2315 1179 2346 codd.
1340 2324 1376 2352 17
1402 2315 1443 2345 τὰ
1459 2316 1594 2345 τοιαῦτα

262 2359 406 2400 ἐλπίζειν
425 2361 448 2391 S
466 2360 555 2399 vulg.
573 2371 580 2390 :
604 2362 708 2392 ταῦτα
725 2360 856 2391 ἐλπίσαι
875 2359 900 2389 L
918 2359 1009 2389 solus
1124 2368 1134 2377 ⁶
1174 2369 1216 2389 20
1238 2358 1338 2397 μηδέν
1355 2357 1430 2388 add.
1450 2357 1591 2395 Seager,

263 2404 303 2434 cf.
321 2415 367 2434 xx
386 2413 405 2442 5
541 2414 578 2434 21
607 2404 734 2436 κάκεῖνο
750 2403 781 2433 Α
872 2402 1055 2442 συμβάντος
1072 2402 1159 2434 τινός
1178 2406 1255 2441 post
1274 2402 1374 2434 εἷπεῖν
1390 2401 1467 2432 add.
1484 2400 1592 2439 vulg.:

262 2458 327 2479 om.
350 2448 374 2478 S
389 2447 427 2478 Ll
444 2447 506 2478 soli
640 2457 682 2486 23
706 2448 743 2479 τὸ
760 2447 820 2488 μὴ]
837 2450 876 2479 τὸ
893 2447 944 2479 καὶ
961 2447 999 2478 τὸ
1015 2447 1059 2484 μὴ
1080 2446 1242 2476 Schaeser
