1763 2828
83 139 195 191 [4191

131 393 198 427 249

128 989 196 1025 250

78 1109 193 1164 [420]

93 1502 96 1503 ⁷
123 1493 187 1559 '251

122 2119 187 2156 252

655 136 1135 174 ΔΙΙΜΟΣΘΕΝΟὙΣ
1465 135 1550 179 [xlx

231 243 470 295 στείχουσαν
504 243 610 293 ὁμοῦ,
646 242 715 291 τὴν
749 243 812 282 ἐπὶ
843 240 1006 282 Φωκέας
1039 242 1260 292 στρατείαν,
1293 242 1337 281 οὐ
1370 245 1556 294 προεῖπεν

231 311 317 350 οὐδὲ
352 307 674 362 προεξήγγειλεν,
703 309 807 348 ἀλλὰ
838 307 1068 348 τούναντίον
1094 308 1316 361 συνέκρυψε
1348 309 1408 349 καὶ
1439 309 1552 351 συνέ-

230 375 353 429 πραξε
381 377 550 418 καὶτοὺς
574 375 843 427 βουλομένους
870 376 993 415 εἰπεῖν
1013 376 1265 422 διεκώλυσεν,
1288 376 1355 416 οὐκ
1381 376 1552 427 ἀναμνη-

231 444 341 485 σθεὶς
366 444 426 483 ὅτι
448 443 529 493 ’ἥδ’
551 444 662 483 ἐστὶν
682 443 702 493 ἡ
725 441 903 497 σῴζουσα
929 442 991 481 καὶ
1016 442 1157 492 ταύτης
1183 442 1263 483 ἔπι’
1289 445 1461 483 τελοῦσα
1483 445 1556 494 μὲν

228 510 251 561 ἡ
270 509 396 562 μήτηρ
416 509 533 550 αὐτοῦ
559 510 621 550 καὶ
648 510 890 561 καθαίρουσα
911 509 973 549 καὶ
1000 508 1244 561 καρπουμένη
1265 511 1334 551 τὰς
1353 514 1431 550 τῶν
1449 527 1552 563 χρω-

227 576 356 627 μένων
385 576 523 618 οὐσίας
554 575 745 629 ἐξέθρεψε
774 575 988 618 τοσούτους
1018 578 1212 622 τουτουσί,
1245 575 1441 617 διδάσκων
1471 577 1504 617 δ’
1536 578 1556 617 ὁ

229 642 355 694 πατὴρ
381 642 603 695 γράμματα,
632 643 682 685 ὡς
707 643 784 694 ἐγὼ
809 647 886 682 τῶν
912 642 1195 694 πρεσβυτέρων
1220 643 1360 690 ἀκούω,
1382 643 1478 696 πρὸς
1502 647 1555 699 τῷ

227 713 296 749 τοῦ
315 709 393 760 ἥρω
414 712 484 749 τοῦ
508 711 652 760 ἰατροῦ,
674 709 778 750 ὅπως
803 708 982 759 ἠδύνατο,
1005 709 1097 749 ἀλλ’
1118 709 1185 750 οὖν
1213 711 1254 750 ἐν
1280 711 1399 766 ταύτῃ
1419 710 1454 762 γ’
1474 711 1553 761 ἔζη,

226 775 644 827 ὑπογραμματεύοντες
675 774 706 814 δ’
733 774 840 816 αὐτοὶ
871 775 933 815 καὶ
961 776 1242 827 ὑπηρετοῦντες
1270 776 1442 818 ἀπάσαις
1470 780 1555 818 ταῖς

228 842 367 895 ἀρχαῖς
405 842 589 894 ἀργύριον
627 840 862 893 εἰλήφεσαν,
904 842 965 881 καὶ
1002 841 1047 881 τὸ
1086 847 1310 882 τελευταῖον
1346 842 1412 894 ὑφ’
1449 844 1556 894 ὑμῶν

228 912 470 960 γραμματεῖς
489 907 834 961 χειροτονηθέντες
854 907 910 948 δύ’
927 907 992 958 ἔτη
1014 907 1287 959 διετράφησαν
1308 910 1350 949 ἐν
1367 910 1414 965 τῇ
1434 910 1553 964 θόλῳ,

227 975 464 1026 πρεσβεύων
483 974 516 1014 δ’
534 974 765 1015 ἀπέσταλτο
784 978 854 1016 νῦν
873 974 985 1017 οὗτος
1005 975 1047 1014 ἐκ
1067 974 1220 1025 ταύτης.
1279 975 1426 1015 τούτων
1445 975 1557 1016 οὐδὲν

228 1040 447 1094 ἐσκέψατο,
474 1041 556 1081 οὐδ’
576 1042 683 1083 ὅπως
716 1040 810 1093 ὀρθὴ
845 1040 1063 1082 πλεύσεται
1098 1043 1314 1093 προείδετο,
1346 1041 1437 1082 ἀλλ’
1467 1041 1554 1082 ἀνέ-

226 1112 351 1160 τρεψε
378 1108 440 1148 καὶ
466 1107 657 1149 κατέδυσε
683 1109 745 1149 καὶ
764 1107 808 1147 τὸ
834 1107 918 1148 καθ’
938 1107 1057 1148 αὑτὸν
1080 1109 1187 1149 ὅπως
1211 1109 1275 1148 ἐπὶ
1295 1111 1376 1150 τοῖς
1399 1109 1557 1161 ἐχθροῖς

226 1175 339 1215 ἕσται
360 1175 673 1226 παρεσκεύασεν.
735 1173 804 1215 εἶτ’
823 1174 868 1214 οὐ
888 1174 939 1214 σὺ
965 1173 1185 1227 σοφιστής,·
1224 1174 1286 1214 καὶ
1307 1175 1476 1226 πονηρός
1494 1192 1553 1227 γε.

224 1240 269 1280 οὐ
293 1241 343 1282 σὺ
368 1240 645 1294 λογογράφος;
686 1242 749 1282 καὶ
776 1244 879 1282 θεοῖς
898 1241 1040 1294 ἐχθρός
1060 1257 1118 1293 γε·
1156 1240 1198 1282 ὃς
1222 1241 1246 1282 ἃ
1268 1243 1340 1292 μὲν
1361 1240 1555 1283 πολλάκις

223 1307 408 1360 ἠγωνίσω
430 1308 491 1348 καὶ
511 1309 685 1360 ἀκριβῶς
706 1306 967 1358 ἐξηπίστασο,
987 1306 1197 1359 ὑπερέβης,
1218 1308 1243 1348 ἃ
1262 1306 1295 1346 δ’
1315 1307 1555 1348 οὐδεπώποτ’

224 1375 266 1414 ἐν
295 1378 347 1429 τῷ
381 1378 459 1429 βίῳ
493 1376 701 1426 ὑπεκρίνω,
734 1377 857 1414 ταῦτα
892 1372 1062 1424 ζητήσας
1096 1375 1160 1415 ἐπὶ
1192 1378 1244 1429 τῷ
1272 1377 1349 1415 τῶν
1382 1377 1555 1415 πολιτῶν

221 1440 385 1493 βλάψαι
410 1440 483 1481 τιν’
510 1442 565 1483 εἰς
589 1440 714 1491 μέσον
739 1440 922 1493 ἤνεγκας.

290 1506 393 1559 Φέρε
419 1507 464 1557 δὴ
493 1507 554 1547 καὶ
580 1508 668 1559 περὶ
694 1511 763 1547 τοῦ
788 1508 972 1549 Σόλωνος
998 1507 1042 1548 ὃν
1067 1506 1152 1548 εἶπε
1177 1508 1302 1559 λόγον
1327 1506 1552 1559 σκέψασθε.

222 1573 301 1626 ἔφη
338 1573 405 1614 τὸν
438 1573 588 1614 Σόλων’
624 1575 857 1614 ἀνακεῖσθαι
892 1575 960 1623 τῆς
993 1577 1070 1613 τῶν
1103 1574 1193 1615 τότε
1226 1573 1553 1625 δημηγορούντων

222 1640 487 1691 σωφροσύνης
517 1639 778 1692 παράδειγμα,
807 1641 902 1680 εἵσω
933 1639 1004 1689 τὴν
1034 1639 1134 1692 χεῖρ’
1161 1639 1291 1693 ἔχοντ’
1317 1640 1550 1690 ἀναβεβλη-

219 1705 353 1757 μένον,
388 1705 639 1757 ἐπιπλήττων
674 1723 711 1746 τι
749 1707 811 1746 καὶ
844 1706 1144 1757 λοιδορούμενος
1176 1707 1221 1762 τῇ
1251 1709 1319 1746 τοῦ
1346 1705 1553 1759 Τιμάρχου

220 1773 446 1827 προπετείᾳ.
521 1773 645 1813 καίτοι
675 1773 743 1813 τὸν
772 1775 844 1824 μὲν
874 1772 1085 1824 ἀνδριάντα
1111 1776 1245 1813 τοῦτον
1271 1773 1378 1813 οὔπω
1407 1772 1549 1823 πεντή-

221 1839 323 1879 κοντ’
343 1839 408 1890 ἔτη
431 1839 531 1892 φάσ’
554 1840 787 1880 ἀνακεῖσθαι
814 1841 1061 1890 Σαλαμίνιοι,
1089 1840 1167 1880 ἀπὸ
1192 1840 1373 1881 Σόλωνος
1398 1838 1430 1879 δ’
1456 1840 1552 1890 ὁμοῦ

220 1905 388 1946 διακόσι’
419 1906 531 1946 ἐστὶν
564 1906 630 1957 ἔτη
668 1907 730 1947 καὶ
763 1905 1036 1958 τετταράκοντ’
1070 1908 1125 1949 εἰς
1157 1906 1226 1947 τὸν
1258 1906 1343 1948 νυνὶ
1374 1906 1552 1959 παρόντα

219 1972 378 2024 χρόνον,
413 1971 511 2012 ὥσθ’
543 1974 563 2012 ὁ
596 1972 829 2026 δημιουργὸς
866 1974 886 2012 ὁ
917 1976 1032 2013 τοῦτο
1067 1973 1226 2015 πλάσας
1258 1972 1303 2013 τὸ
1336 1974 1474 2026 σχῆμα
1507 1972 1552 2012 οὐ

218 2039 341 2089 μόνον
366 2038 434 2079 οὐκ
460 2038 577 2081 αὐτὸς
602 2038 649 2089 ἣν
676 2039 760 2079 κατ’
781 2040 944 2085 ἐκεῖνον,
973 2039 1064 2080 ἀλλ’
1085 2039 1164 2079 οὐδ’
1190 2041 1210 2079 ὁ
1235 2038 1394 2081 πάππος
1419 2037 1549 2079 αὐτοῦ.

219 2109 332 2145 τοῦτο
365 2108 438 2156 μὲν
468 2106 600 2146 τοίνυν
632 2105 717 2146 εἶπε
747 2109 827 2147 τοῖς
857 2109 1058 2148 δικασταῖς
1092 2107 1153 2147 καὶ
1184 2104 1416 2157 ἐμιμήσατο·
1455 2104 1475 2145 ὃ
1507 2107 1549 2146 δὲ

268 2224 280 2243 Ι
309 2215 483 2256 στρατείαν
503 2214 568 2253 FQ
581 2214 611 2246 O
629 2226 635 2246 :
661 2227 816 2256 στρατιαν
834 2214 857 2245 S
872 2226 878 2245 :
905 2216 1062 2256 στρατιὰν
1080 2215 1104 2245 L
1118 2215 1144 2245 P
1265 2225 1285 2245 2
1310 2215 1502 2255 ἐξήγγειλεν
1517 2214 1549 2244 Α

220 2258 241 2286 6
276 2258 383 2290 οὐσίας
409 2257 611 2289 Markland:
647 2259 745 2290 οἰκίας
770 2258 879 2295 codd„
906 2258 945 2288 cf.
976 2259 1145 2289 Isocrates
1169 2259 1227 2288 xxi
1252 2268 1271 2287 2
1413 2259 1433 2288 8
1460 2256 1548 2299 ’Ἥρω

223 2300 371 2339 Bekker‚
391 2301 433 2333 cs.
452 2301 530 2331 xviii
550 2311 610 2340 129
769 2311 791 2339 9
815 2302 903 2333 αὐτοὶ
923 2301 1017 2332 51,ῑ;
1044 2300 1130 2333 οὗτοι
1148 2306 1225 2332 cett.
1394 2310 1431 2331 12
1456 2299 1548 2332 οὗτος

223 2344 331 2382 vulg.:
359 2346 452 2376 αὐτὸς
470 2344 494 2375 S
508 2343 543 2374 L'
555 2343 628 2375 AY
720 2353 760 2382 13
784 2344 951 2385 προείλετο
969 2344 993 2374 S
1007 2345 1032 2374 L
1049 2343 1111 2374 soli
1212 2344 1254 2375 26
1277 2343 1418 2384 παρόντα
1435 2353 1498 2373 om.
1516 2343 1547 2373 A

224 2387 266 2418 28
290 2388 347 2418 τὸν
366 2387 484 2429 χρόνον
501 2392 576 2426 post
596 2389 716 2419 ἐκεῖνον
733 2387 806 2417 add.
830 2387 854 2416 L
874 2396 974 2425 marg.
998 2397 1045 2426 pr.
1067 2397 1109 2418 m.
1128 2398 1134 2417 :
1159 2397 1223 2417 om.
1244 2386 1268 2417 S
1282 2386 1306 2416 L
1325 2391 1406 2417 text.

1575 528 1592 559 5

1579 859 1617 881 10

1577 1196 1614 1229 ¹5

1576 1523 1616 1545 20

1571 1855 1611 1888 25
