1763 2828
119 371 186 398 211

119 907 186 933 212

62 1613 183 1668 [299]

117 1708 184 1743 213

644 118 726 156 ΔΗ
739 118 1129 157 ΜΟΣΘΕΝΟΎΣ
1425 113 1544 168 [xvm

220 223 391 264 ἕκαστον
415 223 522 274 ὑμῶν
547 226 617 269 δεῖ,
639 223 734 263 ὅταν
759 224 806 263 τὰ
834 222 988 274 δημόσι’
1010 222 1159 274 εἰσίητε
1182 226 1415 277 κρινοῦντες,
1437 226 1547 277 εἴπερ

219 289 294 341 ἄξι’
321 291 483 331 ἐκείνων
507 290 694 342 πράττειν
719 292 852 331 οἴεσθε
877 292 1032 344 χρῆναι.

286 356 417 398 Ἀλλὰ
449 358 523 410 γὰρ
552 358 738 409 ἐμπεσὼν
768 359 823 400 εἷς
851 359 899 398 τὰ
929 357 1187 410 πεπραγμένα
1219 361 1301 400 τοῖς
1333 357 1546 410 προγόνοις

219 425 326 475 ὑμῶν
369 424 479 465 ἔστιν
515 424 539 464 ἃ
576 428 652 465 τῶν
687 424 965 478 ψηφισμάτων
1008 424 1191 477 παρέβην
1228 425 1291 464 καὶ
1328 428 1405 465 τῶν
1446 442 1544 477 πρα-

219 491 411 544 χθέντων.
473 493 708 533 ἐπανελθεῖν
729 492 795 532 οὖν
816 493 959 533 ὁπόθεν
986 491 1139 532 ἐνταῦθ’
1160 490 1308 543 ἐξέβην
1333 492 1545 543 βούλομαι.
1567 512 1584 543 5

285 557 360 600 ‘529
385 560 459 611 γὰρ
485 558 695 611 ἀφικόμεθ’
720 559 775 600 εἷς
807 561 876 600 τὰς
903 558 1060 610 Θήβας,
1090 557 1446 610 κατελαμβάνομεν
1472 561 1544 599 Φι-

218 626 368 667 λίππου
394 626 456 666 καὶ
483 628 701 666 Θετταλῶν
728 626 789 666 καὶ
819 629 897 666 τῶν
929 625 1066 666 ἄλλων
1098 625 1319 678 συμμάχων
1349 626 1547 678 παρόντας

219 693 426 745 πρέσβεις,
464 693 525 732 καὶ
550 692 641 735 τοὺς
673 694 746 744 μὲν
781 692 991 745 ἡμετέρους
1028 694 1171 745 φίλους
1210 694 1252 733 ἐν
1288 693 1422 747 φόβῳ,
1458 692 1548 734 τοὺς

220 759 252 799 δ’
284 760 434 800 ἐκείνου
467 761 640 811 θρασεῖς.
711 760 770 800 ὅτι
803 760 836 799 δ’
869 759 913 800 οὐ
945 764 1012 801 νῦν
1046 763 1166 800 ταῦτα
1199 759 1306 812 λέγω
1339 763 1409 800 τοῦ
1446 776 1544 810 συμ-

220 825 413 879 φέροντος
447 826 562 867 εἵνεκ’
597 828 762 881 ἐμαυτῷ,
797 826 892 879 λέγε
928 844 994 877 μοι
1026 827 1098 877 τὴν
1133 826 1353 876 ἐπιστολὴν
1386 825 1434 876 ἣν
1468 825 1547 866 τότ’
1572 842 1609 864 10

218 892 455 946 ἐπέμψαμεν
492 892 604 935 εὐθὺς
640 895 675 934 οἱ
713 892 920 946 πρέσβεις.
993 895 1117 934 καίτοι
1151 893 1327 949 τοσαύτῃ
1362 893 1398 945 γ’
1429 894 1546 945 ὑπερ-

217 961 324 1016 βολῇ
367 961 639 1013 συκοφαντίας
680 960 793 1002 οὗτος
833 959 1019 1013 κέχρηται
1057 961 1174 1006 ὥστε,
1214 961 1246 1000 εἰ
1289 959 1363 1010 μέν
1399 976 1435 1000 τι
1471 963 1548 1000 τῶν

218 1028 389 1068 δεόντων
425 1026 617 1080 ἐπράχθη,
653 1027 723 1068 τὸν
759 1028 907 1079 καιρόν,
943 1027 1010 1067 οὐκ
1048 1026 1116 1078 ἐμέ
1156 1032 1282 1080 φησιν
1320 1028 1445 1068 αἴτιον
1482 1043 1547 1079 γε-

218 1096 424 1146 γενῆσθαι,
451 1098 528 1135 τῶν
562 1094 595 1135 δ’
627 1095 678 1136 ὡς
711 1094 853 1147 ἑτέρως
887 1093 1131 1145 συμβάντων
1166 1093 1352 1135 ἁπάντων
1385 1095 1452 1145 ἐμὲ
1488 1093 1549 1134 καὶ

217 1161 288 1211 τὴν
322 1161 419 1212 ἐμὴν
447 1162 572 1215 τύχην
601 1162 731 1202 αἰτίαν
761 1161 872 1202 εἶναι·
912 1162 987 1207 καί,
1017 1161 1068 1203 ὡς
1102 1161 1241 1208 ἔοικεν,
1270 1162 1290 1200 ὁ
1316 1161 1550 1212 σύμβουλος
1573 1176 1610 1208 ¹5

219 1228 280 1269 καὶ
315 1227 444 1281 ῥήτωρ
477 1229 555 1281 ἐγὼ
588 1232 666 1269 τῶν
701 1231 772 1280 μὲν
809 1230 851 1269 ἐκ
884 1229 1008 1281 λόγου
1045 1229 1106 1269 καὶ
1142 1232 1211 1268 τοῦ
1246 1229 1550 1280 βουλεύσασθαι

218 1295 477 1349 πραχθέντων
513 1296 626 1336 οὐδὲν
662 1296 764 1351 αὐτῷ
803 1296 1004 1338 συναίτιος
1038 1295 1138 1337 εἶναι
1174 1299 1288 1343 δοκῶ,
1323 1299 1401 1337 τῶν
1438 1294 1470 1335 δ’
1507 1296 1550 1335 ἐν

217 1366 297 1404 τοῖς
333 1364 472 1405 ὅπλοις
506 1364 568 1404 καὶ
602 1364 699 1403 κατὰ
731 1362 803 1413 τὴν
837 1364 1079 1416 στρατηγίαν
1114 1362 1394 1416 ἀτυχηθέντων
1430 1363 1550 1414 μόνος

218 1430 342 1471 αἴτιος
367 1429 479 1471 εἶναι,
550 1434 634 1472 πῶς
659 1429 706 1470 ἂν
732 1430 928 1482 ὠμότερος
954 1429 1208 1483 συκοφάντης
1238 1429 1382 1482 γένοιτ’
1407 1426 1429 1479 ἦ
1458 1445 1547 1469 κατ-

218 1497 468 1549 αρατότερος;
507 1496 603 1549 λέγε
627 1496 699 1547 τὴν
723 1496 955 1548 ἐπιστολήν.
1573 1508 1612 1530 ²0

772 1627 990 1657 ΕΠΙΣΤΟΛΗ.

283 1695 446 1746 Ἐπειδὴ
490 1697 622 1736 τοίνυν
666 1695 907 1746 ἐποιήσαντο
951 1696 1023 1746 τὴν
1066 1697 1296 1747 ἐκκλησίαν,
1341 1697 1548 1748 προσῆγον

217 1763 387 1805 ἐκείνους
407 1762 618 1815 προτέρους
643 1764 706 1803 διὰ
731 1762 775 1803 τὸ
801 1763 871 1813 τὴν
894 1767 972 1803 τῶν
999 1762 1218 1816 συμμάχων
1237 1761 1350 1814 τάξιν
1376 1764 1549 1804 ἐκείνους

216 1830 336 1882 ἔχειν.
409 1830 472 1870 καὶ
497 1829 762 1882 παρελθόντες
789 1831 1060 1882 ἐδημηγόρουν
1086 1832 1220 1870 πολλὰ
1245 1832 1317 1881 μὲν
1343 1831 1548 1870 Φίλιππον

217 1896 537 1949 ἐγκωμιάζοντες,
574 1898 708 1937 πολλὰ
744 1896 777 1936 δ’
812 1899 919 1948 ὑμῶν
960 1900 1281 1949 κατηγοροῦντες,
1320 1896 1435 1938 πάνθ’
1471 1898 1550 1936 ὅσα
1570 1912 1608 1945 ²5

216 1963 365 2005 πώποτ’
401 1963 549 2004 ἐναντί’
584 1962 780 2017 ἐπράξατε
817 1965 1019 2015 Θηβαίοις
1055 1964 1434 2020 ἀναμιμνῄσκοντες.
1504 1963 1549 2003 τὸ

219 2030 249 2044 Ν,

217 2044 236 2070 ο
275 2031 344 2071 οὗν
375 2031 607 2084 κεφάλαιον,
635 2029 769 2081 ἠξίουν
800 2032 855 2071 ὧν
889 2033 961 2082 μὲν
996 2030 1037 2071 εὗ
1071 2030 1339 2072 ’πεπόνθεσαν
1371 2030 1448 2071 ὑπὸ
1473 2033 1544 2070 Φι-

215 2099 364 2139 λίππου
396 2098 512 2151 χάριν
547 2098 686 2140 αὐτοὺς
721 2099 947 2144 ἀποδοῦναι,
980 2098 1034 2138 ὧν
1065 2096 1097 2137 δ’
1130 2097 1197 2151 ὑφ’
1223 2100 1330 2148 ὑμῶν
1364 2097 1547 2148 ἠδίκηντο

262 2217 274 2238 1
301 2211 351 2241 δεῖ
364 2219 428 2240 om.
452 2209 476 2238 F
489 2208 519 2239 O
681 2218 699 2247 5
725 2207 841 2240 ὁπόθεν
859 2207 882 2238 S
900 2209 945 2239 L:
971 2209 1041 2240 ὅθεν
1059 2212 1134 2239 cett.
1251 2209 1374 2240 ἐνταῦθ’
1393 2207 1416 2238 S
1433 2207 1477 2239 L:
1504 2208 1547 2238 εἰς

214 2255 319 2285 ταῦτα
347 2258 424 2283 cett.
602 2253 623 2282 6
658 2251 949 2291 κατελαμβάνομεν
974 2251 998 2282 S
1014 2251 1105 2283 LA:
1138 2252 1430 2291 καταλαμβάνομεν
1458 2250 1545 2289 vulg.

219 2305 254 2334 17
280 2295 372 2328 οὐδὲν
391 2295 414 2326 S
431 2307 437 2326 :
463 2296 589 2328 οὐδενὸς
606 2299 683 2326 cett.
843 2305 884 2334 23
908 2299 972 2327 τῶν
989 2295 1068 2326 secl.
1090 2295 1197 2326 Cobet
1311 2295 1449 2326 ἐκείνους
1466 2294 1544 2324 secl.

216 2339 353 2378 Lipsius
516 2340 557 2368 28
582 2340 694 2371 αὐτοὺς
713 2338 736 2369 S
753 2338 777 2368 Ι.
792 2351 797 2370 ;
823 2341 928 2371 αὐτοῖς
946 2338 975 2368 Α
992 2339 1016 2369 F
1033 2339 1119 2378 vulg.
1249 2339 1402 2377 ἠδίκηντο
1421 2337 1479 2368 8¹?
1498 2336 1523 2366 L
1542 2348 1547 2367 ς

215 2384 382 2420 ἠδίκηνται
401 2383 490 2420 vulg.
