1763 2828
109 111 202 166 [151]

286 107 804 163 [ΔΗΜΟΣΘΕΝΟΎΣ]
854 113 1014 151 ΚΑΤΑ
1062 112 1378 151 ΦΙΛΙΠΠΟΎ
1425 115 1461 151 Δ
1516 108 1553 162 [x

232 216 453 268 γενόμενοι,
479 221 555 257 τῶν
588 218 851 268 λυμαίνεσθαι
884 217 948 257 καὶ
975 216 1232 269 διαστρέφειν
1260 221 1379 257 ταῦτα
1409 221 1555 266 βουλο-

232 276 364 333 μένων
391 282 438 333 ἐξ
462 285 554 324 ’ίσου
583 283 748 334 κάθησθ’
773 283 1027 335 ἀκροώμενοι,
1054 283 1122 323 οὐκ
1155 284 1388 336 ἀγνοοῦντες
1419 285 1559 327 αὐτούς

232 349 334 400 (ἴστε
350 351 425 402 γὰρ
440 350 550 392 εὐθὺς
567 351 715 393 ἰδόντες
731 351 917 403 ἀκριβῶς,
932 352 991 392 τίς
1006 353 1151 401 μισθοῦ
1164 350 1275 403 λέγει
1291 351 1353 391 καὶ
1366 347 1449 403 [τίς]
1462 352 1559 403 ὑπὲρ

234 417 439 457 Φιλίππου
467 417 727 463 πολιτεύεται,
757 417 818 457 καὶ
850 418 909 459 τίς
933 416 985 459 ὡς
1009 418 1166 467 ἀληθῶς
1191 418 1287 470 ὑπὲρ
1311 421 1388 458 τῶν
1419 419 1557 469 βελτί-

235 479 368 533 στων),
387 483 479 523 ἀλλ’
494 482 543 524 ἵν’
562 483 840 535 αἰτιασάμενοι
853 484 1013 526 τούτους
1030 483 1092 524 καὶ
1107 483 1153 525 τὸ
1169 483 1314 537 πρᾶγμ’
1331 485 1386 526 εἰς
1404 483 1561 536 γέλωτα
1579 502 1597 533 5

235 549 297 590 καὶ
320 551 523 602 λοιδορίαν
547 551 795 601 ἐμβαλόντες
827 553 948 603 μηδὲν
974 551 1084 592 αὐτοὶ
1108 554 1185 592 τῶν
1209 551 1380 592 δεόντων
1408 553 1558 602 ποιῆτε.

233 616 338 656 ταῦτ’
359 617 446 658 ἐστὶ
471 617 638 668 τάληθῆ,
658 619 757 669 μετὰ
782 617 914 668 πάσης
938 619 1174 671 παρρησίας,
1196 619 1332 660 ἁπλῶς
1357 617 1490 672 εὐνοίᾳ
1513 619 1560 658 τὰ

232 682 417 733 βέλτιστ’
447 682 644 735 εἰρημένα,
675 683 719 724 οὐ
750 686 936 739 κολακείᾳ
963 684 1128 736 βλάβης
1162 685 1224 725 καὶ
1256 684 1408 736 ἀπάτης
1439 685 1561 737 λόγος

231 750 391 800 μεστός,
419 749 605 802 ἀργύριον
629 754 682 804 τῷ
708 750 870 803 λέγοντι
900 750 1091 802 ποιήσων,
1117 753 1166 792 τὰ
1191 755 1233 793 δὲ
1257 751 1468 805 πράγματα
1491 753 1561 802 τῆς

233 816 388 857 πόλεως
423 820 506 858 τοῖς
542 817 700 870 ἐχθροῖς
736 818 956 870 ἐγχειριῶν.
1026 815 1050 868 ἢ
1079 818 1148 859 οὖν
1182 818 1383 859 παυστέον
1411 818 1561 859 τούτων

506 879 522 895 ἢ

232 886 309 922 τῶν
351 883 463 929 ἐθῶν,
502 900 526 932 η
567 882 701 934 μηδέν’
737 883 866 925 ἄλλον
901 884 1097 925 αἰτιατέον
1133 889 1201 926 τοῦ
1236 885 1364 927 πάντα
1400 885 1563 937 φαύλως

232 948 341 1002 ἔχειν
363 945 386 999 ἦ
412 949 511 1000 ὑμᾶς
534 949 686 992 αὐτούς.

282 1069 295 1089 1
322 1058 541 1100 διαστρέφειν]
563 1060 754 1101 διαφθείρειν
770 1059 841 1091 AF
857 1074 908 1103 γρ.
1044 1072 1063 1092 2
1088 1061 1227 1100 κάθησθε
1244 1061 1333 1100 vulg.
1352 1072 1360 1092 ε
1383 1061 1562 1100 καθήσεσθε

235 1102 260 1132 S
276 1101 377 1132 Vind.
399 1112 412 1132 1
561 1113 581 1141 3
607 1103 713 1143 εὐθὺς]
731 1105 845 1137 αὐτοὺς
863 1104 888 1135 S
999 1104 1049 1137 τίς
1065 1109 1145 1135 ante
1164 1104 1241 1146 ὑπὲρ
1257 1105 1333 1136 add.
1351 1105 1447 1136 codd.
1467 1116 1473 1135 ε
1498 1115 1562 1136 om.

235 1144 363 1175 Reiske
454 1156 471 1184 7
497 1147 568 1178 ἐστὶ
585 1147 713 1186 τάληθῆ
730 1147 819 1186 vulg.
835 1158 843 1178 ι
867 1149 960 1180 ἐστὶν
976 1148 1081 1186 ἆληθῆ
1099 1148 1123 1179 S
1140 1148 1240 1178 Vind.
1261 1157 1274 1178 1
1367 1149 1388 1179 8
1411 1149 1564 1189 κολακείᾳ

236 1187 260 1218 S
275 1200 280 1219 :
305 1189 475 1221 κολακείας
492 1190 543 1221 καὶ
561 1190 649 1229 vulg.
821 1201 844 1230 9
866 1190 928 1230 μὲν
945 1196 1022 1230 post
1039 1191 1189 1233 ἀργύριον
1204 1191 1280 1224 add.
1301 1191 1392 1232 vulg.
1409 1202 1416 1222 :
1440 1202 1505 1223 om.
1527 1191 1564 1222 S¹

235 1230 394 1271 ποιήσων]
411 1234 509 1265 οἴσων
524 1233 635 1264 Cobet
650 1244 657 1265 ε
680 1234 896 1276 περιποιήσων
913 1233 1131 1266 Herwerden

290 1281 328 1313 In
346 1282 370 1314 S
386 1282 617 1323 subscriptum

716 1330 825 1358 ΚΑΤΑ
852 1330 1051 1358 ΦΙΛΙΠΠΟὙ
1075 1333 1101 1358 Δ

738 1366 776 1401 [fil
796 1375 820 1402 H
841 1376 867 1402 Δ
887 1376 914 1401 Δ
933 1376 959 1401 Δ
979 1375 991 1401 1
1010 1375 1021 1401 1
1040 1375 1051 1401 1
1074 1375 1085 1400 1

1585 836 1622 857 10
