1747 2844
794 377 894 415 XVI

464 504 625 546 THEP
684 502 1223 545 ΜΕΓΑΛΟΠΟΛΙΤΩΝ

738 634 955 665 ΎΠΟΘΕΣῙΣ.

233 711 323 750 ’Ὀτε
343 709 624 760 Λακεδαιμόνιοι
646 707 851 758 νικηθέντες
873 709 944 746 ὑπὸ
968 708 1146 758 Θηβαίων
1169 710 1207 748 ἐν
1227 709 1423 759 Λεύκτροις
1444 710 1510 759 τῆς

185 766 360 805 Βοιωτίας
386 767 434 805 εἰς
460 764 622 803 κίνδυνον
644 764 762 815 μέγαν
788 764 1034 812 κατέστησαν,
1061 763 1301 802 ἀποστάντων
1323 762 1511 813 Ἀρκάδων

185 821 244 858 καὶ
276 819 537 869 προσθεμένων
564 820 640 858 τοῖς
669 817 862 867 Θηβαίοις,
891 816 1081 867 Ἀθηναῖοι
1111 818 1304 868 σύμμαχοι
1333 817 1511 855 Λακεδαι-

184 874 323 924 μονίοις
355 874 544 925 γενόμενοι
578 872 761 910 διέσωσαν
790 872 930 911 αὐτούς·
975 872 1129 921 ὕστερον
1160 871 1197 908 δὲ
1230 870 1511 921 Λακεδαιμόνιοι

148 942 166 974 5
185 931 256 967 τῶν
276 927 445 966 κινδύνων
469 927 748 978 ἀπαλλαγέντες
774 927 833 964 καὶ
859 926 1047 975 προϊόντες
1070 926 1186 963 πάλιν
1210 927 1258 965 εἷς
1282 925 1432 975 δύναμιν
1453 926 1512 963 ἐπὶ

186 983 371 1034 Μεγάλην
403 982 515 1019 πόλιν
546 982 612 1030 τῆς
644 979 838 1030 Ἀρκαδίας
875 980 1044 1031 ἤρχοντο,
1080 980 1138 1017 καὶ
1175 980 1258 1020 τοὺς
1292 977 1512 1029 Ἀθηναίους

186 1037 417 1086 παρεκάλουν
432 1035 491 1073 διὰ
509 1035 714 1084 πρεσβείας
735 1037 914 1073 κοινωνεῖν
928 1036 1050 1074 αὐτοῖς
1068 1036 1133 1073 τοῦ
1151 1034 1331 1084 πολέμου.
1369 1035 1512 1084 πεπόμ-

187 1094 284 1139 φασι
305 1090 342 1128 δὲ
363 1090 421 1127 καὶ
441 1091 475 1128 οἱ
495 1091 805 1141 Μεγαλοπολῖται
824 1089 1004 1138 πρέσβεις
1017 1087 1196 1138 Ἀθήναζε
1215 1091 1512 1139 παρακαλοῦντες

187 1146 277 1194 ὑπὲρ
306 1146 452 1183 ἑαυτῶν.
509 1145 529 1182 ὁ
556 1144 678 1182 τοίνυν
705 1143 951 1193 Δημοσθένης
979 1143 1231 1192 συμβουλεύει
1258 1142 1311 1193 μὴ
1339 1146 1512 1192 περιορᾶν

132 1211 170 1233 10
189 1198 441 1248 ἀναιρεθεῖσαν
456 1199 640 1250 Μεγάλην
654 1199 764 1236 πόλιν
778 1196 862 1248 μηδ’
881 1199 930 1238 εἷς
950 1198 1059 1248 ἰσχὺν
1072 1197 1321 1246 προελθόντας
1335 1197 1512 1235 Λακεδαι-

187 1254 344 1303 μονίους,
369 1253 573 1303 συμφέρειν
595 1253 715 1305 λέγων
737 1255 812 1293 τοῖς
836 1250 1046 1302 Ἀθηναίοις
1073 1252 1115 1291 τὸ
1143 1252 1196 1302 μὴ
1226 1251 1397 1302 φοβερὰν
1423 1251 1513 1291 εἶναι

187 1308 255 1357 τὴν
278 1307 544 1358 Λακεδαίμονα.

254 1433 498 1486 Ἀμφότεροί
529 1449 596 1485 μοι
637 1435 821 1473 δοκοῦσιν
858 1431 1108 1485 ἁμαρτάνειν,
1145 1429 1175 1472 ὦ
1216 1431 1354 1485 ἄνδρες
1393 1432 1511 1483 Ἀθη·
1546 1435 1661 1491 [202]

189 1504 304 1550 ναῖοι,
331 1500 394 1541 καὶ
418 1502 455 1541 οἱ
478 1503 560 1543 τοῖς
584 1499 752 1553 Ἀρκάσι
777 1499 840 1540 καὶ
867 1501 903 1540 οἱ
928 1502 1009 1542 τοῖς
1034 1499 1357 1551 Λακεδαιμονίοις
1381 1516 1511 1540 συνει-

132 1587 169 1619 15
188 1568 360 1620 ρηκότες·
398 1567 532 1619 ὥσπερ
557 1568 633 1620 γὰρ
658 1565 728 1619 ἀφ’
754 1565 947 1619 ἑκατέρων
971 1566 1146 1617 ἥκοντες,
1173 1566 1248 1620 οὐχ
1271 1567 1378 1618 ὑμῶν
1402 1568 1514 1609 ὄντες

189 1632 387 1687 [πολῖται],
408 1633 505 1686 πρὸς
527 1634 593 1675 οὓς
618 1634 834 1687 ἀμφότεροι
859 1633 1144 1686 πρεσβεύουσι,
1167 1636 1427 1687 κατηγοροῦσι
1453 1633 1514 1673 καὶ

190 1700 481 1753 διαβάλλουσιν
510 1699 722 1751 ἀλλήλους.
794 1699 841 1751 ἣν
871 1702 912 1742 δὲ
941 1704 1056 1741 τοῦτο
1084 1702 1157 1752 μὲν
1180 1704 1257 1741 τῶν
1282 1700 1514 1753 ἀφιγμένων

191 1769 320 1820 ἔργον,
354 1767 398 1808 τὸ
430 1771 471 1809 δὲ
504 1771 642 1810 κοινῶς
673 1768 771 1820 ὑπὲρ
805 1771 883 1809 τῶν
918 1766 1159 1821 πραγμάτων
1194 1767 1330 1820 λέγειν
1367 1767 1430 1808 καὶ
1467 1769 1514 1807 τὰ

191 1833 375 1886 βέλτισθ’
407 1836 505 1887 ὑπὲρ
535 1836 641 1886 ὑμῶν
675 1837 840 1875 σκοπεῖν
872 1834 964 1876 ἄνευ
1003 1835 1228 1887 φιλονικίας
1266 1838 1344 1875 τῶν
1378 1833 1515 1875 ἐνθάδε

134 1918 174 1941 20
193 1901 483 1952 συμβουλεύειν
503 1900 733 1952 ἀξιούντων,
793 1905 861 1942 νῦν
880 1901 912 1942 δ’
932 1901 1071 1954 ἔγωγε,
1094 1903 1130 1943 εἴ
1146 1918 1204 1943 τις
1224 1900 1351 1942 αὐτῶν
1369 1900 1514 1953 ἀφέλοι
1546 1912 1567 1937 2

192 1967 235 2008 τὸ
259 1968 554 2020 γιγνώσκεσθαι
579 1969 640 2008 καὶ
664 1967 709 2008 τὸ
728 1968 773 2024 τῇ
795 1969 908 2025 φωνῇ
932 1967 1068 2021 λέγειν
1087 1968 1319 2014 Ἀττικιστί,
1340 1967 1516 2009 πολλοὺς

192 2033 240 2075 ἂν
269 2034 376 2085 οἶμαι
404 2033 494 2076 τοὺς
522 2036 594 2085 μὲν
622 2033 826 2087 Ἀρκάδας,
853 2034 942 2078 τοὺς
971 2037 1012 2076 δὲ
1042 2034 1231 2077 Λάκωνας
1259 2033 1387 2074 αὐτῶν
1417 2033 1517 2075 εἶναι

193 2102 366 2153 νομίσαι.
437 2102 515 2154 ἐγὼ
545 2100 578 2141 δ’
603 2102 678 2153 ὁρῶ
707 2103 779 2152 μὲν
804 2101 855 2144 ὡς
883 2101 1064 2156 χαλεπὸν
1087 2103 1136 2142 τὰ
1160 2101 1358 2152 βέλτιστα
1383 2099 1517 2153 λέγειν

239 2220 278 2241 10
301 2211 518 2252 ἀναιρεθεῖσαν
533 2209 650 2241 Wolf:
679 2211 856 2251 αἱρεθεῖσαν
872 2211 968 2243 codd.
1107 2213 1144 2248 ἐξ
1166 2220 1225 2249 1-3
1243 2224 1270 2235 =
1290 2209 1442 2241 prooem.
1460 2209 1516 2240 viii

196 2255 234 2284 16
257 2257 387 2287 πολῖται
405 2264 470 2285 om.
492 2254 642 2284 Prooem.
664 2254 743 2285 viii:
768 2254 847 2287 secl.
866 2254 975 2285 Cobet
1107 2253 1322 2295 πρεσβεύουσι
1341 2253 1364 2285 S
1384 2254 1440 2293 (Cf.
1460 2252 1516 2284 viii

192 2299 272 2337 37):
302 2297 537 2340 πρεσβεύονται
562 2302 638 2328 cett.
655 2302 688 2327 et
705 2297 858 2329 Prooem.
1035 2307 1071 2327 21
1104 2297 1286 2329 Ἀττικιστί
1310 2296 1417 2328 Cobet
1442 2307 1516 2328 cum

195 2340 372 2372 Prooem.:
411 2342 566 2373 Ἀττικῶς
599 2341 696 2372 codd.
872 2352 913 2381 23
952 2345 1011 2383 ὁρῶ
1043 2340 1164 2371 codd.:
1204 2341 1273 2373 οῖδα
1303 2340 1410 2372 Cobet
1442 2350 1517 2371 cum

197 2383 349 2415 Prooem.
