<?xml version="1.0" encoding="UTF-8"?>
<!DOCTYPE html PUBLIC "-//W3C//DTD XHTML 1.0 Transitional//EN"
    "http://www.w3.org/TR/xhtml1/DTD/xhtml1-transitional.dtd">
<html xmlns="http://www.w3.org/1999/xhtml" xml:lang="en" lang="en">
 <head>
  <title>
</title>
<meta http-equiv="Content-Type" content="text/html;charset=utf-8" />
  <meta name='ocr-system' content='tesseract 3.04.00' />
  <meta name='ocr-capabilities' content='ocr_page ocr_carea ocr_par ocr_line ocrx_word'/>
</head>
<body>
  <div class='ocr_page' id='page_1' title='image "./orationesrecogno01demouoft_0356.png"; bbox 0 0 1763 2828; ppageno 0'>
   <div class='ocr_carea' id='block_1_1' title="bbox 99 131 214 281">
    <p class='ocr_par' dir='ltr' id='par_1_1' title="bbox 99 131 214 281">
     <span class='ocr_line' id='line_1_1' title="bbox 99 131 212 184; baseline 0.009 -1"><span class='ocrx_word' id='word_1_1' title='bbox 99 131 212 184; x_wconf 63' lang='lat'>[367]</span> 
     </span>
     <span class='ocr_line' id='line_1_2' title="bbox 172 242 214 281; baseline 0 0"><span class='ocrx_word' id='word_1_2' title='bbox 172 242 214 281; x_wconf 72' lang='lat'>83</span> 
     </span>
    </p>
   </div>
   <div class='ocr_carea' id='block_1_2' title="bbox 99 1501 213 1555">
    <p class='ocr_par' dir='ltr' id='par_1_2' title="bbox 99 1501 213 1555">
     <span class='ocr_line' id='line_1_3' title="bbox 99 1501 213 1555; baseline 0.009 -2"><span class='ocrx_word' id='word_1_3' title='bbox 99 1501 213 1555; x_wconf 84' lang='lat'>[368]</span> 
     </span>
    </p>
   </div>
   <div class='ocr_carea' id='block_1_3' title="bbox 171 1774 215 1807">
    <p class='ocr_par' dir='ltr' id='par_1_3' title="bbox 171 1774 215 1807">
     <span class='ocr_line' id='line_1_4' title="bbox 171 1774 215 1807; baseline 0 0"><span class='ocrx_word' id='word_1_4' title='bbox 171 1774 215 1807; x_wconf 80' lang='lat'>86</span> 
     </span>
    </p>
   </div>
   <div class='ocr_carea' id='block_1_4' title="bbox 671 121 1566 175">
    <p class='ocr_par' dir='ltr' id='par_1_4' title="bbox 671 121 1566 175">
     <span class='ocr_line' id='line_1_5' title="bbox 671 121 1566 175; baseline -0.003 -9"><span class='ocrx_word' id='word_1_5' title='bbox 671 127 1154 166; x_wconf 67' lang='grc' dir='ltr'>ΔΗΜΟΣΘΕΝΟΎΣ</span> <span class='ocrx_word' id='word_1_6' title='bbox 1483 121 1566 175; x_wconf 78' lang='lat' dir='ltr'>[xxx</span> 
     </span>
    </p>
   </div>
   <div class='ocr_carea' id='block_1_5' title="bbox 244 231 1632 2341">
    <p class='ocr_par' dir='ltr' id='par_1_5' title="bbox 244 231 1632 1754">
     <span class='ocr_line' id='line_1_6' title="bbox 316 231 1571 288; baseline -0.001 -14"><span class='ocrx_word' id='word_1_7' title='bbox 316 235 389 274; x_wconf 86' lang='grc' dir='ltr'>Καὶ</span> <span class='ocrx_word' id='word_1_8' title='bbox 413 235 491 285; x_wconf 74' lang='grc' dir='ltr'>μὴν</span> <span class='ocrx_word' id='word_1_9' title='bbox 510 236 569 275; x_wconf 81' lang='grc' dir='ltr'>ὅτι</span> <span class='ocrx_word' id='word_1_10' title='bbox 593 235 714 288; x_wconf 87' lang='grc' dir='ltr'>χωρὶς</span> <span class='ocrx_word' id='word_1_11' title='bbox 734 237 802 285; x_wconf 86' lang='grc' dir='ltr'>τῆς</span> <span class='ocrx_word' id='word_1_12' title='bbox 820 234 946 285; x_wconf 81' lang='grc' dir='ltr'>ἄλλης</span> <span class='ocrx_word' id='word_1_13' title='bbox 965 234 1158 287; x_wconf 77' lang='grc' dir='ltr'>αἰσχύνης</span> <span class='ocrx_word' id='word_1_14' title='bbox 1184 235 1245 273; x_wconf 79' lang='grc' dir='ltr'>καὶ</span> <span class='ocrx_word' id='word_1_15' title='bbox 1264 231 1434 282; x_wconf 79' lang='grc' dir='ltr'><em>ἀδοξίας,</em></span> <span class='ocrx_word' id='word_1_16' title='bbox 1455 232 1504 283; x_wconf 84' lang='grc' dir='ltr'>ἣν</span> <span class='ocrx_word' id='word_1_17' title='bbox 1522 234 1571 273; x_wconf 83' lang='grc' dir='ltr'>τὰ</span> 
     </span>
     <span class='ocr_line' id='line_1_7' title="bbox 246 300 1571 355; baseline -0.002 -13"><span class='ocrx_word' id='word_1_18' title='bbox 246 301 489 354; x_wconf 82' lang='grc' dir='ltr'>πεπραγμέν’</span> <span class='ocrx_word' id='word_1_19' title='bbox 509 303 605 355; x_wconf 86' lang='grc' dir='ltr'>ἕχει,</span> <span class='ocrx_word' id='word_1_20' title='bbox 628 303 689 342; x_wconf 81' lang='grc' dir='ltr'>καὶ</span> <span class='ocrx_word' id='word_1_21' title='bbox 708 301 877 354; x_wconf 82' lang='grc' dir='ltr'>μεγάλοι</span> <span class='ocrx_word' id='word_1_22' title='bbox 898 303 1065 342; x_wconf 79' lang='grc' dir='ltr'>κίνδυνοι</span> <span class='ocrx_word' id='word_1_23' title='bbox 1085 302 1342 353; x_wconf 79' lang='grc' dir='ltr'>περιεστᾶσιν</span> <span class='ocrx_word' id='word_1_24' title='bbox 1360 301 1402 339; x_wconf 91' lang='grc' dir='ltr'>ἐκ</span> <span class='ocrx_word' id='word_1_25' title='bbox 1421 300 1571 340; x_wconf 90' lang='grc' dir='ltr'>τούτων</span> 
     </span>
     <span class='ocr_line' id='line_1_8' title="bbox 245 366 1570 423; baseline -0.002 -15"><span class='ocrx_word' id='word_1_26' title='bbox 245 368 318 418; x_wconf 77' lang='grc' dir='ltr'>τὴν</span> <span class='ocrx_word' id='word_1_27' title='bbox 347 369 477 414; x_wconf 85' lang='grc' dir='ltr'>πόλιν,</span> <span class='ocrx_word' id='word_1_28' title='bbox 503 366 639 423; x_wconf 76' lang='grc' dir='ltr'>ῥᾴδιον</span> <span class='ocrx_word' id='word_1_29' title='bbox 666 368 802 419; x_wconf 81' lang='grc' dir='ltr'>δεῖξαι.</span> <span class='ocrx_word' id='word_1_30' title='bbox 873 370 931 410; x_wconf 90' lang='grc' dir='ltr'>τίς</span> <span class='ocrx_word' id='word_1_31' title='bbox 960 369 1035 420; x_wconf 83' lang='grc' dir='ltr'>γὰρ</span> <span class='ocrx_word' id='word_1_32' title='bbox 1064 368 1132 408; x_wconf 80' lang='grc' dir='ltr'>οὐκ</span> <span class='ocrx_word' id='word_1_33' title='bbox 1161 367 1265 407; x_wconf 78' lang='grc' dir='ltr'>οἶδεν</span> <span class='ocrx_word' id='word_1_34' title='bbox 1292 367 1399 417; x_wconf 84' lang='grc' dir='ltr'>ὑμῶν</span> <span class='ocrx_word' id='word_1_35' title='bbox 1428 367 1487 406; x_wconf 85' lang='grc' dir='ltr'>ὅτι</span> <span class='ocrx_word' id='word_1_36' title='bbox 1517 370 1570 421; x_wconf 80' lang='grc' dir='ltr'>τῷ</span> 
     </span>
     <span class='ocr_line' id='line_1_9' title="bbox 246 431 1570 490; baseline -0.002 -16"><span class='ocrx_word' id='word_1_37' title='bbox 246 434 418 475; x_wconf 78' lang='grc' dir='ltr'>Φωκέων</span> <span class='ocrx_word' id='word_1_38' title='bbox 448 435 608 489; x_wconf 81' lang='grc' dir='ltr'>πολέμῳ</span> <span class='ocrx_word' id='word_1_39' title='bbox 638 436 700 475; x_wconf 86' lang='grc' dir='ltr'>καὶ</span> <span class='ocrx_word' id='word_1_40' title='bbox 730 440 782 490; x_wconf 79' lang='grc' dir='ltr'>τῷ</span> <span class='ocrx_word' id='word_1_41' title='bbox 814 436 964 487; x_wconf 84' lang='grc' dir='ltr'>κυρίους</span> <span class='ocrx_word' id='word_1_42' title='bbox 996 434 1094 474; x_wconf 79' lang='grc' dir='ltr'>εἶναι</span> <span class='ocrx_word' id='word_1_43' title='bbox 1121 436 1268 474; x_wconf 87' lang='grc' dir='ltr'>Πυλῶν</span> <span class='ocrx_word' id='word_1_44' title='bbox 1294 431 1456 474; x_wconf 81' lang='grc' dir='ltr'>Φωκέας</span> <span class='ocrx_word' id='word_1_45' title='bbox 1485 432 1510 482; x_wconf 84' lang='grc' dir='ltr'><em>ἥ</em></span> <span class='ocrx_word' id='word_1_46' title='bbox 1537 433 1570 472; x_wconf 91' lang='grc' dir='ltr'>τ’</span> 
     </span>
     <span class='ocr_line' id='line_1_10' title="bbox 246 497 1608 555; baseline -0.002 -14"><span class='ocrx_word' id='word_1_47' title='bbox 246 501 324 542; x_wconf 85' lang='grc' dir='ltr'>ἀπὸ</span> <span class='ocrx_word' id='word_1_48' title='bbox 345 504 540 552; x_wconf 78' lang='grc' dir='ltr'>Θηβαίων</span> <span class='ocrx_word' id='word_1_49' title='bbox 567 502 660 542; x_wconf 81' lang='grc' dir='ltr'>ἄδει’</span> <span class='ocrx_word' id='word_1_50' title='bbox 679 503 855 555; x_wconf 79' lang='grc' dir='ltr'>ὑπῆρχεν</span> <span class='ocrx_word' id='word_1_51' title='bbox 879 502 983 552; x_wconf 83' lang='grc' dir='ltr'>ἡμῖν,</span> <span class='ocrx_word' id='word_1_52' title='bbox 1007 502 1068 541; x_wconf 84' lang='grc' dir='ltr'>καὶ</span> <span class='ocrx_word' id='word_1_53' title='bbox 1092 500 1137 540; x_wconf 80' lang='grc' dir='ltr'>τὸ</span> <span class='ocrx_word' id='word_1_54' title='bbox 1161 498 1347 551; x_wconf 83' lang='grc' dir='ltr'>μηδέποτ’</span> <span class='ocrx_word' id='word_1_55' title='bbox 1367 501 1499 539; x_wconf 83' lang='grc' dir='ltr'>ἐλθεῖν</span> <span class='ocrx_word' id='word_1_56' title='bbox 1523 497 1571 539; x_wconf 81' lang='grc' dir='ltr'>ἂν</span> <span class='ocrx_word' id='word_1_57' title='bbox 1591 515 1608 545; x_wconf 88' lang='lat'>5</span> 
     </span>
     <span class='ocr_line' id='line_1_11' title="bbox 248 565 1571 619; baseline -0.002 -11"><span class='ocrx_word' id='word_1_58' title='bbox 248 570 302 609; x_wconf 84' lang='grc' dir='ltr'>εἷς</span> <span class='ocrx_word' id='word_1_59' title='bbox 330 569 646 618; x_wconf 84' lang='grc' dir='ltr'>Πελοπόννησον</span> <span class='ocrx_word' id='word_1_60' title='bbox 675 569 763 619; x_wconf 87' lang='grc' dir='ltr'>μηδ’</span> <span class='ocrx_word' id='word_1_61' title='bbox 793 570 847 609; x_wconf 88' lang='grc' dir='ltr'>εἰς</span> <span class='ocrx_word' id='word_1_62' title='bbox 878 569 1055 618; x_wconf 69' lang='grc' dir='ltr'>Εὔβοιαν</span> <span class='ocrx_word' id='word_1_63' title='bbox 1083 567 1172 618; x_wconf 84' lang='grc' dir='ltr'>μηδ’</span> <span class='ocrx_word' id='word_1_64' title='bbox 1203 568 1256 608; x_wconf 81' lang='grc' dir='ltr'>εἷς</span> <span class='ocrx_word' id='word_1_65' title='bbox 1286 565 1358 615; x_wconf 76' lang='grc' dir='ltr'>τὴν</span> <span class='ocrx_word' id='word_1_66' title='bbox 1387 565 1571 615; x_wconf 79' lang='grc' dir='ltr'>Ἀττικὴν</span> 
     </span>
     <span class='ocr_line' id='line_1_12' title="bbox 248 632 1572 686; baseline -0.002 -12"><span class='ocrx_word' id='word_1_67' title='bbox 248 636 451 675; x_wconf 87' lang='grc' dir='ltr'>Φίλιππον</span> <span class='ocrx_word' id='word_1_68' title='bbox 488 632 598 685; x_wconf 73' lang='grc' dir='ltr'>[μηδὲ</span> <span class='ocrx_word' id='word_1_69' title='bbox 638 632 877 686; x_wconf 74' lang='grc' dir='ltr'>Θηβαίους];</span> <span class='ocrx_word' id='word_1_70' title='bbox 928 635 1071 684; x_wconf 86' lang='grc' dir='ltr'>ταύτην</span> <span class='ocrx_word' id='word_1_71' title='bbox 1108 633 1243 684; x_wconf 85' lang='grc' dir='ltr'>μέντοι</span> <span class='ocrx_word' id='word_1_72' title='bbox 1281 633 1352 682; x_wconf 80' lang='grc' dir='ltr'>τὴν</span> <span class='ocrx_word' id='word_1_73' title='bbox 1389 632 1467 672; x_wconf 85' lang='grc' dir='ltr'>ἀπὸ</span> <span class='ocrx_word' id='word_1_74' title='bbox 1504 635 1572 672; x_wconf 85' lang='grc' dir='ltr'>τοῦ</span> 
     </span>
     <span class='ocr_line' id='line_1_13' title="bbox 246 699 1571 753; baseline -0.002 -11"><span class='ocrx_word' id='word_1_75' title='bbox 246 703 368 742; x_wconf 86' lang='grc' dir='ltr'>τόπου</span> <span class='ocrx_word' id='word_1_76' title='bbox 405 701 467 741; x_wconf 83' lang='grc' dir='ltr'>καὶ</span> <span class='ocrx_word' id='word_1_77' title='bbox 502 705 580 741; x_wconf 85' lang='grc' dir='ltr'>τῶν</span> <span class='ocrx_word' id='word_1_78' title='bbox 612 701 852 753; x_wconf 83' lang='grc' dir='ltr'>πραγμάτων</span> <span class='ocrx_word' id='word_1_79' title='bbox 885 701 1012 741; x_wconf 84' lang='grc' dir='ltr'>αὐτῶν</span> <span class='ocrx_word' id='word_1_80' title='bbox 1048 700 1278 753; x_wconf 84' lang='grc' dir='ltr'>ἀσφάλειαν</span> <span class='ocrx_word' id='word_1_81' title='bbox 1313 699 1571 752; x_wconf 86' lang='grc' dir='ltr'>ὑπάρχουσαν</span> 
     </span>
     <span class='ocr_line' id='line_1_14' title="bbox 247 765 1572 824; baseline 0 -17"><span class='ocrx_word' id='word_1_82' title='bbox 247 774 292 824; x_wconf 78' lang='grc' dir='ltr'>τῇ</span> <span class='ocrx_word' id='word_1_83' title='bbox 317 768 433 809; x_wconf 87' lang='grc' dir='ltr'>πόλει</span> <span class='ocrx_word' id='word_1_84' title='bbox 463 771 548 810; x_wconf 85' lang='grc' dir='ltr'>ταῖς</span> <span class='ocrx_word' id='word_1_85' title='bbox 571 768 720 808; x_wconf 84' lang='grc' dir='ltr'>τούτων</span> <span class='ocrx_word' id='word_1_86' title='bbox 749 767 916 809; x_wconf 82' lang='grc' dir='ltr'>ἀπάταις</span> <span class='ocrx_word' id='word_1_87' title='bbox 945 768 1006 807; x_wconf 83' lang='grc' dir='ltr'>καὶ</span> <span class='ocrx_word' id='word_1_88' title='bbox 1030 768 1311 820; x_wconf 80' lang='grc' dir='ltr'>ψευδολογίαις</span> <span class='ocrx_word' id='word_1_89' title='bbox 1341 765 1572 807; x_wconf 79' lang='grc' dir='ltr'>πεισθέντες</span> 
     </span>
     <span class='ocr_line' id='line_1_15' title="bbox 247 832 1632 887; baseline -0.004 -12"><span class='ocrx_word' id='word_1_90' title='bbox 247 833 464 886; x_wconf 82' lang='grc' dir='ltr'>προήκασθ’</span> <span class='ocrx_word' id='word_1_91' title='bbox 505 836 627 885; x_wconf 83' lang='grc' dir='ltr'>ὑμεῖς,</span> <span class='ocrx_word' id='word_1_92' title='bbox 672 835 733 875; x_wconf 88' lang='grc' dir='ltr'>καὶ</span> <span class='ocrx_word' id='word_1_93' title='bbox 774 834 1074 887; x_wconf 79' lang='grc' dir='ltr'>τετειχισμένην</span> <span class='ocrx_word' id='word_1_94' title='bbox 1115 835 1254 875; x_wconf 84' lang='grc' dir='ltr'>ὅπλοις</span> <span class='ocrx_word' id='word_1_95' title='bbox 1302 833 1366 872; x_wconf 87' lang='grc' dir='ltr'>καὶ</span> <span class='ocrx_word' id='word_1_96' title='bbox 1407 832 1569 886; x_wconf 78' lang='grc' dir='ltr'>πολέμῳ</span> <span class='ocrx_word' id='word_1_97' title='bbox 1594 848 1632 869; x_wconf 82' lang='lat'>10</span> 
     </span>
     <span class='ocr_line' id='line_1_16' title="bbox 247 899 1572 954; baseline -0.003 -13"><span class='ocrx_word' id='word_1_98' title='bbox 247 905 412 954; x_wconf 84' lang='grc' dir='ltr'>συνεχεῖ</span> <span class='ocrx_word' id='word_1_99' title='bbox 439 901 501 941; x_wconf 84' lang='grc' dir='ltr'>καὶ</span> <span class='ocrx_word' id='word_1_100' title='bbox 526 901 695 942; x_wconf 87' lang='grc' dir='ltr'>πόλεσιν</span> <span class='ocrx_word' id='word_1_101' title='bbox 720 900 912 953; x_wconf 84' lang='grc' dir='ltr'>μεγάλαις</span> <span class='ocrx_word' id='word_1_102' title='bbox 943 899 1163 953; x_wconf 89' lang='grc' dir='ltr'>συμμάχων</span> <span class='ocrx_word' id='word_1_103' title='bbox 1189 901 1341 951; x_wconf 84' lang='grc' dir='ltr'>ἀνδρῶν</span> <span class='ocrx_word' id='word_1_104' title='bbox 1369 899 1430 938; x_wconf 84' lang='grc' dir='ltr'>καὶ</span> <span class='ocrx_word' id='word_1_105' title='bbox 1459 899 1572 952; x_wconf 85' lang='grc' dir='ltr'>χώρᾳ</span> 
     </span>
     <span class='ocr_line' id='line_1_17' title="bbox 246 965 1571 1024; baseline -0.003 -15"><span class='ocrx_word' id='word_1_106' title='bbox 246 969 377 1024; x_wconf 81' lang='grc' dir='ltr'>πολλῇ</span> <span class='ocrx_word' id='word_1_107' title='bbox 413 968 618 1020; x_wconf 87' lang='grc' dir='ltr'>περιείδετ’</span> <span class='ocrx_word' id='word_1_108' title='bbox 652 969 960 1009; x_wconf 83' lang='grc' dir='ltr'>ἀνασταθεῖσαν.</span> <span class='ocrx_word' id='word_1_109' title='bbox 1034 967 1095 1006; x_wconf 87' lang='grc' dir='ltr'>καὶ</span> <span class='ocrx_word' id='word_1_110' title='bbox 1131 967 1277 1017; x_wconf 87' lang='grc' dir='ltr'>ματαία</span> <span class='ocrx_word' id='word_1_111' title='bbox 1311 967 1383 1016; x_wconf 79' lang='grc' dir='ltr'>μὲν</span> <span class='ocrx_word' id='word_1_112' title='bbox 1419 965 1442 1015; x_wconf 85' lang='grc' dir='ltr'>ἡ</span> <span class='ocrx_word' id='word_1_113' title='bbox 1476 966 1571 1016; x_wconf 91' lang='grc' dir='ltr'>πρό-</span> 
     </span>
     <span class='ocr_line' id='line_1_18' title="bbox 245 1028 1571 1086; baseline -0.002 -12"><span class='ocrx_word' id='word_1_114' title='bbox 245 1051 360 1086; x_wconf 88' lang='grc' dir='ltr'>τερον</span> <span class='ocrx_word' id='word_1_115' title='bbox 385 1033 536 1085; x_wconf 74' lang='grc' dir='ltr'>βοήθει’</span> <span class='ocrx_word' id='word_1_116' title='bbox 563 1036 616 1077; x_wconf 83' lang='grc' dir='ltr'>εἰς</span> <span class='ocrx_word' id='word_1_117' title='bbox 642 1035 780 1076; x_wconf 87' lang='grc' dir='ltr'>Πύλας</span> <span class='ocrx_word' id='word_1_118' title='bbox 808 1035 897 1084; x_wconf 84' lang='grc' dir='ltr'>ὑμῖν</span> <span class='ocrx_word' id='word_1_119' title='bbox 922 1033 1097 1086; x_wconf 87' lang='grc' dir='ltr'>γέγονεν,</span> <span class='ocrx_word' id='word_1_120' title='bbox 1125 1032 1172 1082; x_wconf 86' lang='grc' dir='ltr'>ἣν</span> <span class='ocrx_word' id='word_1_121' title='bbox 1201 1034 1299 1082; x_wconf 83' lang='grc' dir='ltr'>μετὰ</span> <span class='ocrx_word' id='word_1_122' title='bbox 1328 1032 1522 1073; x_wconf 90' lang='grc' dir='ltr'>πλειόνων</span> <span class='ocrx_word' id='word_1_123' title='bbox 1547 1028 1571 1081; x_wconf 88' lang='grc' dir='ltr'>ἢ</span> 
     </span>
     <span class='ocr_line' id='line_1_19' title="bbox 247 1099 1571 1152; baseline -0.001 -11"><span class='ocrx_word' id='word_1_124' title='bbox 247 1102 461 1142; x_wconf 86' lang='grc' dir='ltr'>διακοσίων</span> <span class='ocrx_word' id='word_1_125' title='bbox 493 1100 698 1142; x_wconf 84' lang='grc' dir='ltr'>ταλάντων</span> <span class='ocrx_word' id='word_1_126' title='bbox 731 1099 988 1150; x_wconf 86' lang='grc' dir='ltr'>ἐποιήσασθε,</span> <span class='ocrx_word' id='word_1_127' title='bbox 1023 1099 1070 1140; x_wconf 79' lang='grc' dir='ltr'>ἂν</span> <span class='ocrx_word' id='word_1_128' title='bbox 1105 1100 1329 1152; x_wconf 86' lang='grc' dir='ltr'>λογίσησθε</span> <span class='ocrx_word' id='word_1_129' title='bbox 1365 1100 1436 1140; x_wconf 83' lang='grc' dir='ltr'>τὰς</span> <span class='ocrx_word' id='word_1_130' title='bbox 1473 1099 1571 1140; x_wconf 86' lang='grc' dir='ltr'>ἰδίας</span> 
     </span>
     <span class='ocr_line' id='line_1_20' title="bbox 247 1165 1632 1220; baseline -0.004 -12"><span class='ocrx_word' id='word_1_131' title='bbox 247 1168 422 1210; x_wconf 84' lang='grc' dir='ltr'>δαπάνας</span> <span class='ocrx_word' id='word_1_132' title='bbox 451 1170 520 1210; x_wconf 80' lang='grc' dir='ltr'>τὰς</span> <span class='ocrx_word' id='word_1_133' title='bbox 549 1171 627 1209; x_wconf 90' lang='grc' dir='ltr'>τῶν</span> <span class='ocrx_word' id='word_1_134' title='bbox 657 1167 1021 1220; x_wconf 88' lang='grc' dir='ltr'>στρατευσαμένων,</span> <span class='ocrx_word' id='word_1_135' title='bbox 1052 1165 1213 1217; x_wconf 87' lang='grc' dir='ltr'>μάταιαι</span> <span class='ocrx_word' id='word_1_136' title='bbox 1241 1168 1283 1206; x_wconf 83' lang='grc' dir='ltr'>δὲ</span> <span class='ocrx_word' id='word_1_137' title='bbox 1313 1165 1375 1205; x_wconf 89' lang='grc' dir='ltr'>καὶ</span> <span class='ocrx_word' id='word_1_138' title='bbox 1405 1166 1444 1205; x_wconf 81' lang='grc' dir='ltr'>αἱ</span> <span class='ocrx_word' id='word_1_139' title='bbox 1475 1165 1572 1204; x_wconf 81' lang='grc' dir='ltr'>κατὰ</span> <span class='ocrx_word' id='word_1_140' title='bbox 1595 1183 1632 1215; x_wconf 87' lang='lat'>15</span> 
     </span>
     <span class='ocr_line' id='line_1_21' title="bbox 247 1231 1570 1286; baseline -0.002 -11"><span class='ocrx_word' id='word_1_141' title='bbox 247 1236 445 1286; x_wconf 80' lang='grc' dir='ltr'>Θηβαίων</span> <span class='ocrx_word' id='word_1_142' title='bbox 465 1236 637 1277; x_wconf 82' lang='grc' dir='ltr'>ἐλπίδες.</span> <span class='ocrx_word' id='word_1_143' title='bbox 696 1234 716 1274; x_wconf 84' lang='grc' dir='ltr'><strong><em>ὃ</em></strong></span> <span class='ocrx_word' id='word_1_144' title='bbox 743 1234 795 1280; x_wconf 87' lang='grc' dir='ltr'>δέ,</span> <span class='ocrx_word' id='word_1_145' title='bbox 818 1237 981 1275; x_wconf 84' lang='grc' dir='ltr'>πολλῶν</span> <span class='ocrx_word' id='word_1_146' title='bbox 1000 1235 1125 1273; x_wconf 85' lang='grc' dir='ltr'>ὄντων</span> <span class='ocrx_word' id='word_1_147' title='bbox 1144 1233 1206 1272; x_wconf 89' lang='grc' dir='ltr'>καὶ</span> <span class='ocrx_word' id='word_1_148' title='bbox 1226 1235 1362 1272; x_wconf 90' lang='grc' dir='ltr'>δεινῶν</span> <span class='ocrx_word' id='word_1_149' title='bbox 1381 1232 1436 1271; x_wconf 82' lang='grc' dir='ltr'>ὧν</span> <span class='ocrx_word' id='word_1_150' title='bbox 1456 1231 1570 1273; x_wconf 78' lang='grc' dir='ltr'>οὗτος</span> 
     </span>
     <span class='ocr_line' id='line_1_22' title="bbox 245 1298 1572 1356; baseline -0.004 -14"><span class='ocrx_word' id='word_1_151' title='bbox 245 1302 462 1353; x_wconf 84' lang='grc' dir='ltr'>ὑπηρέτηκε</span> <span class='ocrx_word' id='word_1_152' title='bbox 492 1303 693 1356; x_wconf 81' lang='grc' dir='ltr'>Φιλίππῳ,</span> <span class='ocrx_word' id='word_1_153' title='bbox 725 1301 918 1351; x_wconf 88' lang='grc' dir='ltr'>πλείστην</span> <span class='ocrx_word' id='word_1_154' title='bbox 948 1302 1064 1352; x_wconf 80' lang='grc' dir='ltr'>ὕβριν</span> <span class='ocrx_word' id='word_1_155' title='bbox 1095 1299 1146 1341; x_wconf 87' lang='grc' dir='ltr'>ὡς</span> <span class='ocrx_word' id='word_1_156' title='bbox 1174 1299 1331 1349; x_wconf 84' lang='grc' dir='ltr'>ἀληθῶς</span> <span class='ocrx_word' id='word_1_157' title='bbox 1360 1298 1444 1351; x_wconf 86' lang='grc' dir='ltr'>ἔχει</span> <span class='ocrx_word' id='word_1_158' title='bbox 1476 1299 1572 1338; x_wconf 80' lang='grc' dir='ltr'>κατὰ</span> 
     </span>
     <span class='ocr_line' id='line_1_23' title="bbox 245 1364 1572 1419; baseline -0.002 -11"><span class='ocrx_word' id='word_1_159' title='bbox 245 1370 313 1419; x_wconf 81' lang='grc' dir='ltr'>τῆς</span> <span class='ocrx_word' id='word_1_160' title='bbox 338 1369 493 1411; x_wconf 91' lang='grc' dir='ltr'>πόλεως</span> <span class='ocrx_word' id='word_1_161' title='bbox 519 1369 581 1408; x_wconf 89' lang='grc' dir='ltr'>καὶ</span> <span class='ocrx_word' id='word_1_162' title='bbox 606 1367 790 1409; x_wconf 82' lang='grc' dir='ltr'>ἁπάντων</span> <span class='ocrx_word' id='word_1_163' title='bbox 814 1368 933 1418; x_wconf 89' lang='grc' dir='ltr'>ὑμῶν,</span> <span class='ocrx_word' id='word_1_164' title='bbox 959 1366 1060 1407; x_wconf 83' lang='grc' dir='ltr'>τοῦτ’</span> <span class='ocrx_word' id='word_1_165' title='bbox 1080 1364 1275 1406; x_wconf 86' lang='grc' dir='ltr'>ἀκούσατέ</span> <span class='ocrx_word' id='word_1_166' title='bbox 1299 1381 1385 1416; x_wconf 89' lang='grc' dir='ltr'>μου,</span> <span class='ocrx_word' id='word_1_167' title='bbox 1407 1365 1466 1405; x_wconf 86' lang='grc' dir='ltr'>ὅτι</span> <span class='ocrx_word' id='word_1_168' title='bbox 1490 1368 1572 1406; x_wconf 81' lang='grc' dir='ltr'>τοῖς</span> 
     </span>
     <span class='ocr_line' id='line_1_24' title="bbox 247 1431 1572 1488; baseline -0.003 -13"><span class='ocrx_word' id='word_1_169' title='bbox 247 1436 445 1486; x_wconf 77' lang='grc' dir='ltr'>Θηβαίοις</span> <span class='ocrx_word' id='word_1_170' title='bbox 465 1436 683 1488; x_wconf 84' lang='grc' dir='ltr'>ἐγνωκότος</span> <span class='ocrx_word' id='word_1_171' title='bbox 703 1434 749 1485; x_wconf 80' lang='grc' dir='ltr'>ἐξ</span> <span class='ocrx_word' id='word_1_172' title='bbox 765 1436 889 1487; x_wconf 86' lang='grc' dir='ltr'>ἀρχῆς</span> <span class='ocrx_word' id='word_1_173' title='bbox 907 1437 975 1474; x_wconf 79' lang='grc' dir='ltr'>τοῦ</span> <span class='ocrx_word' id='word_1_174' title='bbox 992 1434 1195 1474; x_wconf 88' lang='grc' dir='ltr'>Φιλίππου</span> <span class='ocrx_word' id='word_1_175' title='bbox 1211 1431 1325 1473; x_wconf 87' lang='grc' dir='ltr'>πάνθ’</span> <span class='ocrx_word' id='word_1_176' title='bbox 1343 1432 1367 1472; x_wconf 77' lang='grc' dir='ltr'><strong><em>ἃ</em></strong></span> <span class='ocrx_word' id='word_1_177' title='bbox 1383 1431 1572 1481; x_wconf 85' lang='grc' dir='ltr'>πεποίηκε</span> 
     </span>
     <span class='ocr_line' id='line_1_25' title="bbox 246 1496 1632 1554; baseline -0.004 -12"><span class='ocrx_word' id='word_1_178' title='bbox 246 1506 386 1548; x_wconf 82' lang='grc' dir='ltr'>ποιεῖν,</span> <span class='ocrx_word' id='word_1_179' title='bbox 418 1502 529 1544; x_wconf 79' lang='grc' dir='ltr'>οὗτος</span> <span class='ocrx_word' id='word_1_180' title='bbox 562 1503 808 1554; x_wconf 81' lang='grc' dir='ltr'>ἀπαγγείλας</span> <span class='ocrx_word' id='word_1_181' title='bbox 837 1501 1024 1540; x_wconf 82' lang='grc' dir='ltr'>τάναντία</span> <span class='ocrx_word' id='word_1_182' title='bbox 1055 1501 1117 1540; x_wconf 85' lang='grc' dir='ltr'>καὶ</span> <span class='ocrx_word' id='word_1_183' title='bbox 1148 1498 1345 1551; x_wconf 82' lang='grc' dir='ltr'>φανεροὺς</span> <span class='ocrx_word' id='word_1_184' title='bbox 1375 1496 1572 1547; x_wconf 79' lang='grc' dir='ltr'>ἐπιδείξας</span> <span class='ocrx_word' id='word_1_185' title='bbox 1593 1515 1632 1537; x_wconf 90' lang='lat'>20</span> 
     </span>
     <span class='ocr_line' id='line_1_26' title="bbox 244 1564 1567 1622; baseline -0.005 -14"><span class='ocrx_word' id='word_1_186' title='bbox 244 1570 342 1619; x_wconf 79' lang='grc' dir='ltr'>ὑμᾶς</span> <span class='ocrx_word' id='word_1_187' title='bbox 366 1569 455 1622; x_wconf 84' lang='grc' dir='ltr'>οὐχὶ</span> <span class='ocrx_word' id='word_1_188' title='bbox 480 1567 763 1619; x_wconf 79' lang='grc' dir='ltr'>βουλομένους,</span> <span class='ocrx_word' id='word_1_189' title='bbox 791 1568 880 1617; x_wconf 82' lang='grc' dir='ltr'>ὑμῖν</span> <span class='ocrx_word' id='word_1_190' title='bbox 904 1569 976 1617; x_wconf 82' lang='grc' dir='ltr'>μὲν</span> <span class='ocrx_word' id='word_1_191' title='bbox 1001 1566 1072 1615; x_wconf 81' lang='grc' dir='ltr'>τὴν</span> <span class='ocrx_word' id='word_1_192' title='bbox 1098 1566 1244 1618; x_wconf 83' lang='grc' dir='ltr'>ἔχθραν</span> <span class='ocrx_word' id='word_1_193' title='bbox 1269 1564 1340 1614; x_wconf 77' lang='grc' dir='ltr'>τὴν</span> <span class='ocrx_word' id='word_1_194' title='bbox 1366 1564 1463 1615; x_wconf 86' lang='grc' dir='ltr'>πρὸς</span> <span class='ocrx_word' id='word_1_195' title='bbox 1483 1567 1567 1613; x_wconf 89' lang='grc' dir='ltr'>Θη-</span> 
     </span>
     <span class='ocr_line' id='line_1_27' title="bbox 244 1630 1571 1688; baseline -0.004 -13"><span class='ocrx_word' id='word_1_196' title='bbox 244 1635 385 1686; x_wconf 79' lang='grc' dir='ltr'>βαίους</span> <span class='ocrx_word' id='word_1_197' title='bbox 403 1636 533 1686; x_wconf 79' lang='grc' dir='ltr'>μείζω,</span> <span class='ocrx_word' id='word_1_198' title='bbox 553 1635 740 1688; x_wconf 77' lang='grc' dir='ltr'>Φιλίππῳ</span> <span class='ocrx_word' id='word_1_199' title='bbox 761 1636 802 1674; x_wconf 81' lang='grc' dir='ltr'>δὲ</span> <span class='ocrx_word' id='word_1_200' title='bbox 821 1633 891 1683; x_wconf 75' lang='grc' dir='ltr'>τὴν</span> <span class='ocrx_word' id='word_1_201' title='bbox 912 1632 1028 1686; x_wconf 87' lang='grc' dir='ltr'>χάριν</span> <span class='ocrx_word' id='word_1_202' title='bbox 1047 1633 1274 1682; x_wconf 89' lang='grc' dir='ltr'>πεποίηκεν.</span> <span class='ocrx_word' id='word_1_203' title='bbox 1333 1634 1415 1672; x_wconf 88' lang='grc' dir='ltr'>πῶς</span> <span class='ocrx_word' id='word_1_204' title='bbox 1434 1630 1483 1671; x_wconf 80' lang='grc' dir='ltr'>ἂν</span> <span class='ocrx_word' id='word_1_205' title='bbox 1503 1630 1571 1670; x_wconf 71' lang='grc' dir='ltr'>οὖν</span> 
     </span>
     <span class='ocr_line' id='line_1_28' title="bbox 244 1698 1163 1754; baseline -0.003 -13"><span class='ocrx_word' id='word_1_206' title='bbox 244 1702 577 1754; x_wconf 80' lang='grc' dir='ltr'>ὑβριστικώτερον</span> <span class='ocrx_word' id='word_1_207' title='bbox 601 1700 804 1752; x_wconf 82' lang='grc' dir='ltr'>ἄνθρωπος</span> <span class='ocrx_word' id='word_1_208' title='bbox 827 1701 917 1750; x_wconf 84' lang='grc' dir='ltr'>ὑμῖν</span> <span class='ocrx_word' id='word_1_209' title='bbox 942 1698 1163 1752; x_wconf 82' lang='grc' dir='ltr'>ἐχρήσατο;</span> 
     </span>
    </p>

    <p class='ocr_par' dir='ltr' id='par_1_6' title="bbox 245 1762 1631 2155">
     <span class='ocr_line' id='line_1_29' title="bbox 312 1762 1571 1820; baseline -0.003 -13"><span class='ocrx_word' id='word_1_210' title='bbox 312 1768 416 1820; x_wconf 86' lang='grc' dir='ltr'>Λέγε</span> <span class='ocrx_word' id='word_1_211' title='bbox 449 1768 494 1818; x_wconf 76' lang='grc' dir='ltr'>δὴ</span> <span class='ocrx_word' id='word_1_212' title='bbox 523 1768 568 1807; x_wconf 86' lang='grc' dir='ltr'>τὸ</span> <span class='ocrx_word' id='word_1_213' title='bbox 596 1766 793 1820; x_wconf 81' lang='grc' dir='ltr'>ψήφισμα</span> <span class='ocrx_word' id='word_1_214' title='bbox 824 1767 967 1816; x_wconf 77' lang='grc' dir='ltr'>λαβὼν</span> <span class='ocrx_word' id='word_1_215' title='bbox 996 1766 1040 1806; x_wconf 87' lang='grc' dir='ltr'>τὸ</span> <span class='ocrx_word' id='word_1_216' title='bbox 1073 1769 1141 1805; x_wconf 78' lang='grc' dir='ltr'>τοῦ</span> <span class='ocrx_word' id='word_1_217' title='bbox 1177 1763 1406 1816; x_wconf 81' lang='grc' dir='ltr'>Διοφάντου</span> <span class='ocrx_word' id='word_1_218' title='bbox 1437 1763 1498 1803; x_wconf 90' lang='grc' dir='ltr'>καὶ</span> <span class='ocrx_word' id='word_1_219' title='bbox 1527 1762 1571 1803; x_wconf 84' lang='grc' dir='ltr'>τὸ</span> 
     </span>
     <span class='ocr_line' id='line_1_30' title="bbox 245 1830 1631 1883; baseline -0.004 -9"><span class='ocrx_word' id='word_1_220' title='bbox 245 1838 312 1875; x_wconf 77' lang='grc' dir='ltr'>τοῦ</span> <span class='ocrx_word' id='word_1_221' title='bbox 340 1834 649 1880; x_wconf 86' lang='grc' dir='ltr'>Καλλισθένους,</span> <span class='ocrx_word' id='word_1_222' title='bbox 671 1834 719 1874; x_wconf 85' lang='grc' dir='ltr'>ἵν’</span> <span class='ocrx_word' id='word_1_223' title='bbox 746 1832 864 1883; x_wconf 80' lang='grc' dir='ltr'>εἰδῆθ’</span> <span class='ocrx_word' id='word_1_224' title='bbox 890 1834 962 1878; x_wconf 85' lang='grc' dir='ltr'>ὅτι,</span> <span class='ocrx_word' id='word_1_225' title='bbox 984 1833 1049 1873; x_wconf 85' lang='grc' dir='ltr'>ὅτε</span> <span class='ocrx_word' id='word_1_226' title='bbox 1074 1835 1145 1883; x_wconf 77' lang='grc' dir='ltr'>μὲν</span> <span class='ocrx_word' id='word_1_227' title='bbox 1170 1833 1218 1871; x_wconf 77' lang='grc' dir='ltr'>τὰ</span> <span class='ocrx_word' id='word_1_228' title='bbox 1244 1830 1369 1872; x_wconf 86' lang='grc' dir='ltr'>δέοντ’</span> <span class='ocrx_word' id='word_1_229' title='bbox 1390 1832 1569 1876; x_wconf 84' lang='grc' dir='ltr'>ἐποιεῖτε,</span> <span class='ocrx_word' id='word_1_230' title='bbox 1593 1848 1631 1880; x_wconf 86' lang='lat'>²5</span> 
     </span>
     <span class='ocr_line' id='line_1_31' title="bbox 246 1898 1571 1951; baseline -0.002 -10"><span class='ocrx_word' id='word_1_231' title='bbox 246 1904 392 1942; x_wconf 80' lang='grc' dir='ltr'>θυσιῶν</span> <span class='ocrx_word' id='word_1_232' title='bbox 418 1902 479 1941; x_wconf 84' lang='grc' dir='ltr'>καὶ</span> <span class='ocrx_word' id='word_1_233' title='bbox 506 1902 675 1942; x_wconf 89' lang='grc' dir='ltr'>ἐπαίνων</span> <span class='ocrx_word' id='word_1_234' title='bbox 695 1900 881 1951; x_wconf 80' lang='grc' dir='ltr'>ἠξιοῦσθε</span> <span class='ocrx_word' id='word_1_235' title='bbox 906 1899 997 1951; x_wconf 90' lang='grc' dir='ltr'>παρ’</span> <span class='ocrx_word' id='word_1_236' title='bbox 1016 1900 1106 1949; x_wconf 83' lang='grc' dir='ltr'>ὑμῖν</span> <span class='ocrx_word' id='word_1_237' title='bbox 1126 1898 1256 1940; x_wconf 84' lang='grc' dir='ltr'>αὐτοῖς</span> <span class='ocrx_word' id='word_1_238' title='bbox 1282 1898 1344 1938; x_wconf 85' lang='grc' dir='ltr'>καὶ</span> <span class='ocrx_word' id='word_1_239' title='bbox 1361 1899 1466 1949; x_wconf 82' lang='grc' dir='ltr'>παρὰ</span> <span class='ocrx_word' id='word_1_240' title='bbox 1491 1901 1571 1938; x_wconf 83' lang='grc' dir='ltr'>τοῖς</span> 
     </span>
     <span class='ocr_line' id='line_1_32' title="bbox 245 1963 1571 2018; baseline -0.004 -11"><span class='ocrx_word' id='word_1_241' title='bbox 245 1967 396 2015; x_wconf 80' lang='grc' dir='ltr'>ἄλλοις,</span> <span class='ocrx_word' id='word_1_242' title='bbox 431 1968 564 2018; x_wconf 78' lang='grc' dir='ltr'>ἐπειδὴ</span> <span class='ocrx_word' id='word_1_243' title='bbox 601 1967 634 2008; x_wconf 85' lang='grc' dir='ltr'>δ’</span> <span class='ocrx_word' id='word_1_244' title='bbox 669 1967 745 2008; x_wconf 85' lang='grc' dir='ltr'>ὑπὸ</span> <span class='ocrx_word' id='word_1_245' title='bbox 781 1967 929 2007; x_wconf 87' lang='grc' dir='ltr'>τούτων</span> <span class='ocrx_word' id='word_1_246' title='bbox 965 1965 1295 2018; x_wconf 85' lang='grc' dir='ltr'>παρεκρούσθητε,</span> <span class='ocrx_word' id='word_1_247' title='bbox 1333 1967 1473 2006; x_wconf 86' lang='grc' dir='ltr'>παῖδας</span> <span class='ocrx_word' id='word_1_248' title='bbox 1509 1963 1571 2003; x_wconf 86' lang='grc' dir='ltr'>καὶ</span> 
     </span>
     <span class='ocr_line' id='line_1_33' title="bbox 245 2029 1571 2087; baseline -0.003 -12"><span class='ocrx_word' id='word_1_249' title='bbox 245 2039 431 2087; x_wconf 85' lang='grc' dir='ltr'>γυναῖκας</span> <span class='ocrx_word' id='word_1_250' title='bbox 451 2037 493 2076; x_wconf 89' lang='grc' dir='ltr'>ἐκ</span> <span class='ocrx_word' id='word_1_251' title='bbox 513 2038 589 2075; x_wconf 87' lang='grc' dir='ltr'>τῶν</span> <span class='ocrx_word' id='word_1_252' title='bbox 609 2036 741 2087; x_wconf 83' lang='grc' dir='ltr'>ἀγρῶν</span> <span class='ocrx_word' id='word_1_253' title='bbox 762 2034 1062 2084; x_wconf 82' lang='grc' dir='ltr'>κατεκομίζεσθε</span> <span class='ocrx_word' id='word_1_254' title='bbox 1089 2033 1149 2072; x_wconf 85' lang='grc' dir='ltr'>καὶ</span> <span class='ocrx_word' id='word_1_255' title='bbox 1169 2034 1217 2072; x_wconf 81' lang='grc' dir='ltr'>τὰ</span> <span class='ocrx_word' id='word_1_256' title='bbox 1235 2030 1440 2083; x_wconf 47' lang='grc' dir='ltr'>(Ηράκλεΐ</span> <span class='ocrx_word' id='word_1_257' title='bbox 1461 2029 1571 2071; x_wconf 85' lang='grc' dir='ltr'>ἐντὸς</span> 
     </span>
     <span class='ocr_line' id='line_1_34' title="bbox 245 2096 1568 2155; baseline -0.004 -14"><span class='ocrx_word' id='word_1_258' title='bbox 245 2103 401 2155; x_wconf 87' lang='grc' dir='ltr'>τείχους</span> <span class='ocrx_word' id='word_1_259' title='bbox 426 2102 530 2143; x_wconf 88' lang='grc' dir='ltr'>θύειν</span> <span class='ocrx_word' id='word_1_260' title='bbox 555 2102 819 2155; x_wconf 78' lang='grc' dir='ltr'>ἐψηφίζεσθε,</span> <span class='ocrx_word' id='word_1_261' title='bbox 847 2099 1000 2152; x_wconf 81' lang='grc' dir='ltr'>εἰρήνης</span> <span class='ocrx_word' id='word_1_262' title='bbox 1026 2100 1160 2149; x_wconf 81' lang='grc' dir='ltr'>οὔσης.</span> <span class='ocrx_word' id='word_1_263' title='bbox 1237 2098 1256 2139; x_wconf 84' lang='grc' dir='ltr'>’ὸ</span> <span class='ocrx_word' id='word_1_264' title='bbox 1282 2099 1344 2139; x_wconf 85' lang='grc' dir='ltr'>καὶ</span> <span class='ocrx_word' id='word_1_265' title='bbox 1373 2096 1568 2149; x_wconf 78' lang='grc' dir='ltr'>θαυμάζω,</span> 
     </span>
    </p>

    <p class='ocr_par' dir='ltr' id='par_1_7' title="bbox 248 2209 1568 2341">
     <span class='ocr_line' id='line_1_35' title="bbox 291 2209 1568 2254; baseline -0.005 -8"><span class='ocrx_word' id='word_1_266' title='bbox 291 2224 309 2253; x_wconf 89' lang='grc'><strong>7</strong></span> <span class='ocrx_word' id='word_1_267' title='bbox 333 2213 414 2254; x_wconf 84' lang='grc' dir='ltr'>μηδὲ</span> <span class='ocrx_word' id='word_1_268' title='bbox 431 2214 591 2252; x_wconf 82' lang='grc' dir='ltr'>Θηβαίους</span> <span class='ocrx_word' id='word_1_269' title='bbox 607 2212 686 2244; x_wconf 82' lang='lat' dir='ltr'><strong>secl.</strong></span> <span class='ocrx_word' id='word_1_270' title='bbox 702 2211 882 2249; x_wconf 78' lang='lat' dir='ltr'>Weidner,</span> <span class='ocrx_word' id='word_1_271' title='bbox 901 2211 940 2242; x_wconf 89' lang='lat' dir='ltr'>cf.</span> <span class='ocrx_word' id='word_1_272' title='bbox 961 2210 1064 2241; x_wconf 82' lang='lat' dir='ltr'>schol.</span> <span class='ocrx_word' id='word_1_273' title='bbox 1086 2221 1117 2250; x_wconf 85' lang='lat' dir='ltr'>p.</span> <span class='ocrx_word' id='word_1_274' title='bbox 1132 2211 1206 2249; x_wconf 83' lang='lat'>382,</span> <span class='ocrx_word' id='word_1_275' title='bbox 1220 2210 1242 2240; x_wconf 88' lang='lat'><strong>6</strong></span> <span class='ocrx_word' id='word_1_276' title='bbox 1334 2219 1372 2239; x_wconf 94' lang='lat'>10</span> <span class='ocrx_word' id='word_1_277' title='bbox 1395 2209 1568 2249; x_wconf 85' lang='grc' dir='ltr'>προήκασθ’</span> 
     </span>
     <span class='ocr_line' id='line_1_36' title="bbox 248 2252 1568 2299; baseline -0.004 -11"><span class='ocrx_word' id='word_1_278' title='bbox 248 2257 311 2288; x_wconf 84' lang='lat' dir='ltr'>SL</span> <span class='ocrx_word' id='word_1_279' title='bbox 338 2258 451 2296; x_wconf 82' lang='lat' dir='ltr'><strong>vulg.:</strong></span> <span class='ocrx_word' id='word_1_280' title='bbox 486 2257 635 2299; x_wconf 78' lang='grc' dir='ltr'>προήκαθ’</span> <span class='ocrx_word' id='word_1_281' title='bbox 664 2256 694 2287; x_wconf 92' lang='lat' dir='ltr'>O</span> <span class='ocrx_word' id='word_1_282' title='bbox 852 2265 889 2285; x_wconf 80' lang='lat'>12</span> <span class='ocrx_word' id='word_1_283' title='bbox 925 2254 1077 2295; x_wconf 85' lang='grc' dir='ltr'>πρότερον</span> <span class='ocrx_word' id='word_1_284' title='bbox 1107 2254 1169 2284; x_wconf 83' lang='lat' dir='ltr'>SL</span> <span class='ocrx_word' id='word_1_285' title='bbox 1196 2253 1283 2284; x_wconf 78' lang='lat' dir='ltr'>Soli:</span> <span class='ocrx_word' id='word_1_286' title='bbox 1317 2252 1455 2293; x_wconf 83' lang='grc' dir='ltr'>προτέρα</span> <span class='ocrx_word' id='word_1_287' title='bbox 1480 2253 1568 2291; x_wconf 74' lang='lat' dir='ltr'>vulg.</span> 
     </span>
     <span class='ocr_line' id='line_1_37' title="bbox 251 2295 1567 2341; baseline -0.006 -8"><span class='ocrx_word' id='word_1_288' title='bbox 251 2312 288 2340; x_wconf 85' lang='lat'>13</span> <span class='ocrx_word' id='word_1_289' title='bbox 314 2300 374 2341; x_wconf 82' lang='grc' dir='ltr'>εἷς]</span> <span class='ocrx_word' id='word_1_290' title='bbox 393 2302 411 2339; x_wconf 83' lang='grc' dir='ltr'>ἡ</span> <span class='ocrx_word' id='word_1_291' title='bbox 429 2302 473 2333; x_wconf 82' lang='grc' dir='ltr'>εἷς</span> <span class='ocrx_word' id='word_1_292' title='bbox 489 2301 520 2331; x_wconf 88' lang='grc' dir='ltr'><strong>Α</strong></span> <span class='ocrx_word' id='word_1_293' title='bbox 642 2310 679 2338; x_wconf 82' lang='lat'>14</span> <span class='ocrx_word' id='word_1_294' title='bbox 704 2299 967 2341; x_wconf 71' lang='grc' dir='ltr'>προσλογίσησθε</span> <span class='ocrx_word' id='word_1_295' title='bbox 986 2298 1095 2327; x_wconf 75' lang='lat' dir='ltr'>Cobet</span> <span class='ocrx_word' id='word_1_296' title='bbox 1218 2307 1255 2334; x_wconf 89' lang='lat'>19</span> <span class='ocrx_word' id='word_1_297' title='bbox 1280 2296 1299 2328; x_wconf 79' lang='grc' dir='ltr'>ἃ</span> <span class='ocrx_word' id='word_1_298' title='bbox 1314 2296 1467 2333; x_wconf 81' lang='grc' dir='ltr'>πεποίηκε</span> <span class='ocrx_word' id='word_1_299' title='bbox 1486 2295 1567 2326; x_wconf 83' lang='lat' dir='ltr'>SA:</span> 
     </span>
    </p>
   </div>
   <div class='ocr_carea' id='block_1_6' title="bbox 246 2337 1568 2428">
    <p class='ocr_par' dir='ltr' id='par_1_8' title="bbox 246 2337 1568 2428">
     <span class='ocr_line' id='line_1_38' title="bbox 247 2337 1568 2387; baseline -0.007 -11"><span class='ocrx_word' id='word_1_300' title='bbox 247 2346 326 2386; x_wconf 81' lang='grc' dir='ltr'>ἅπερ</span> <span class='ocrx_word' id='word_1_301' title='bbox 342 2344 504 2387; x_wconf 75' lang='grc' dir='ltr'>προῄρητο</span> <span class='ocrx_word' id='word_1_302' title='bbox 523 2345 548 2374; x_wconf 92' lang='lat' dir='ltr'>L</span> <span class='ocrx_word' id='word_1_303' title='bbox 564 2344 651 2383; x_wconf 87' lang='lat' dir='ltr'><strong>vulg.</strong></span> <span class='ocrx_word' id='word_1_304' title='bbox 781 2352 822 2372; x_wconf 85' lang='lat'>20</span> <span class='ocrx_word' id='word_1_305' title='bbox 846 2345 986 2383; x_wconf 84' lang='grc' dir='ltr'>φανερῶς</span> <span class='ocrx_word' id='word_1_306' title='bbox 1003 2341 1111 2371; x_wconf 86' lang='lat' dir='ltr'>Cobet</span> <span class='ocrx_word' id='word_1_307' title='bbox 1237 2350 1276 2369; x_wconf 84' lang='lat'>22</span> <span class='ocrx_word' id='word_1_308' title='bbox 1302 2339 1355 2371; x_wconf 74' lang='grc' dir='ltr'>οὖν</span> <span class='ocrx_word' id='word_1_309' title='bbox 1372 2349 1435 2369; x_wconf 86' lang='lat' dir='ltr'>orn.</span> <span class='ocrx_word' id='word_1_310' title='bbox 1457 2337 1488 2368; x_wconf 83' lang='lat' dir='ltr'><strong>A</strong></span> <span class='ocrx_word' id='word_1_311' title='bbox 1502 2338 1568 2376; x_wconf 80' lang='lat' dir='ltr'>FQ</span> 
     </span>
     <span class='ocr_line' id='line_1_39' title="bbox 246 2384 1193 2428; baseline -0.005 -9"><span class='ocrx_word' id='word_1_312' title='bbox 246 2389 288 2419; x_wconf 83' lang='lat'>28</span> <span class='ocrx_word' id='word_1_313' title='bbox 312 2387 560 2428; x_wconf 69' lang='grc' dir='ltr'>κατεκομίζεσθε</span> <span class='ocrx_word' id='word_1_314' title='bbox 579 2388 602 2418; x_wconf 86' lang='lat' dir='ltr'>S</span> <span class='ocrx_word' id='word_1_315' title='bbox 617 2386 705 2417; x_wconf 81' lang='lat' dir='ltr'>LY:</span> <span class='ocrx_word' id='word_1_316' title='bbox 730 2384 956 2425; x_wconf 78' lang='grc' dir='ltr'>κατεκομίζετε</span> <span class='ocrx_word' id='word_1_317' title='bbox 974 2384 1015 2423; x_wconf 87' lang='lat' dir='ltr'>A,</span> <span class='ocrx_word' id='word_1_318' title='bbox 1034 2384 1075 2415; x_wconf 86' lang='lat' dir='ltr'>cf.</span> <span class='ocrx_word' id='word_1_319' title='bbox 1096 2387 1111 2421; x_wconf 74' lang='grc' dir='ltr'><strong>ξ</strong></span> <span class='ocrx_word' id='word_1_320' title='bbox 1135 2392 1193 2422; x_wconf 83' lang='lat'>125</span> 
     </span>
    </p>
   </div>
  </div>
 </body>
</html>
