1747 2844
163 131 251 185 xnc]
377 135 520 173 ΠΕΡΙ
569 135 693 173 ΤΗΣ
740 135 1266 173 ΠΑΡΑΠΡΕΣΒΕΙΑΣ

161 230 405 282 Ἀμφίπολιν,
422 231 538 270 οὖσαν
554 234 674 281 κτῆμα
693 234 758 280 τῆς
775 232 929 272 πόλεως·
962 231 1020 268 καὶ
1040 231 1085 280 ἢν
1103 231 1162 268 ὑπ’
1182 230 1388 272 Ὀλυνθίοις
1409 232 1487 270 καθ’

161 286 203 324 ὃν
236 286 361 335 καιρὸν
395 287 614 335 ἀπέστησαν
648 286 707 323 καὶ
742 287 776 323 οἷ
809 287 1012 335 σύμμαχοι.
1086 286 1318 334 συνειστήκει
1353 286 1390 324 δὲ
1430 287 1489 324 καὶ

162 340 282 389 ἕτερος
309 343 476 378 Φωκεῦσι
504 341 595 389 πρὸς
622 339 830 379 Θετταλοὺς
859 339 918 377 καὶ
947 339 1149 387 Θηβαίους,
1174 342 1282 377 τοῦτο
1310 342 1378 390 μὲν
1405 341 1489 390 περὶ

160 397 226 432 τοῦ
247 396 342 443 ἱεροῦ
367 397 431 431 τοῦ
459 394 582 432 Πυθοῖ
604 395 694 442 πρὸς
714 394 933 437 Θετταλούς,
955 396 1063 431 τοῦτο
1091 392 1120 431 δ’
1145 394 1236 442 ὑπὲρ
1263 392 1489 444 Ὀρχομενοῦ

124 463 141 494 5
163 449 222 486 καὶ
243 449 449 497 Κορωνείας
471 449 562 497 πρὸς
581 448 664 487 τοὺς
684 448 883 496 Θηβαίους·
917 447 1071 496 εὔδηλον
1090 448 1161 499 γὰρ
1182 450 1220 485 ἐκ
1240 450 1304 496 τῆς
1325 449 1489 498 ἱστορίας

161 502 217 540 ὅτι
261 505 333 540 τῶν
369 503 436 552 μὲν
473 502 692 551 παρείλοντο
729 503 795 541 τὰς
833 501 897 539 δύο
934 502 1062 541 πόλεις
1102 502 1317 553 γειτνιώσας
1355 504 1486 547 αὐτοῖς,

162 556 369 596 Θετταλοὺς
406 556 443 594 δὲ
479 556 740 605 παρωσάμενοι
776 556 844 604 τὴν
881 554 1182 604 Ἀμφικτυονίαν,
1222 555 1277 594 ἅτ’
1315 559 1352 594 ἐν
1388 557 1488 608 μέσῃ

161 611 295 648 Φωκίδι
332 613 404 648 τῶν
442 613 479 648 ἐν
518 612 684 658 Δελφοῖς
725 610 827 658 ἱερῶν
867 609 1073 659 ἱδρυμένων.
1132 610 1255 658 ἐπειδὴ
1294 610 1332 648 δὲ
1369 611 1489 649 πολὺν

161 665 295 716 χρόνον
323 665 562 713 ἐπολέμησαν
590 665 680 713 πρὸς
714 664 862 704 ἑαυτοὺς
895 663 1084 713 Ἀθηναῖοι
1120 665 1179 702 καὶ
1212 665 1406 712 Φίλιππος,
1438 669 1488 716 τῷ

105 737 143 759 10
160 719 280 770 χρόνῳ
312 718 380 766 τὴν
414 719 559 768 εἰρήνην
592 719 754 767 ἑκάτεροι
789 721 905 756 ποιεῖν
941 720 1156 767 ἐβούλοντο,
1195 718 1280 756 ἀλλ’
1315 720 1488 769 ὁπότερος

159 775 275 811 ταῦτα
299 773 571 821 προβάλλοιτο,
596 773 777 823 αἰσχύνην
802 774 899 823 ἔχειν
923 773 1098 822 ἐνόμιζον.
1156 772 1424 823 Ἀριστόδημος
1450 774 1487 812 δὲ

162 827 221 864 καὶ
242 827 506 877 Νεοπτόλεμος
528 827 719 876 ὑποκριταὶ
745 827 946 878 τραγῳδίας
971 829 1181 879 ἐτύγχανον·
1213 827 1312 865 οὗτοι
1338 828 1396 866 διὰ
1421 828 1488 876 τὴν

161 881 297 919 οἰκείαν
314 882 448 932 τέχνην
468 881 590 919 ἄδειαν
610 880 710 931 εἶχον
731 882 874 919 ἀπιέναι
901 881 987 919 ὅποι
1009 881 1053 919 ἂν
1071 883 1293 931 βούλωνται,
1318 884 1420 920 ἀλλὰ
1443 883 1487 932 δὴ

162 935 221 973 καὶ
245 936 336 985 πρὸς
361 936 572 985 πολεμίους.
630 935 853 975 ἀπελθόντες
880 935 943 974 οὖν
966 935 1065 974 οὗτοι
1092 938 1141 976 εἷς
1166 937 1233 985 τὴν
1256 936 1488 975 Μακεδονίαν

104 1002 140 1034 15
162 989 390 1035 ἐπεδείξαντο
423 990 489 1038 τὴν
524 990 658 1027 οἰκείαν
691 990 834 1040 τέχνην,
870 990 929 1027 καὶ
961 991 1053 1027 οὕτω
1087 991 1325 1040 φιλοφρόνως
1358 991 1488 1031 αὐτοὺς

162 1043 309 1090 ἐδέξατο
342 1044 536 1092 Φίλιππος,
573 1045 667 1082 ὥστε
701 1044 792 1093 πρὸς
824 1046 900 1084 τοῖς
934 1045 1064 1084 ἄλλοις
1095 1045 1263 1095 χρήμασι
1297 1045 1356 1083 καὶ
1387 1046 1487 1083 ἅλλα

162 1100 201 1135 ἐκ
237 1101 309 1136 τῶν
346 1098 485 1136 οἰκείων
520 1101 695 1149 παρεῖχεν
733 1099 865 1138 αὐτοῖς.
941 1098 1159 1148 αἰσθόμενος
1198 1098 1236 1137 δὲ
1272 1099 1487 1149 μελλόντων

160 1152 441 1202 πρεσβεύεσθαι
468 1153 558 1201 πρὸς
587 1153 698 1191 αὐτὸν
724 1153 878 1190 Φωκέων
902 1153 962 1191 καὶ
990 1156 1185 1191 Θετταλῶν
1209 1153 1268 1191 καὶ
1296 1154 1483 1202 Θηβαίων,

161 1206 353 1256 ἐβουλήθη
372 1206 457 1246 τοὺς
475 1205 691 1255 Ἀθηναίους
711 1207 952 1255 ἐξαπατῆσαι.
1011 1207 1070 1244 καὶ
1094 1208 1227 1256 ταύτης
1251 1209 1316 1256 τῆς
1340 1209 1487 1258 προφά-

103 1275 142 1296 20
161 1277 254 1300 σεως
280 1260 503 1310 δραξάμενος
528 1262 723 1305 Φίλιππος,
745 1262 918 1299 ἀπολύων
939 1261 1211 1311 Ἀριστόδημον
1235 1262 1293 1299 καὶ
1321 1263 1487 1300 Νεοπτό-

160 1317 276 1364 λεμον
291 1316 417 1366 ἔλεγεν
436 1317 557 1355 αὐτοῖς
577 1315 632 1353 ὅτι
652 1315 765 1363 φίλος
785 1315 857 1365 εἰμὶ
875 1313 1094 1364 Ἀθηναίοις.
1152 1316 1295 1365 συνέβη
1316 1316 1353 1354 δὲ
1372 1318 1488 1355 πάλιν

160 1385 195 1407 τι
220 1371 386 1407 τοιοῦτον
403 1369 589 1420 γενέσθαι.
646 1369 796 1418 Φρύνων
814 1385 868 1409 τις
887 1368 1081 1418 Ἀθηναῖος
1101 1371 1216 1408 ἀπιὼν
1234 1369 1488 1420 Ὀλυμπίασιν

161 1423 430 1474 ἀγωνισάμενος
453 1422 476 1472 ἢ
497 1423 730 1472 θεασόμενος,
755 1423 937 1473 ἐκρατήθη
956 1424 1027 1461 ὑπό
1047 1441 1153 1462 τινων
1173 1427 1404 1474 στρατιωτῶν
1423 1428 1487 1462 τοῦ

160 1477 348 1514 Φιλίππου
369 1480 407 1514 ἐν
427 1477 613 1527 ἱερομηνίᾳ
634 1477 693 1514 καὶ
713 1477 884 1527 ἀφῃρέθη
904 1478 1025 1515 πάντα
1047 1479 1092 1516 τὰ
1112 1479 1233 1516 αὑτοῦ.
1291 1479 1350 1516 καὶ
1370 1479 1488 1517 ἐλθὼν

101 1548 116 1569 2
123 1547 139 1579 5
161 1533 209 1571 εἷς
228 1530 385 1580 Ἀθήνας
403 1533 604 1580 παρεκάλει
621 1531 706 1572 τοὺς
725 1530 952 1580 Ἀθηναίους,
971 1532 1027 1570 ἵνα
1045 1533 1358 1582 χειροτονήσωσιν
1378 1534 1488 1571 αὐτὸν

159 1586 405 1635 πρεσβευτήν,
426 1585 523 1626 ὅπως
548 1585 721 1624 ἀπελθὼν
739 1587 830 1635 πρὸς
850 1585 1038 1624 Φίλιππον
1057 1587 1162 1637 λάβῃ
1187 1588 1280 1637 ἅπερ
1303 1588 1484 1637 ἀφῃρέθη·

161 1640 220 1677 καὶ
245 1639 456 1680 πεισθέντες
481 1639 670 1689 Ἀθηναῖοι
697 1641 980 1691 ἐχειροτόνησαν
999 1641 1109 1679 αὐτὸν
1133 1641 1192 1679 καὶ
1220 1644 1485 1691 Κτησιφῶντα.

161 1694 220 1731 καὶ
245 1693 427 1732 ἐλθόντων
449 1696 566 1733 αὐτῶν
590 1697 639 1735 εἷς
658 1695 902 1739 Μακεδονίαν,
924 1696 1165 1745 φιλοφρόνως
1188 1696 1317 1736 αὐτοὺς
1341 1696 1487 1742 ἐδέξατο

160 1749 180 1785 ὅ
199 1749 397 1793 Φίλιππος,
411 1749 506 1786 ὥστε
527 1749 586 1786 καὶ
604 1750 649 1787 τὰ
670 1749 915 1798 ἀφαιρεθέντα
935 1750 1006 1787 ὑπὸ
1028 1753 1100 1788 τῶν
1120 1754 1352 1800 στρατιωτῶν
1366 1752 1486 1789 πάντα

100 1818 142 1848 30
161 1802 360 1840 ἀποδοῦναι
389 1804 484 1853 αὐτῷ
515 1803 575 1840 καὶ
599 1805 638 1840 ἐκ
663 1806 735 1841 τῶν
759 1803 898 1841 οἰκείων
919 1805 1021 1841 ἅλλα
1045 1805 1240 1850 ἐπιδοῦναι,
1263 1805 1322 1843 καὶ
1349 1807 1486 1843 ἀπολο-

159 1856 307 1907 γεῖσθαι
345 1856 401 1894 ὅτι
437 1857 595 1908 ἠγνόουν
628 1858 662 1895 οἱ
695 1861 916 1907 στρατιῶται
950 1857 1005 1896 ὅτι
1045 1860 1232 1908 ἱερομηνία
1266 1860 1355 1897 ἐστί.
1428 1860 1486 1897 καὶ

158 1911 300 1951 τούτοις
331 1911 447 1949 πάλιν
481 1912 613 1961 ὁμοίως
646 1913 774 1964 ἔλεγεν
806 1914 852 1953 ὡς
886 1913 998 1960 φίλος
1033 1914 1105 1963 εἰμὶ
1138 1912 1357 1963 Ἀθηναίοις.
1428 1914 1487 1952 καὶ

161 1964 329 2005 ἐλθόντες
366 1967 415 2005 εἷς
451 1965 519 2014 τὴν
551 1964 724 2015 Ἀττικὴν
756 1967 802 2005 τὰ
836 1968 928 2005 αὐτὰ
959 1970 1035 2007 τοῖς
1073 1968 1203 2007 ἄλλοις
1243 1969 1485 2019 ἀπήγγειλαν.

1517 137 1630 192 [334]

1518 621 1537 646 2

1519 767 1633 822 [335]

1518 1332 1538 1366 3

159 2021 273 2057 ταῦτα
299 2020 523 2060 ἀκούσαντες
549 2018 739 2069 Ἀθηναῖοι
767 2021 971 2069 ἐβούλοντο
997 2021 1129 2071 μαθεῖν
1154 2024 1183 2059 εἶ
1208 2020 1286 2071 μετ’
1313 2022 1488 2071 ἀληθείας
1515 2033 1538 2067 4

100 2085 139 2117 35
161 2074 304 2123 εἰρήνην
338 2074 439 2126 ἄγειν
471 2075 652 2123 βούλεται
685 2075 883 2115 Φίλιππος.
943 2076 1001 2113 καὶ
1036 2076 1079 2124 δὴ
1113 2079 1366 2127 χειροτονοῦσι
1401 2076 1486 2114 δέκα

159 2129 350 2177 πρέσβεις.
409 2128 481 2165 εἶσὶ
511 2127 540 2166 δ’
569 2128 668 2167 οὗτοι
698 2132 918 2178 Κτησιφῶν,
948 2129 1227 2180 Ἀριστόδημος,
1261 2130 1485 2180 Ἰατροκλῆς,

161 2183 301 2232 Κίμων,
336 2184 567 2231 Ναυσικλῆς,
598 2184 796 2232 Δερκύλος,
830 2184 989 2233 Φρύνων,
1019 2186 1262 2234 Φιλοκράτης,
1294 2185 1485 2235 Αἰσχίνης,

160 2236 417 2286 Δημοσθένης.
474 2237 664 2286 πέμπουσι
684 2237 721 2275 δὲ
740 2238 889 2278 τούτους
909 2240 957 2279 εἷς
978 2238 1219 2282 Μακεδονίαν,
1243 2240 1297 2277 ἵνα
1317 2239 1486 2288 μάθωσιν

203 2343 223 2372 8
248 2341 420 2383 ἱδρυμένων
435 2341 534 2373 Vind.
556 2351 568 2371 1
586 2353 593 2372 τ
619 2342 785 2384 ἱδρυμένην
800 2341 890 2382 vulg.
1080 2353 1118 2383 37
1146 2344 1306 2385 Δερκύλος
1322 2344 1460 2376 Voemel
1476 2357 1482 2375 z

161 2384 345 2426 Δέρκυλλος
364 2386 462 2417 codd.

1286 2438 1346 2469 ’ΖΓἰ

1518 2123 1631 2178 [336]
