1747 2844
191 113 311 168 xvm]
503 118 646 156 ΠΕΡΙ
694 117 815 155 ΤΟὙ
865 117 1198 155 ΣΤΕΦΑΝΟΎ

1540 115 1647 170 [257]

253 220 408 261 Οὐκοῦν
439 221 484 260 οὐ
517 221 638 271 μόνον
663 220 707 260 τὸ
731 220 985 272 Χερρόνησον
1019 219 1081 259 καὶ
1115 218 1327 267 Βυζάντιον
1360 223 1502 265 σῶσαι,
1535 239 1579 272 93

188 286 277 328 οὐδὲ
300 286 344 327 τὸ
371 291 548 328 κωλῦσαι
571 286 640 327 τὸν
663 285 971 336 Ἑλλήσποντον
995 285 1071 325 ὑπὸ
1096 285 1284 339 Φιλίππῳ
1318 284 1506 336 γενέσθαι

188 354 288 400 τότε,
316 353 403 395 οὐδὲ
433 354 478 394 τὸ
510 356 697 404 τιμᾶσθαι
728 352 800 403 τὴν
832 352 950 392 πόλιν
983 353 1025 391 ἐκ
1057 351 1206 391 τούτων
1230 351 1253 401 ἡ
1280 352 1507 403 προαίρεσις

186 420 210 471 ἡ
241 419 313 470 ἐμὴ
348 421 410 460 καὶ
434 420 456 471 ἡ
483 420 664 461 πολιτεία
697 417 944 471 διεπράξατο,
973 418 1079 457 ἀλλὰ
1114 417 1177 457 καὶ
1208 419 1331 458 πᾶσιν
1360 417 1508 468 ἔδειξεν

150 504 167 536 5
188 487 405 538 ἀνθρώποις
439 485 509 537 τήν
544 503 587 527 τε
619 487 687 536 τῆς
719 486 873 527 πόλεως
911 485 1202 537 καλοκαγαθίαν
1238 484 1299 524 καὶ
1333 483 1405 534 τὴν
1438 487 1507 524 Φι-

187 554 337 594 λίππου
370 554 518 593 κακίαν.
578 553 598 591 ὁ
630 554 702 603 μὲν
736 553 812 604 γὰρ
845 551 1054 603 σύμμαχος
1084 549 1138 590 ὢν
1168 554 1251 592 τοῖς
1282 551 1508 600 Βυζαντίοις

189 623 408 671 πολιορκῶν
446 618 585 660 αὐτοὺς
626 617 763 671 ἑωρᾶθ’
801 617 876 658 ὑπὸ
915 616 1085 663 πάντων,
1126 617 1170 657 οὗ
1208 618 1248 657 τί
1282 615 1424 669 γένοιτ’
1460 616 1507 657 ἂν

189 687 350 738 αἴσχιον
373 682 396 735 ἢ
421 685 682 737 μιαρώτερον;
719 685 827 735 ὑμεῖς
853 683 898 730 δ’,
926 685 962 724 οἱ
993 684 1055 724 καὶ
1088 682 1343 735 μεμψάμενοι
1375 684 1508 724 πολλὰ

190 751 252 791 καὶ
276 751 389 791 δίκαι’
413 750 461 791 ἂν
493 751 657 793 ἐκείνοις
688 750 846 792 εἰκότως
879 750 967 801 περὶ
998 751 1052 790 ὧν
1085 748 1421 801 ἠγνωμονήκεσαν
1454 751 1508 791 εἷς

134 837 171 859 ιο
188 818 286 868 ὑμᾶς
324 818 366 858 ἐν
401 821 483 859 τοῖς
520 817 743 869 ἔμπροσθεν
783 817 952 869 χρόνοις,
991 816 1036 856 οὐ
1074 816 1195 867 μόνον
1233 816 1277 856 οὐ
1315 833 1504 867 μνησικα-

191 887 345 925 κοῦντες
378 883 466 924 οὐδὲ
499 882 724 935 προϊέμενοι
757 883 847 925 τοὺς
881 882 1156 934 ἀδικουμένους
1191 883 1298 923 ἀλλὰ
1331 882 1392 922 καὶ
1427 880 1506 936 σῴ-

193 951 322 1000 ζοντες
363 950 591 1002 ἐφαίνεσθε,
637 949 684 1000 ἐξ
722 951 775 990 ὧν
825 949 954 1000 δόξαν,
1000 950 1153 990 εὔνοιαν
1200 950 1305 1001 παρὰ
1352 947 1509 989 πάντων

191 1018 371 1057 ἐκτᾶσθε.
445 1017 505 1057 καὶ
531 1016 607 1067 μὴν
638 1017 697 1057 ὅτι
721 1018 792 1067 μὲν
820 1016 994 1058 πολλοὺς
1020 1015 1315 1068 ἐστεφανώκατ’
1335 1014 1406 1065 ἥδη
1432 1019 1510 1055 τῶν

192 1082 506 1133 πολιτευομένων
538 1083 708 1124 ἅπαντες
743 1084 869 1123 ἴσασι·
909 1082 956 1122 δι’
981 1083 1115 1122 ὅντινα
1139 1081 1172 1122 δ’
1196 1081 1321 1122 ἄλλον
1347 1082 1369 1132 ἡ
1395 1082 1509 1124 πόλις

134 1169 170 1200 15
192 1148 478 1202 ἐστεφάνωται,
515 1149 748 1200 σύμβουλον
782 1149 888 1200 λέγω
925 1149 986 1189 καὶ
1015 1147 1171 1200 ῥήτορα,
1207 1147 1311 1198 πλὴν
1345 1147 1392 1188 δι’
1427 1147 1507 1199 ἐμέ,

191 1215 269 1256 οὐδ’
295 1215 343 1256 ἂν
367 1217 421 1258 εἷς
447 1217 570 1256 εἰπεῖν
595 1217 692 1269 ἔχοι.

250 1281 340 1323 Ἵνα
369 1283 498 1323 τοίνυν
531 1283 592 1323 καὶ
621 1284 690 1324 τὰς
723 1282 988 1335 βλασφημίας
1018 1282 1062 1323 ἃς
1092 1283 1188 1321 κατὰ
1217 1284 1294 1321 τῶν
1320 1279 1510 1331 Εὐβοέων

193 1349 255 1389 καὶ
286 1353 364 1390 τῶν
391 1350 612 1399 Βυζαντίων
648 1348 873 1399 ἐποιήσατο,
901 1350 937 1389 εἵ
966 1365 1004 1387 τι
1035 1350 1224 1400 δυσχερὲς
1257 1347 1388 1388 αὐτοῖς
1419 1346 1508 1386 ε’πέ-

192 1433 340 1468 πρακτο
375 1415 471 1468 πρὸς
503 1417 601 1467 ὑμᾶς
630 1417 950 1472 ὑπομιμνῄσκων,
978 1415 1245 1466 συκοφαντίας
1274 1414 1395 1455 οὔσας
1427 1414 1509 1453 ἐπι-

134 1498 174 1521 20
192 1480 305 1532 δείξω
336 1482 387 1534 μὴ
417 1484 540 1534 μόνον
570 1487 622 1537 τῷ
647 1485 808 1535 ψευδεῖς
834 1481 933 1522 εἶναι
955 1480 1084 1533 (τοῦτο
1116 1482 1188 1531 μὲν
1221 1482 1295 1533 γὰρ
1319 1479 1512 1532 ὑπάρχειν

192 1550 291 1600 ὑμᾶς
325 1550 475 1591 εἰδότας
509 1547 703 1602 ἡγοῦμαι),
739 1550 845 1589 ἀλλὰ
881 1549 943 1589 καὶ
976 1551 1042 1602 τῷ,
1078 1549 1111 1587 εἰ
1143 1549 1191 1586 τὰ
1223 1546 1384 1597 μάλιστ’
1409 1545 1512 1596 ἦσαν

192 1616 364 1666 ἀληθεῖς,
395 1617 516 1658 οὕτως
541 1615 592 1657 ὡς
618 1616 697 1668 ἐγὼ
729 1615 920 1668 κέχρημαι
949 1617 1029 1656 τοῖς
1059 1613 1265 1666 πράγμασι
1294 1611 1512 1665 συμφέρειν

191 1681 432 1734 χρήσασθαι,
461 1682 502 1723 ἓν
527 1679 550 1733 ἢ
575 1683 643 1723 δύο
667 1682 867 1733 βούλομαι
891 1686 968 1722 τῶν
994 1680 1078 1721 καθ’
1103 1682 1202 1732 ὑμᾶς
1226 1678 1512 1732 πεπραγμένων

193 1752 325 1789 καλῶν
349 1750 394 1805 τῇ
420 1749 535 1790 πόλει
566 1748 794 1800 διεξελθεῖν,
824 1749 886 1789 καὶ
915 1748 1020 1789 ταῦτ’
1047 1749 1089 1788 ἐν
1112 1746 1303 1800 βραχέσι·
1343 1746 1404 1786 καὶ
1437 1748 1511 1798 γὰρ

135 1832 172 1864 25
192 1814 299 1866 ἄνδρ’
334 1817 411 1869 ἰδίᾳ
444 1816 507 1856 καὶ
537 1817 654 1857 πόλιν
688 1817 796 1872 κοινῇ
832 1815 928 1868 πρὸς
960 1817 1008 1855 τὰ
1041 1813 1241 1855 κάλλιστα
1275 1817 1353 1854 τῶν
1387 1814 1509 1864 ὑπαρ-

192 1882 347 1934 χόντων
367 1882 427 1923 ἀεὶ
451 1885 512 1923 δεῖ
533 1885 745 1935 πειρᾶσθαι
770 1884 818 1922 τὰ
841 1884 964 1922 λοιπὰ
983 1881 1181 1934 πράττειν.
1240 1881 1348 1931 ὑμεῖς
1365 1880 1508 1925 τοίνυν,

193 1947 330 2000 ἄνδρες
355 1948 569 1999 Ἀθηναῖοι,
596 1950 916 2000 Λακεδαιμονίων
948 1951 1020 2001 γῆς
1044 1949 1108 1989 καὶ
1139 1946 1335 1997 θαλάττης
1365 1946 1508 1999 ἀρχόν-

192 2030 270 2054 των
297 2015 359 2055 καὶ
388 2017 436 2055 τὰ
466 2016 591 2070 κύκλῳ
621 2018 691 2066 τῆς
715 2015 895 2066 Ἀττικῆς
928 2016 1176 2069 κατεχόντων
1207 2015 1424 2066 ἁρμοσταῖς
1450 2012 1512 2051 καὶ

194 2085 394 2133 φρουραῖς,
428 2082 618 2133 Εὔβοιαν,
650 2082 875 2135 Τάναγραν,
902 2082 972 2132 τὴν
1002 2083 1193 2122 Βοιωτίαν
1226 2080 1397 2124 ἃπασαν,
1426 2077 1509 2118 Μέ-

135 2161 175 2192 30
193 2163 306 2199 γαρα,
335 2150 512 2200 Αἴγιναν,
542 2148 641 2195 Κέω,
668 2151 736 2190 τὰς
769 2148 896 2190 ἄλλας
927 2148 1084 2199 νήσους,
1113 2148 1157 2188 οὐ
1190 2151 1294 2193 ναῦς,
1323 2147 1367 2187 οὐ
1400 2146 1511 2198 τείχη

234 2259 256 2289 6
285 2259 346 2300 γὰρ
369 2258 443 2290 SLl
458 2259 481 2289 F
503 2269 630 2298 marg:
660 2273 699 2300 ’γε
726 2259 749 2290 S
773 2273 824 2301 γρ.
843 2259 941 2299 vulg,
963 2259 1003 2289 cf.
1025 2262 1039 2296 ξ
1063 2259 1121 2296 189
1239 2257 1333 2298 φίλος
1358 2257 1408 2288 καὶ
1433 2260 1511 2286 ante

194 2301 360 2342 σύμμαχος
377 2304 451 2334 add.
471 2303 558 2342 vulg.
576 2314 582 2333 z
607 2313 669 2334 om.
689 2302 763 2333 SL¹
869 2313 906 2333 12
931 2303 1027 2340 τιμὴν
1044 2306 1119 2340 post
1137 2302 1259 2332 εὔνοιαν
1275 2301 1350 2330 add.
1369 2299 1418 2331 A:
1444 2310 1508 2329 om.

195 2345 218 2375 S
232 2345 257 2375 L
274 2346 360 2385 vulg.
463 2356 505 2385 30
530 2346 596 2378 Κέω
617 2345 719 2387 (Κέων
736 2346 846 2385 Blass)
867 2347 922 2378 τὰς
943 2346 1076 2375 Dobree
1092 2355 1098 2373 z
1126 2344 1272 2375 Κλεωνὰς
1290 2344 1314 2374 S
1331 2355 1337 2374 :
1363 2343 1510 2375 Κλεωνὰς

194 2390 250 2421 τὰς
268 2394 343 2420 cett.
437 2392 472 2422 οὐ
488 2413 494 2420 .
515 2412 521 2420 .
544 2412 551 2420 ι
570 2392 605 2421 οὐ
621 2389 708 2428 vulg.
725 2399 730 2418 ἱ
757 2392 791 2421 οὐ
810 2412 816 2420 .
836 2413 841 2420 .
865 2411 870 2419 .
889 2391 962 2421 οὔτε
980 2389 1004 2418 S
1018 2389 1062 2419 L:
1088 2389 1161 2418 οὔτε
1177 2409 1184 2418 .
1205 2408 1213 2418 .
1236 2408 1241 2416 .
1261 2388 1335 2419 οὔτε
1354 2386 1496 2416 Dindorf

1538 700 1583 734 94

1540 1293 1582 1329 95
