1747 2844
111 538 128 570 5

89 866 127 889 10

87 1201 125 1233 15

85 1538 124 1560 20

84 1869 120 1902 25

153 144 238 199 xlv]
442 151 584 188 ΠΕΡΙ
633 151 760 189 ΤΩΝ
810 149 1188 188 ΣΎΜΜΟΡΙΩΝ

150 253 445 306 ἀσθενεστέραν
483 254 666 308 ἀφορμὴν
701 257 769 306 τῆς
806 253 992 306 ὑμετέρας
1030 252 1200 306 εὑρήσει.
1260 253 1281 292 ὁ
1317 253 1388 303 μέν
1426 271 1470 306 γε

150 321 332 374 χρυσίον,
359 321 410 363 ὥς
434 326 574 373 φασιν,
602 321 688 374 ἄγει
713 321 826 362 πολύ.
888 323 1004 360 τοῦτο
1029 319 1061 360 δ’
1080 319 1129 360 ἂν
1153 321 1270 374 διαδῷ
1298 319 1469 370 ζητήσει·

151 388 213 428 καὶ
243 388 317 440 γὰρ
346 389 416 430 τὰς
446 387 588 440 κρήνας
621 388 682 428 καὶ
714 390 763 428 τὰ
796 386 933 440 φρέατ’
959 387 1178 427 ἐπιλείπειν
1206 386 1396 439 πέφυκεν,
1422 386 1470 428 ἄν

148 470 206 495 τις
242 453 309 494 ἀπ’
345 454 471 496 αὐτῶν
509 455 632 507 ἁθρόα
670 455 804 495 πολλὰ
841 452 1042 509 λαμβάνῃ.
1111 453 1204 504 ἡμῖν
1242 455 1284 494 δὲ
1321 452 1365 494 τὸ
1403 455 1471 504 τῆς

148 520 279 573 χώρας
330 520 462 572 τίμημ’
509 520 687 574 ὑπάρχον
734 519 918 573 ἀφορμὴν
965 516 1235 573 [ἑξακισχίλια
1280 517 1471 572 τάλαντα]

148 586 371 633 ἀκούσεται,
409 588 505 640 ὑπὲρ
542 587 589 638 ἧς
627 587 678 630 ὡς
713 589 786 638 μὲν
823 586 913 629 τοὺς
949 587 1132 629 ἐπιόντας
1170 587 1329 628 ἐκείνων
1371 588 1468 638 ἀμυ-

147 653 305 704 νόμεθα,
349 655 386 694 οἱ
434 655 651 706 Μαραθῶνι
696 657 775 695 τῶν
814 654 1021 706 προγόνων
1062 646 1184 694 αὐτοῧ
1219 652 1380 704 μάλιστ’
1422 653 1470 695 ἂν

147 721 299 766 εἰδεῖεν,
332 721 404 762 ἕως
435 719 469 760 δ’
499 719 547 762 ἂν
582 723 795 773 κρατῶμεν,
826 721 894 762 οὐκ
928 721 986 762 ἔνι
1018 719 1142 771 δήπου
1174 719 1344 775 χρήμαθ’
1368 720 1470 772 ἡμᾶς

146 787 376 827 ἐπιλείπειν.

214 853 290 893 Καὶ
322 853 400 904 μὴν
430 853 508 895 οὐδ’
535 854 557 893 ὅ
585 870 687 896 τινες
717 854 882 901 δεδίασι,
913 853 966 905 μὴ
996 852 1150 904 ξενικὸν
1181 853 1284 895 πολὺ
1317 852 1466 904 συστή-

147 936 266 970 σηται
303 918 471 974 χρήματ’
511 920 626 974 ἔχων,
667 921 813 971 ἀληθὲς
851 920 954 962 εἶναί
987 938 1054 972 μοι
1090 923 1206 962 δοκεῖ.
1277 921 1356 973 ἐγὼ
1394 922 1469 973 γὰρ

146 986 315 1038 ἡγοῦμαι
352 987 415 1027 ἐπὶ
455 989 527 1038 μὲν
565 988 765 1039 Αἴγυπτον
804 988 866 1028 καὶ
902 987 1098 1039 Ὀρόνταν
1140 988 1205 1028 καί
1244 1003 1352 1029 τινας
1390 991 1469 1028 τῶν

148 1052 285 1094 ἄλλων
317 1052 536 1105 βαρβάρων
569 1055 744 1096 πολλοὺς
768 1053 816 1095 ἂν
840 1056 1031 1105 ἐθελῆσαι
1063 1057 1141 1095 τῶν
1164 1053 1374 1105 Ἑλλήνων
1405 1070 1467 1105 μι-

150 1122 365 1171 σθοφορεῖν
385 1119 473 1172 παρ’
494 1121 642 1175 ἐκείνῳ,
662 1121 735 1174 οὐχ
760 1120 808 1161 ἵν’
830 1122 978 1162 ἐκεῖνος
998 1121 1068 1177 ἕλῃ
1088 1122 1176 1162 τινὰ
1194 1120 1354 1167 τούτων,
1377 1120 1467 1161 ἀλλ’

149 1185 197 1226 ἵν’
224 1185 407 1239 εὐπορίαν
436 1186 507 1228 τιν’
533 1187 699 1229 ἕκαστος
729 1189 851 1243 ἑαυτῷ
880 1187 1125 1239 κτησάμενος
1155 1188 1367 1244 ἀπαλλαγῇ
1400 1190 1468 1238 τῆς

147 1253 403 1307 ὑπαρχούσης
440 1254 590 1296 πενίας·
640 1254 703 1295 ἐπὶ
739 1256 781 1295 δὲ
815 1253 888 1304 τὴν
923 1253 1103 1295 Ἑλλάδα
1133 1253 1304 1305 (Ἕλλην’
1341 1253 1466 1295 οὐδέν’

146 1319 193 1361 ἂν
228 1321 358 1361 ἐλθεῖν
388 1320 569 1372 ἡγοῦμαι.
634 1324 704 1361 ποῖ
732 1322 807 1373 γὰρ
837 1320 953 1363 αὐτὸς
976 1320 1166 1374 τρέψεται
1198 1323 1297 1372 μετὰ
1325 1325 1464 1368 ταῦτα,-

146 1388 200 1428 εἰς
237 1388 414 1440 Φρυγίαν
450 1388 578 1428 ἐλθὼν
613 1387 837 1434 δουλεύσεις
880 1387 925 1428 οὐ
960 1389 1035 1439 γὰρ
1071 1388 1167 1440 ὑπὲρ
1203 1387 1329 1429 ἄλλου
1364 1388 1468 1429 τινός

143 1454 255 1494 ἐστιν
297 1454 318 1493 ὁ
359 1453 454 1506 πρὸς
494 1453 562 1495 τὸν
604 1453 813 1506 βάρβαρον
848 1454 1021 1505 πόλεμος
1056 1451 1079 1504 ἢ
1116 1455 1204 1506 περὶ
1239 1455 1371 1508 χώρας
1408 1454 1469 1494 καὶ

143 1522 235 1572 βίου
274 1521 334 1561 καὶ
371 1522 471 1562 ἐθῶν
508 1521 569 1561 καὶ
605 1521 828 1573 ἐλευθερίας
865 1521 927 1561 καὶ
964 1519 1122 1562 πάντων
1157 1525 1236 1562 τῶν
1267 1521 1467 1562 τοιούτων.

142 1588 200 1629 τίς
225 1588 291 1629 οὖν
320 1589 441 1630 οὕτως
467 1586 663 1641 δυστυχής
689 1589 800 1629 ἐστιν
820 1588 930 1629 ὅστις
955 1588 1107 1634 ἑαυτόν,
1128 1587 1282 1641 γονέας,
1303 1586 1466 1641 τάφους,

143 1656 311 1708 πατρίδα
357 1656 486 1696 εἵνεκα
538 1654 694 1707 κέρδους
740 1653 916 1708 βραχέος
957 1654 1152 1707 προέσθαι
1199 1654 1465 1706 βουλήσεται;

144 1722 220 1774 ἐγὼ
261 1725 332 1773 μὲν
372 1721 496 1763 οὐδέν’
531 1723 712 1775 ἡγοῦμαι.
785 1721 830 1762 οὐ
867 1721 944 1772 μὴν
982 1721 1062 1762 οὐδ’
1100 1723 1234 1776 ἐκείνῳ
1274 1721 1469 1774 συμφέρει

142 1787 269 1838 ξένοις
318 1791 509 1841 κρατῆσαι
555 1793 632 1831 τῶν
679 1787 902 1839 Ἑλλήνων·
963 1789 1000 1829 οἱ
1046 1790 1122 1841 γὰρ
1168 1789 1276 1840 ἡμῶν
1325 1787 1465 1841 κρατή-

143 1871 284 1897 σαντες
320 1857 469 1897 ἐκείνου
501 1873 547 1909 γε
580 1856 703 1897 πάλαι
736 1857 931 1908 κρείττους
968 1854 1228 1910 ὑπάρχουσιν·
1277 1855 1469 1907 βούλεται

185 1975 204 1995 2
228 1964 312 1997 πολύ
327 1965 401 1996 add.
421 1964 445 1996 S
460 1976 466 1995 z
492 1975 555 1996 om.
576 1971 654 1997 cett.
801 1976 821 2006 3
847 1966 1024 1999 ἐπιλείπειν
1042 1965 1107 1997 SA
1120 1965 1150 1997 Ο
1165 1977 1171 1995 z
1198 1967 1358 1997 ἐπιλιπεῖν
1375 1965 1463 2004 vulg.

142 2019 161 2046 4
186 2009 236 2040 καὶ
259 2013 338 2039 ante
362 2009 469 2041 πολλὰ
495 2010 569 2040 add.
592 2010 615 2040 S
633 2010 744 2049 vulg.:
770 2020 833 2041 om.
851 2010 891 2049 A,
912 2011 952 2041 cs.
970 2010 1029 2040 xxi
1052 2019 1109 2049 131
1243 2010 1282 2040 τὸ
1306 2010 1363 2046 τῆς
1388 2032 1394 2039 .
1423 2032 1430 2039 .
1456 2032 1464 2040 .

142 2051 330 2093 ἀκούσεται]
360 2053 422 2091 τὴν
452 2053 562 2095 χώραν
593 2052 748 2095 ὑπάρχειν
776 2053 949 2096 (ὑπάρχειν
977 2053 1146 2093 Harpocr.
1176 2052 1293 2093 Phot.)
1322 2051 1468 2093 ἀφορμὴν

142 2094 313 2127 ἀκούσεται
336 2095 472 2126 Dobree
648 2106 667 2135 5
693 2097 898 2138 ἑξακισχίλια
913 2097 1061 2130 τάλαντα
1076 2096 1153 2127 secl.
1176 2096 1216 2127 G.
1237 2096 1281 2126 H.
1304 2095 1468 2126 Schaefer

141 2138 162 2167 6
186 2138 367 2178 ἀμυνόμεθα
383 2139 490 2170 Cobet
506 2151 513 2170 ε
538 2140 735 2179 ἀμυνούμεθα
751 2140 849 2172 codd.
1014 2151 1031 2179 7
1058 2142 1092 2172 ἐν
1108 2144 1186 2170 ante
1205 2142 1371 2180 Μαραθῶνι
1388 2139 1463 2170 add.

144 2181 167 2212 S
184 2182 273 2220 vulg.
291 2194 296 2212 :
323 2192 388 2213 om.
409 2181 441 2212 A
453 2182 484 2212 Y
499 2196 550 2225 γρ.
683 2185 735 2216 καὶ
758 2186 913 2223 Σαλαμῖνι
936 2188 1011 2223 post
1035 2186 1201 2225 Μαραθῶνι
1219 2183 1294 2214 add.
1313 2182 1336 2213 S
1350 2182 1375 2212 F
1394 2193 1465 2223 γρ.;

142 2235 205 2256 om.
225 2226 314 2265 vulg.
428 2236 466 2256 12
492 2227 542 2258 ἐπὶ
558 2225 618 2266 μὲν
634 2227 813 2268 Αἴγυπτον]
833 2228 881 2259 ἐπ’
899 2230 1065 2268 Αἴγυπτον
1081 2226 1141 2266 μὲν
1158 2226 1263 2266 Flagg
1369 2227 1407 2255 16
1432 2225 1466 2258 δὲ

142 2267 218 2308 τὴν]
236 2269 296 2307 τὴν
313 2269 340 2301 δ’
361 2269 464 2311 Flagg
630 2280 666 2309 17
692 2273 797 2303 ἐλθεῖν
815 2271 838 2301 S
855 2272 943 2310 vulg.
963 2282 968 2300 :
996 2270 1118 2302 ἐθέλειν
1136 2270 1203 2300 FY
1366 2280 1407 2309 23
1431 2271 1466 2301 οὐ

144 2310 227 2343 SA:
254 2313 304 2344 καὶ
322 2312 410 2352 vulg.
568 2323 608 2350 24
634 2313 733 2354 ξένοις
750 2313 792 2351 Α,
811 2314 850 2344 cs.
871 2315 975 2346 schol.
997 2324 1027 2352 p.
1047 2323 1122 2352 232,
1142 2323 1182 2352 23
1200 2314 1250 2345 διὰ
1266 2316 1332 2345 τῶν
1348 2312 1464 2354 ξένωνε

143 2353 247 2394 ξένους
266 2356 290 2386 S
307 2356 397 2395 vulg.
510 2356 676 2394 Ἑλλήνων
693 2357 723 2388 O
740 2367 746 2386 ε
772 2359 971 2396 Ἑλληνικῶν
989 2358 1013 2388 S
1030 2358 1120 2396 vulg.
1227 2356 1463 2399 κρατήσαντες]

142 2399 356 2470 κρῗτήσοντες
384 2399 415 2430 Α
443 2410 528 2431 corr.
557 2410 637 2439 rec.,
667 2399 802 2432 Dobree
986 2410 1027 2440 25
1060 2399 1256 2442 ὑπάρχουσιν
1283 2400 1371 2431 SA:
1403 2400 1464 2432 εἰσὶ

142 2450 184 2470 vu
199 2450 230 2480 g.

1502 149 1610 204 [186]

1501 271 1547 306 30

1498 872 1540 908 31

1498 1322 1602 1378 [187]

1499 1404 1543 1439 32
