1747 2844
185 133 272 188 xnc]
410 137 553 174 ΠΕΡΙ
599 136 723 173 ΤΗΣ
773 135 1293 174 ΠΑΡΑΠΡΕΣΒΕΙΑΣ
1541 134 1655 189 [450]

183 239 317 294 ἔχονθ’
341 240 436 291 ὑπὲρ
461 241 532 289 μὲν
557 239 663 289 ὑμῶν
687 237 801 290 μέγα,
830 237 926 289 πρὸς
956 237 988 277 δ’
1013 239 1113 288 ὑμᾶς
1141 240 1245 284 ἴσον,
1272 239 1406 291 ὥσπερ
1432 239 1509 291 ἐγὼ
1542 239 1658 293 [450]

183 307 386 346 Φίλιππον
404 308 476 356 μὲν
495 305 562 346 οὐκ
587 304 803 355 ἐθαύμασα,
823 304 914 346 τοὺς
938 303 970 343 δ’
991 304 1265 357 αἰχμαλώτους
1289 305 1507 356 ἐθαύμασα,

182 372 333 418 ἔσωσα,
366 371 479 412 οὐδὲν
510 370 818 421 ὑπεστειλάμην.
889 370 1001 412 οὗτος
1037 370 1069 410 δ’
1102 370 1249 411 ἐκείνου
1285 373 1357 422 μὲν
1390 372 1506 424 πρού-

184 442 415 485 καλινδεῖτο,
443 437 532 480 τοὺς
557 440 724 479 παιᾶνας
747 436 850 494 ιἧδεν,
871 437 978 487 ὑμῶν
1004 436 1036 477 δ’
1055 437 1237 492 ὑπερορᾷ.
1298 437 1356 478 ἔτι
1380 439 1509 479 τοίνυν
1540 453 1609 488 339

144 523 161 554 5
183 506 276 546 ὅταν
300 507 371 556 μὲν
396 507 502 555 ’ίδητε
533 504 724 554 δεινότητ’
754 500 777 554 ἢ
811 504 1009 556 εὐφωνίαν
1039 503 1064 554 ἤ
1092 521 1129 544 τι
1160 508 1236 544 τῶν
1267 503 1402 545 ἄλλων
1432 508 1509 545 τῶν

182 572 369 612 τοιούτων
402 572 561 623 ἀγαθῶν
594 571 660 611 ἐπὶ
691 574 868 624 χρηστοῦ
901 572 963 611 καὶ
998 572 1210 622 φιλοτίμου
1246 570 1510 623 γεγενημένον

183 638 400 689 ἀνθρώπου,
423 638 658 691 συγχαίρειν
678 638 741 678 καὶ
766 641 979 678 συνασκεῖν
1000 637 1148 680 πάντας
1174 641 1245 679 δεῖ·
1285 637 1416 678 κοινὸν
1435 639 1509 690 γὰρ

182 705 272 754 ὑμῖν
300 707 400 745 πᾶσι
431 708 512 746 τοῖς
543 704 681 746 ἄλλοις
709 704 811 744 τοῦτ’
842 703 992 756 ἀγαθὸν
1019 705 1208 757 γίγνεται·
1257 705 1351 745 ὅταν
1383 703 1416 744 δ’
1446 704 1510 744 ἐπὶ

182 771 401 823 δωροδόκου
431 771 496 811 καὶ
526 775 698 823 πονηροῦ
724 772 786 812 καὶ
812 770 959 813 παντὸς
983 771 1147 822 ἥττονος
1172 770 1387 822 λήμματος,
1414 772 1510 811 ἀπο-

126 853 164 876 ιο
184 838 329 878 κλείειν
355 837 417 877 καὶ
446 841 592 890 πικρῶς
622 838 684 878 καὶ
713 838 899 879 ἐναντίως
930 838 1098 884 ἀκούειν,
1127 838 1178 880 ὡς
1202 839 1369 890 πονηρία
1393 836 1506 878 δυνά-

181 921 283 954 μεως
307 903 426 954 δόξαν
446 904 633 956 εὑρομένη
659 905 749 956 παρ’
769 906 875 955 ὑμῶν
895 905 958 945 ἐπὶ
983 904 1054 954 τὴν
1074 905 1193 945 πόλιν
1211 905 1335 945 ἐστίν.
1395 905 1510 955 ὁρᾶτε
1541 920 1610 956 340

182 969 228 1016 δ’,
266 969 337 1022 ἀφ’
372 971 427 1011 ῶν
462 971 574 1013 οὗτος
612 971 809 1022 εὐδοκιμεῖ
842 972 990 1021 πηλίκα
1031 977 1078 1027 τῇ
1120 972 1235 1012 πόλει
1276 970 1510 1023 περιέστηκε

182 1036 406 1089 πράγματα.
454 1039 493 1078 αἱ
536 1039 609 1088 μὲν
644 1038 776 1078 τοίνυν
812 1037 934 1078 ἄλλαι
969 1037 1151 1089 δυνάμεις
1187 1039 1366 1079 ἐπιεικῶς
1407 1038 1510 1078 εἰσιν

182 1102 398 1154 αὐτάρκεις,
419 1103 442 1154 ἡ
469 1105 512 1145 δὲ
535 1107 603 1144 τοῦ
628 1103 775 1156 λέγειν,
797 1103 846 1144 ἂν
870 1106 919 1144 τὰ
944 1103 1033 1155 παρ’
1053 1105 1160 1155 ὑμῶν
1185 1108 1263 1144 τῶν
1288 1104 1511 1144 ἀκουόντων

125 1184 162 1216 15
183 1169 360 1226 ἀντιστῇ,
382 1170 645 1211 διακόπτεται.
699 1172 821 1212 οὕτως
841 1170 909 1211 οῦν
928 1171 1090 1212 ἀκούετε
1109 1170 1247 1211 τούτου
1268 1171 1319 1212 ὡς
1339 1173 1510 1222 πονηροῦ

183 1235 247 1276 καὶ
272 1237 492 1288 δωροδόκου
517 1237 581 1277 καὶ
604 1236 683 1277 οὐδ’
709 1238 839 1278 ὁτιοῦν
865 1239 1043 1289 ἐροῦντος
1069 1237 1225 1287 ἀληθές.

242 1301 339 1342 ‘'O-rc
368 1302 401 1342 δ’
431 1303 476 1343 οὗ
503 1304 624 1353 μόνον
658 1305 755 1343 κατὰ
784 1303 927 1350 τᾶλλα,
959 1304 1066 1344 ἀλλὰ
1098 1304 1158 1344 καὶ
1187 1305 1235 1344 τὰ
1263 1303 1359 1355 πρὸς
1393 1302 1509 1344 αὐτὸν
1540 1316 1604 1352 341

183 1368 250 1409 τὸν
275 1369 479 1410 Φίλιππον
511 1369 722 1421 πράγματα
751 1374 963 1423 πανταχῶς
992 1370 1188 1422 συμφέρει
1216 1374 1354 1410 τοῦτον
1383 1372 1508 1411 ἑαλω-

185 1435 305 1481 κέναι,
350 1435 564 1476 θεάσασθε.
636 1438 714 1477 εἵτε
755 1439 829 1488 γὰρ
872 1436 956 1487 ἥξει
997 1436 1083 1477 ποτ’
1122 1438 1176 1479 εἰς
1217 1436 1392 1488 ἀνάγκην
1434 1440 1511 1477 τῶν

125 1518 164 1540 20
184 1503 344 1542 δικαίων
374 1519 411 1542 τι
440 1506 566 1543 ποιεῖν
596 1508 643 1559 τῇ
677 1504 805 1549 πόλει,
836 1503 905 1543 τὸν
937 1504 1084 1554 τρόπον
1114 1502 1393 1554 μεταθήσεται·
1443 1506 1511 1544 νῦν

182 1571 254 1619 μὲν
279 1570 352 1621 γὰρ
377 1567 517 1625 ᾕρηται
540 1569 629 1610 τοὺς
655 1569 831 1610 πολλοὺς
854 1569 1058 1620 ἐξαπατῶν
1084 1570 1243 1621 ὀλίγους
1267 1569 1509 1620 θεραπεύειν,

183 1634 231 1675 ἂν
261 1636 302 1675 δὲ
331 1635 491 1677 τούτους
521 1636 782 1677 ἀπολωλότας
811 1636 993 1686 πύθηται,
1018 1637 1109 1686 ὑμῖν
1140 1639 1222 1678 τοῖς
1250 1640 1418 1677 πολλοῖς
1449 1637 1511 1676 καὶ

184 1701 343 1742 πάντων
369 1703 511 1753 κυρίοις
540 1703 587 1742 τὰ
615 1704 737 1743 λοιπὰ
768 1706 895 1743 ποιεῖν
924 1701 1184 1753 βουλήσεται.
1256 1701 1323 1743 εἴτ’
1349 1703 1413 1743 ἐπὶ
1442 1704 1511 1752 τῆς
1541 1712 1609 1748 342

185 1767 302 1819 αὐτῆς
326 1768 455 1820 ἧσπερ
481 1772 550 1809 νῦν
576 1768 759 1818 ἐξουσίας
790 1769 850 1808 καὶ
881 1770 1093 1820 ἀσελγείας
1118 1772 1239 1819 μενεῖ,
1267 1769 1357 1811 τοὺς
1381 1769 1511 1809 ὁτιοῦν

127 1849 164 1881 25
184 1834 232 1875 ἂν
258 1835 392 1889 ἐκείνῳ
419 1833 660 1885 ποιήσαντας
686 1836 921 1891 ἀνῃρηκότες
945 1836 987 1875 ἐκ
1012 1837 1080 1885 τῆς
1105 1836 1258 1877 πόλεως
1284 1835 1441 1881 ἔσεσθε,
1463 1834 1511 1876 ἂν

185 1902 343 1943 τούτους
379 1901 559 1952 ἀνέλητε·
610 1902 646 1942 οἳ,
681 1903 756 1953 γὰρ
801 1903 973 1952 οἰόμενοι
1013 1902 1123 1952 δίκην
1163 1901 1326 1954 ὑφέξειν
1364 1901 1509 1942 τοιαῦτ’

185 1967 370 2019 ἔπραξαν,
397 1968 568 2014 τούτους,
597 1968 645 2009 ἂν
670 1970 718 2008 τὰ
747 1967 838 2020 παρ’
862 1969 968 2018 ὑμῶν
993 1968 1124 2010 αὐτοῖς
1153 1969 1289 2025 ἐφεθῇ,
1316 1968 1356 2008 τί
1378 1970 1511 2009 οἴεσθε
1542 1963 1646 2018 [451]

233 2087 244 2105 1
273 2076 332 2115 μὲν
346 2082 424 2107 ante
443 2078 527 2115 ὑμῶν
544 2086 609 2108 om.
629 2075 653 2107 S
667 2076 734 2106 LY
746 2076 776 2107 Ο
793 2087 799 2106 :
823 2077 898 2107 add.
919 2076 1007 2116 vulg.
1157 2087 1176 2106 2
1203 2076 1362 2116 ἐθαύμασα
1380 2076 1445 2106 SY
1457 2077 1488 2108 O
1503 2088 1509 2108 :

186 2120 346 2159 θαυμάσας
365 2120 391 2149 L
407 2120 495 2159 vulg.
516 2131 523 2150 ε
549 2130 613 2151 om.
630 2120 680 2151 A:
706 2120 783 2150 secl.
805 2119 911 2150 Cobet
1058 2130 1078 2158 3
1101 2122 1362 2162 προύκαλινδεῖτο
1379 2120 1487 2151 Cobet
1503 2131 1510 2151 Ξ

186 2166 445 2205 προύκυλινδεΐτο
463 2163 559 2194 codd.
683 2174 701 2201 4
728 2164 778 2195 καὶ
795 2168 872 2194 ante
890 2163 963 2195 τοὺς
979 2173 1043 2195 om.
1064 2163 1100 2194 S¹
1118 2164 1211 2194 solus
1301 2165 1445 2205 ὑπεροραι
1463 2164 1507 2195 S:

186 2207 342 2248 ὑπερεώρα
360 2206 386 2236 L
403 2206 492 2245 vulg.
514 2206 537 2237 S
549 2220 599 2247 γρ.
614 2218 620 2237 :
662 2207 812 2248 ὑπερώραι
828 2206 859 2236 Υ
872 2206 902 2237 Ο
1082 2216 1101 2246 5
1129 2210 1193 2239 τῶν
1211 2207 1320 2239 ἄλλων
1336 2217 1399 2237 om.
1422 2207 1447 2237 Ρ
1464 2207 1505 2237 al.

187 2261 203 2288 7
230 2250 417 2289 συνασκεῖν]
437 2249 602 2290 συναύξειν
619 2250 786 2280 Richards
892 2259 931 2280 12
955 2250 1092 2290 πηλίκα]
1112 2251 1211 2288 ἡλίκα
1227 2249 1258 2280 Α
1372 2252 1409 2280 18
1434 2264 1510 2282 παν-

186 2297 294 2333 ταχῶς
312 2292 377 2324 SY
390 2294 420 2324 Ο
437 2305 442 2323 :
467 2296 634 2333 πανταχοῦ
654 2294 679 2323 L
696 2293 784 2332 vulg.
801 2293 824 2324 S
836 2307 886 2334 -γρ,
979 2304 1017 2324 21
1044 2293 1159 2336 ᾕρηται
1178 2294 1201 2324 S
1213 2293 1243 2324 A
1259 2305 1265 2324 :
1291 2293 1464 2337 προῄρηται
1484 2294 1510 2324 L

184 2336 272 2375 vulg.
429 2346 469 2375 25
501 2337 696 2376 ποιήσαντας
720 2336 750 2366 Α
775 2336 831 2368 al.:
866 2337 1058 2375 ποιήσοντας
1084 2337 1147 2368 SL
1171 2337 1260 2376 vulg.
1408 2339 1450 2368 26
1481 2337 1511 2369 οἳ

187 2380 210 2410 S
223 2380 249 2410 L
261 2379 291 2409 Y
303 2379 352 2411 O:
381 2381 408 2412 εἰ
424 2380 512 2420 vulg.
648 2390 688 2419 27
715 2382 811 2422 ἐφεθῇ
829 2380 853 2412 S
867 2381 892 2411 L
903 2380 933 2411 Y
946 2380 976 2412 O
992 2392 999 2412 :
1024 2381 1124 2423 ἀφεθῇ
1142 2380 1229 2420 vulg.
