1763 2828
54 136 169 190 [349]

128 261 170 294 27

127 1126 171 1160 29

54 1313 169 1368 [350]

628 136 1110 174 ΔΙΙΜΟΣΘΕΝΟὙΣ
1440 132 1525 187 [mx

204 244 466 294 φενακισμοῖς
495 242 556 282 καὶ
588 241 863 295 ὑποσχέσεσιν
893 239 1199 292 ἐξαπατώμενοι.
1272 243 1425 294 πρώτου
1457 244 1530 294 μὲν

204 308 342 348 τούτου
379 308 441 348 καὶ
477 307 655 358 μάλισθ’,
691 309 786 360 ὅπερ
823 308 947 355 εἶπον,
984 309 1114 350 εἵνεκα
1150 313 1271 349 ταῦτα
1306 309 1526 360 διεξῆλθον,

203 374 383 426 δευτέρου
416 377 456 415 δὲ
491 377 596 417 τίνος
630 376 691 416 καὶ
725 376 837 416 οὐδὲν
870 375 1082 418 ἐλάττονος
1113 372 1135 425 ἦ
1168 376 1325 422 τούτου,·
1363 377 1427 416 ἵνα
1459 376 1528 427 τὴν

203 441 260 481 ὅτ’
297 442 589 494 ἀδωροδόκητος
624 444 776 496 ὑπῆρχε
813 444 1046 495 προαίρεσιν
1079 443 1197 483 αὐτοῦ
1229 445 1296 494 τῆς
1329 445 1529 485 πολιτείας

203 508 534 560 ἀναμνησθέντες,
564 509 614 551 ὡς
639 509 954 561 προβεβλημένη
982 510 1044 550 καὶ
1068 509 1236 552 ἄπιστος
1262 509 1309 560 ἧν
1335 510 1430 562 πρὸς
1461 510 1529 551 τὸν
1550 525 1567 556 5

203 577 421 622 Φίλιππον,
456 574 528 626 τὴν
559 578 658 627 μετὰ
690 576 795 616 ταῦτ’
830 576 1021 629 ἐξαίφνης
1053 580 1262 629 γεγονυῖαν
1296 578 1433 618 πίστιν
1467 578 1529 618 καὶ

203 643 344 695 φιλίαν
384 641 610 695 σκέψησθε,
651 641 720 683 εἶτ’
762 645 795 684 εἰ
833 646 905 694 μὲν
944 643 1168 695 ἐκβέβηκεν
1207 643 1269 684 ὅσ’
1309 642 1528 696 ἀπήγγειλε

204 709 299 761 πρὸς
329 710 427 760 ὑμᾶς
464 709 575 751 οὗτος
608 710 671 750 καὶ
705 714 833 753 καλῶς
867 710 950 764 ἔχει
981 713 1029 750 τὰ
1063 711 1332 763 πεπραγμένα,
1361 713 1424 751 διὰ
1456 710 1528 762 τὴν

203 775 394 827 ἀλήθειαν
420 776 482 817 καὶ
511 776 556 816 τὸ
587 775 794 830 συμφέρον
823 783 870 835 τῇ
900 779 1015 819 πόλει
1050 780 1291 830 γεγενῆσθαι
1321 779 1525 830 νομίσητε,

203 844 236 884 εἰ
261 845 302 884 δὲ
327 842 457 884 πάντα
480 843 659 884 τάναντί’
684 844 739 884 ὧν
764 844 876 886 οὗτος
903 844 987 886 εἰπε
1019 844 1250 896 πέπρακται,
1280 846 1342 886 καὶ
1370 845 1528 895 πολλὴν
1551 861 1590 883 10

202 910 398 963 αἰσχύνην
433 910 495 951 καὶ
527 910 726 962 μεγάλους
758 910 958 954 κινδύνους
987 910 1092 952 ταῦτ’
1118 911 1201 965 ἔχει
1229 913 1276 967 τῇ
1310 913 1437 957 πόλει,
1466 914 1528 952 διὰ

202 976 274 1027 τὴν
299 976 625 1030 αἰσχροκέρδειαν
651 977 722 1028 τὴν
749 980 886 1019 ἑαυτοῦ
913 979 975 1019 καὶ
1000 978 1044 1018 τὸ
1068 977 1280 1032 χρημάτων
1304 979 1528 1019 ἀποδόσθαι

202 1044 352 1094 τάληθῆ
378 1044 738 1095 μεταβεβλημένον
764 1044 881 1086 αὐτὸν
906 1047 1045 1096 εἰδῆτε.

271 1110 471 1161 Βούλομαι
503 1111 549 1158 δ’,
577 1111 786 1164 ἐπειδήπερ
817 1113 872 1154 εἰς
904 1112 1063 1154 τούτους
1096 1111 1301 1166 προήχθην
1334 1112 1424 1154 τοὺς
1456 1113 1524 1153 λό-

203 1194 307 1230 γους,
329 1177 373 1218 ὃν
398 1178 545 1230 τρόπον
569 1180 617 1219 τὰ
642 1179 729 1231 περὶ
755 1179 843 1222 τοὺς
862 1179 1026 1222 Φωκέας
1045 1178 1245 1231 πράγμαθ’
1265 1180 1372 1230 ὑμῶν
1392 1180 1525 1231 παρεί-
1551 1195 1586 1228 15

202 1250 335 1291 λοντο,
374 1248 529 1297 πρῶτον
567 1247 692 1287 εἰπεῖν
727 1245 924 1287 ἁπάντων.
996 1249 1057 1287 δεῖ
1089 1249 1131 1287 δὲ
1170 1245 1303 1297 μηδέν’
1339 1247 1459 1297 ὑμῶν,
1497 1243 1526 1286 ὦ

203 1311 340 1364 ἄνδρες
357 1313 554 1359 δικασταί,
582 1314 636 1355 εἰς
660 1312 705 1353 τὸ
730 1317 808 1354 τῶν
838 1312 1079 1366 πραγμάτων
1110 1311 1277 1365 μέγεθος
1308 1312 1528 1365 βλέψαντα

201 1379 355 1429 μείζους
390 1380 459 1422 τὰς
497 1380 728 1432 κατηγορίας
768 1381 831 1421 καὶ
866 1381 935 1422 τὰς
971 1381 1096 1422 αἰτίας
1132 1382 1199 1430 τῆς
1236 1380 1374 1420 τούτου
1411 1378 1525 1430 δόξης

202 1447 376 1496 νομίσαι,
411 1444 501 1486 ἀλλ’
531 1446 647 1487 ἐκεῖν’
681 1447 788 1498 ὁρᾶν,
823 1448 882 1487 ὅτι
916 1446 1034 1487 ὅντιν’
1072 1446 1119 1486 ἂν
1152 1447 1259 1497 ὑμεῖς
1293 1447 1348 1488 εἷς
1381 1446 1525 1496 ταύτην

202 1511 274 1562 τὴν
304 1511 416 1562 τάξιν
446 1512 719 1564 κατεστήσατε
750 1514 811 1554 καὶ
839 1517 916 1554 τῶν
947 1513 1189 1564 συμβάντων
1220 1517 1362 1565 καιρῶν
1391 1511 1526 1562 ἐποιή-
1547 1529 1586 1550 20

203 1595 299 1620 σατε
327 1579 470 1631 κύριον,
497 1579 623 1625 οὗτος,
651 1581 760 1632 εἴπερ
786 1581 920 1631 ὥσπερ
945 1579 1056 1622 οὗτος
1082 1578 1282 1630 ἐβουλήθη
1315 1579 1524 1630 μισθώσας

202 1645 318 1687 αὑτὸν
351 1645 550 1696 ἐξαπατᾶν
582 1647 680 1697 ὑμᾶς
714 1648 775 1687 καὶ
809 1647 1046 1698 φενακίζειν,
1081 1650 1159 1686 τῶν
1191 1647 1290 1686 ἴσων
1323 1647 1444 1687 αἴτιος
1476 1644 1523 1695 ἦν

201 1712 251 1753 ἂν
280 1716 406 1753 κακῶν
436 1714 619 1765 ὅσωνπερ
649 1713 712 1753 καὶ
745 1713 870 1755 οὗτος.
943 1712 987 1752 οὐ
1018 1714 1092 1765 γὰρ
1118 1713 1152 1753 εἰ
1177 1712 1347 1764 φαύλοις
1379 1711 1524 1766 χρῆσθ’

200 1780 308 1831 ὑμεῖς
342 1781 397 1821 εἷς
428 1782 477 1820 τὰ
511 1781 622 1820 κοινὰ
655 1779 849 1822 πολλάκις
882 1779 1116 1832 ἀνθρώποις,
1153 1779 1216 1819 καὶ
1248 1781 1296 1819 τὰ
1329 1778 1524 1831 πράγματ’

201 1847 289 1888 ἐστὶ
323 1850 459 1899 φαῦλα
493 1848 547 1887 ὧν
579 1847 602 1898 ἡ
636 1848 752 1889 πόλις
786 1845 963 1896 ἀξιοῦται
995 1849 1100 1899 παρὰ
1131 1850 1213 1888 τοῖς
1247 1846 1398 1892 ἄλλοις,
1433 1846 1523 1887 οὐδὲ
1546 1861 1584 1893 25

200 1917 353 1954 πολλοῦ
379 1917 450 1955 δεῖ.
520 1914 603 1955 εἶτα
628 1914 690 1954 καὶ
716 1913 878 1956 Φωκέας
904 1914 1161 1955 ἀπολώλεκεν
1189 1912 1274 1965 μέν,
1302 1913 1422 1964 οἶμαι,
1449 1914 1521 1953 Φί-

199 1986 359 2027 λιππος,
387 1982 711 2034 συνηγωνίσαντο
737 1981 769 2021 δ’
795 1981 914 2021 οὗτοι·
952 1984 1066 2021 τοῦτο
1096 1980 1142 2031 δὴ
1172 1983 1234 2022 δεῖ
1265 1984 1430 2021 σκοπεῖν
1462 1980 1525 2020 καὶ

200 2049 306 2100 ὁρᾶν,
335 2049 368 2089 εἰ
393 2049 471 2089 ὅσα
494 2050 563 2099 τῆς
589 2047 760 2089 Φωκέων
786 2049 981 2100 σωτηρίας
1007 2049 1071 2088 ἐπὶ
1096 2047 1168 2098 τὴν
1191 2047 1416 2099 πρεσβείαν
1440 2046 1521 2097 ἧκε,

247 2167 259 2187 1
288 2159 525 2198 ἐξαπατώμενοι
544 2158 570 2189 L
588 2157 676 2198 vulg.
694 2170 700 2190 z
729 2168 794 2190 om.
817 2158 840 2188 S
861 2159 908 2198 (in
925 2171 975 2199 γρ.
995 2158 1070 2188 add.
1091 2163 1158 2188 ant.
1180 2157 1238 2197 m.)
1255 2167 1261 2187 :
1292 2155 1523 2198 ἐξηπατημένοι

200 2201 231 2240 Q
407 2213 426 2232 2
452 2203 527 2243 ὅπερ
545 2202 681 2233 Dobree
698 2202 772 2233 Ald.
793 2202 831 2232 V.
850 2215 900 2243 γρ.
920 2213 927 2232 :
952 2201 1046 2243 οὗπερ
1063 2202 1160 2232 codd.
1327 2210 1346 2238 3
1370 2199 1521 2240 τούτους]

199 2245 410 2284 interpunxit
425 2245 519 2276 Weil
660 2247 680 2276 8
705 2246 774 2286 ἔχει
792 2245 916 2276 SLA:
942 2246 1011 2285 εἶχε
1029 2244 1117 2283 vulg.
1266 2254 1304 2274 12
1329 2245 1441 2275 ἑαυτοῦ
1459 2243 1521 2273 SL

199 2288 253 2319 Y:
288 2289 404 2321 τούτου
432 2289 520 2329 vulg.
725 2300 761 2328 17
797 2289 966 2329 βλέψαντα
995 2288 1134 2319 51,1Υ;
1170 2287 1403 2327 ἀποβλέψαντα
1428 2286 1516 2325 vulg.

204 2343 241 2371 19
266 2333 364 2364 ὅντιν’
382 2334 420 2365 ἰὶν
439 2333 462 2364 S
475 2333 500 2363 L
512 2333 543 2363 Y
559 2345 565 2364 ε
591 2334 619 2365 εἰ
636 2334 686 2365 καὶ
705 2334 813 2365 ὅντινα
830 2332 884 2364 οὖν
901 2332 989 2371 vulg.
1011 2332 1037 2362 L
1053 2346 1103 2373 γρ.
1197 2342 1235 2362 21
1263 2331 1317 2363 εἶθ’
1331 2335 1410 2360 ante
1427 2330 1520 2369 prius

200 2376 290 2409 οὗτος
315 2377 391 2407 add.
419 2377 445 2406 L
471 2387 572 2416 marg.
601 2377 715 2416 vulg.:
746 2387 813 2408 om.
839 2376 902 2406 SL
1029 2377 1135 2417 ὥσπερ
1160 2374 1251 2407 οὗτος
1269 2373 1348 2405 secl.
1378 2373 1525 2404 Dindors

200 2431 240 2451 22
267 2421 362 2453 αὑτὸν
380 2421 403 2451 5
416 2420 442 2451 L
456 2420 506 2452 A:
533 2421 647 2453 ἑαυτὸν
664 2423 731 2453 τοῖς
750 2422 876 2461 ἐχθροῖς
893 2419 980 2459 vulg.
