1763 2828
185 669 231 704 49

122 855 229 910 [102]

188 1268 232 1305 50

187 1532 226 1570 51

686 148 1172 186 ΔΙ-ΙΜΟΣΘΕΝΟΤΣ
1492 142 1584 197 [vm

261 253 465 293 Φίλιπποι·
492 252 752 305 ἀναγκάσετε,
781 251 824 292 οὗ
849 253 981 303 μεῖζον
1007 251 1117 292 οὐδὲν
1143 251 1190 292 ἂν
1216 250 1359 304 γένοιτ’
1379 251 1539 304 ἀγαθόν,
1562 247 1584 302 ἢ

260 318 499 370 πολεμήσετ’
525 318 571 370 ἐξ
593 320 694 359 ἴσου.

329 386 378 426 Εἰ
406 385 448 426 δέ
477 403 529 441 τῳ
559 388 666 426 δοκεῖ
690 389 811 426 ταῦτα
845 385 906 426 καὶ
939 384 1115 435 δαπάνης
1147 384 1325 437 μεγάλης
1359 386 1421 426 καὶ
1453 385 1586 426 πόνων

260 456 425 494 πολλῶν
451 453 513 493 καὶ
538 454 806 505 πραγματείας
837 452 946 498 εἶναι,
977 452 1038 492 καὶ
1067 451 1160 503 μάλ’
1187 453 1309 504 ὀρθῶς
1339 455 1456 492 δοκεῖ·
1493 451 1586 493 ἀλλ’

261 520 330 560 ἐὰν
348 521 562 572 λογίσηται
583 521 632 560 τῑι
653 519 698 575 τῇ
719 520 834 560 πόλει
858 522 956 570 μετὰ
980 522 1101 559 ταῦτα
1119 519 1379 571 γενησόμενα,
1400 518 1448 559 ἂν
1467 522 1587 559 ταῦτα
1608 537 1625 568 5

259 586 310 638 μὴ
338 585 461 642 ’θέλῃ,
490 585 648 638 εὑρήσει,
674 589 912 626 λυσιτελοῦν
941 585 984 626 τὸ
1015 587 1174 627 ἑκόντας
1203 589 1329 626 ποιεῖν
1357 587 1405 626 τὰ
1435 584 1584 626 δέοντα.

261 655 293 693 εἰ
325 655 397 704 μὲν
430 652 505 705 γάρ
539 653 628 692 ἐστί
657 669 715 695 τις
749 652 942 705 ἐγγυητὴς
974 651 1161 705 θεῶν(οὐ
1194 654 1267 705 γὰρ
1303 652 1520 704 ἀνθρώπων
1547 651 1585 705 γ’

260 719 384 761 οὐδεὶς
413 719 461 760 ἂν
485 719 628 771 γένοιτ’
655 717 870 773 ἀξιόχρεως
900 720 1132 770 τηλικούτου
1159 718 1403 771 πράγματος)
1427 719 1490 766 ὡς,
1517 720 1586 759 ἐὰν

260 785 373 838 ἄγηθ’
404 787 577 839 ἡσυχίαν
610 786 672 826 καὶ
707 785 864 827 ἅπαντα
894 788 1085 838 προῆσθε,
1120 787 1189 827 οὐκ
1221 786 1282 826 ἐπ’
1316 786 1454 828 αὐτοὺς
1488 786 1587 835 ὑμᾶς

259 856 452 893 τελευτῶν
478 854 626 894 ἐκεῖνος
655 851 752 902 ἥξει,
781 853 951 906 αἰσχρὸν
979 855 1050 904 μὲν
1075 853 1121 903 νὴ
1146 852 1214 893 τὸν
1243 854 1322 893 Δία
1351 853 1412 893 καὶ
1438 851 1587 894 πάντας

260 919 372 960 θεοὺς
403 918 465 959 καὶ
495 918 656 969 ἀνάξιον
685 920 792 970 ὑμῶν
823 920 884 960 καὶ
911 923 989 960 τῶν
1017 920 1277 973 ὑπαρχόντων
1305 919 1350 975 τῇ
1377 920 1492 960 πόλει
1525 920 1586 960 καὶ

261 985 547 1038 πεπραγμένων
571 990 655 1028 τοῖς
680 986 903 1038 προγόνοις,
930 988 998 1036 τῆς
1025 987 1123 1027 ἰδίας
1148 987 1260 1026 ἕνεκα
1284 987 1474 1039 ῥᾳθυμίας
1497 985 1587 1028 τοὺς

261 1052 407 1094 ἄλλους
436 1052 586 1095 πάντας
608 1051 816 1103 ’Έλληνας
846 1054 900 1094 εἰς
929 1053 1111 1093 δουλείαν
1139 1051 1344 1104 προέσθαι,
1377 1052 1438 1092 καὶ
1469 1051 1587 1104 ἔγωγ’

260 1119 375 1161 αὐτὸς
390 1121 462 1171 μὲν
477 1119 661 1160 τεθνάναι
675 1122 833 1170 μᾶλλον
849 1119 897 1159 ἂν
913 1116 1055 1169 ἣταῦτ’
1071 1118 1265 1171 εἰρηκέναι
1281 1119 1516 1170 βουλοίμην·
1543 1118 1588 1158 οὐ

258 1186 335 1238 μὴν
348 1186 439 1227 ἀλλ’
453 1188 489 1227 εἴ
501 1203 559 1228 τις
571 1186 695 1228 ἄλλος
710 1185 822 1238 λέγει
839 1185 901 1226 καὶ
915 1187 1012 1237 ὑμᾶς
1023 1187 1162 1232 πείθει,
1178 1186 1294 1232 ἔστω,
1308 1185 1360 1236 μὴ
1375 1185 1585 1236 ἀμύνεσθε,

260 1253 415 1294 ἅπαντα
444 1254 628 1305 πρόεσθε.
701 1254 735 1294 εἰ
762 1255 803 1294 δὲ
830 1254 967 1304 μηδενὶ
1000 1256 1116 1293 τοῦτο
1145 1256 1263 1299 δοκεῖ,
1290 1251 1518 1293 τούναντίον
1544 1254 1586 1293 δὲ

261 1321 456 1371 πρόϊσμεν
489 1319 670 1366 ἅπαντες,
706 1321 766 1360 ὅτι
797 1321 879 1375 ὅσῳ
911 1319 960 1361 ἂν
991 1320 1188 1361 πλειόνων
1220 1318 1403 1370 ἐάσωμεν
1437 1320 1586 1360 ἐκεῖνον

260 1386 448 1439 γενέσθαι
475 1387 617 1439 κύριον,
639 1387 817 1440 τοσούτῳ
843 1386 1107 1467 χαλεπωτέρῳ
1135 1387 1197 1427 καὶ
1222 1385 1463 1440 ἰσχυροτέρῳ
1488 1402 1584 1439 χρη-

261 1453 399 1505 σόμεθ’
425 1456 567 1508 εχθρῷ,
596 1456 666 1494 ποῖ
695 1454 959 1504 ἀναδυόμεθα;
997 1470 1020 1503 η
1051 1454 1092 1494 τί
1119 1452 1341 1504 μέλλομεν,·
1379 1470 1402 1503 η
1430 1452 1530 1498 πότ’,
1557 1450 1586 1492 ὠ

259 1520 397 1572 ἄνδρες
429 1519 645 1571 Ἀθηναῖοι,
683 1522 732 1560 τὰ
767 1519 908 1561 δεοντα
942 1524 1071 1561 ποιεῖν
1107 1519 1370 1570 ε’θελησομεν;
1409 1520 1504 1560 ὅταν
1539 1518 1586 1569 νῗ]

260 1587 329 1628 Δί’
354 1588 567 1640 ἀναγκαῖον
592 1586 629 1643 ᾗ.
689 1586 782 1627 ἀλλ’
805 1586 853 1638 ἣν
876 1589 949 1638 μὲν
973 1587 1020 1627 ἄν
1044 1603 1102 1629 τις
1127 1586 1343 1639 ἐλευθέρων
1369 1586 1586 1638 ἀνθρώπων

259 1653 435 1707 ἀνάγκην
473 1655 588 1700 εἴποι,
625 1655 670 1694 οὐ
706 1655 827 1705 μόνον
863 1653 936 1704 ἤδη
972 1653 1176 1706 πάρεστιν,
1215 1654 1320 1694 ἀλλὰ
1359 1653 1422 1694 καὶ
1462 1652 1586 1693 πάλαι

258 1720 520 1774 παρελήλυθε,
565 1721 636 1771 τὴν
679 1723 719 1762 δὲ
761 1724 840 1762 τῶν
882 1721 1033 1761 δούλων
1075 1722 1321 1774 ἀπεύχεσθαι
1369 1718 1492 1771 δήπου
1532 1719 1584 1771 μὴ

257 1787 447 1841 γενέσθαι
484 1791 553 1828 δεῖ.
626 1787 804 1840 διαφέρει
843 1790 885 1828 δὲ
922 1790 977 1834 τί;
1032 1789 1091 1828 ὅτι
1134 1788 1243 1828 ἐστὶν
1283 1787 1474 1842 ἐλευθέρῳ
1513 1789 1585 1838 μὲν

257 1855 448 1910 ἀνθρώπῳ
477 1856 644 1907 μεγίστη
676 1854 825 1907 ἀνάγκη
852 1855 874 1906 ἡ
899 1856 996 1906 ὑπὲρ
1020 1859 1096 1895 τῶν
1127 1854 1369 1907 γιγνομένων
1398 1854 1583 1908 αἰσχύνη,

259 1922 321 1962 καὶ
356 1922 473 1973 μείζω
509 1921 649 1973 ταύτης
685 1922 752 1962 οὐκ
790 1921 861 1962 οἶδ’
896 1921 1020 1972 ἥντιν’
1057 1921 1104 1962 ἂν
1141 1923 1330 1973 εἴποιμεν·
1379 1921 1507 1976 δούλῳ
1544 1922 1585 1961 δὲ

301 2042 320 2071 3
344 2029 507 2073 μεγάλης]
525 2033 649 2070 πολλῆς
670 2031 694 2061 F
706 2030 733 2061 B
748 2031 772 2061 L
790 2041 874 2062 corr.
896 2036 929 2062 et
946 2041 967 2061 x
986 2042 1025 2070 24
1203 2040 1222 2070 5
1247 2031 1421 2072 λογίσηται
1443 2030 1533 2070 vulg.
1552 2034 1586 2062 et

258 2076 411 2106 rhetores
428 2086 434 2106 :
458 2074 629 2116 λογίζηται
650 2075 672 2105 S
687 2074 722 2105 Ι)
736 2074 779 2111 Α,
798 2075 837 2106 cf.
860 2086 879 2104 x
899 2086 939 2113 24
1117 2075 1137 2104 6
1161 2077 1264 2106 ποιεῖν
1279 2079 1356 2113 post
1375 2073 1470 2116 ἐθέλῃ
1490 2073 1585 2116 (θέλῃ

259 2119 283 2149 S
297 2119 352 2160 L')
371 2119 446 2149 add.
467 2118 554 2158 vulg.
576 2119 629 2148 hic
653 2124 686 2149 et
710 2129 731 2148 x
750 2129 810 2157 24:
837 2129 902 2148 om.
924 2119 946 2148 S
960 2118 997 2148 1⁴¹
1178 2128 1192 2157 7
1220 2123 1295 2158 post
1320 2119 1483 2159 ἐγγυητὴς
1507 2118 1583 2149 add.

258 2164 333 2202 ἡμῖν
359 2162 427 2203 (vel
452 2162 538 2202 ὑμῖν)
565 2162 654 2201 vulg.
672 2173 678 2192 :
711 2172 775 2192 om.
796 2164 818 2190 S
833 2162 868 2191 L¹
887 2162 949 2192 soli
1197 2171 1231 2192 11
1260 2164 1334 2195 τοὺς
1354 2167 1434 2193 ante
1453 2162 1540 2194 θεοὺς
1558 2162 1581 2193 S

258 2207 346 2245 vulg.
364 2217 371 2237 t
396 2216 462 2237 om.
480 2205 551 2235 AY
703 2206 742 2235 16
764 2204 893 2245 μηδενὶ]
911 2207 1021 2244 μηδενὶ
1039 2205 1098 2245 μὲν
1116 2205 1144 2235 Y
1158 2205 1188 2235 Ο
1302 2210 1377 2244 post
1395 2207 1490 2236 τοῦτο
1507 2205 1582 2235 add.

257 2250 340 2289 μήτε
359 2250 382 2280 S
395 2250 421 2279 L
438 2262 444 2281 :
468 2259 532 2279 om.
552 2252 627 2280 cett.
721 2247 771 2287 δὲ]
790 2262 825 2280 τε
846 2248 878 2278 F¹
894 2248 930 2278 Β1
1071 2259 1109 2287 19
1134 2249 1201 2289 ποῖ]
1220 2249 1254 2280 τί
1270 2248 1310 2279 al.
1448 2259 1484 2278 21
1513 2249 1585 2280 ἀνα,-

257 2295 370 2334 γκαῖον
396 2293 493 2323 SL¹:
526 2292 650 2333 ἀνάγκη
676 2304 724 2324 τις
746 2292 850 2331 vulg..
876 2292 916 2323 cf.
944 2292 974 2321 iv
1003 2302 1051 2330 ιο,
1078 2303 1098 2322 x
1123 2302 1162 2331 27
1339 2301 1380 2330 23
1417 2292 1516 2330 δήπου
1542 2292 1586 2331 μὴ

257 2336 424 2377 γενέσθαι]
457 2346 519 2367 om.
552 2334 637 2373 Sl),
667 2335 791 2366 habent
820 2335 912 2366 codd.
945 2346 1032 2366 omn.
1063 2346 1084 2365 x
1113 2345 1164 2374 27,
1193 2334 1232 2366 cf.
1262 2335 1343 2365 xxiv
1371 2345 1423 2375 57,
1451 2344 1518 2365 xxv
1546 2343 1583 2374 31

259 2389 300 2419 25
323 2379 523 2421 γιγνομένων
539 2379 562 2409 S
577 2379 610 2409 L'
625 2379 654 2409 A
666 2379 696 2409 Y
707 2384 739 2409 et
754 2390 774 2408 x
790 2389 828 2418 27
846 2390 852 2409 ε
877 2379 1073 2420 πραγμάτων
1086 2379 1189 2418 vulga,
1203 2378 1242 2410 cs.
1256 2379 1287 2408 iv
1302 2389 1340 2409 10
1356 2389 1362 2408 τ
1386 2379 1587 2420 γιγνομένων

258 2423 453 2465 πραγμάτων
470 2423 510 2453 al.
634 2423 676 2453 26
700 2424 841 2461 εἴποιμεν
860 2422 882 2451 S
896 2422 932 2452 L*
951 2422 1014 2453 soli
1030 2435 1034 2453 :
1063 2424 1141 2453 εἴποι
1160 2436 1207 2455 τις
1227 2422 1313 2461 vulg.
1335 2427 1367 2452 et
1386 2433 1406 2452 x
1425 2432 1464 2461 27
1481 2434 1487 2452 :
1514 2424 1585 2464 εἴπῃ

258 2480 307 2499 τις
324 2467 364 2498 al.

1610 867 1648 890 10

1611 1200 1647 1232 15

1609 1533 1648 1554 20

1608 1865 1645 1899 25
