1763 2828
135 111 220 166 βῆ

178 496 217 534 15

176 1023 218 1058 16

174 1825 216 1860 18

677 113 1163 151 ΔΗΜΟΣΘΕΝΟΎΣ
1536 107 1580 162 m

254 213 480 259 Ὀλυνθίοις
510 216 636 270 ἐφάνη
672 234 707 257 τι
739 220 854 256 τοῦτο
889 217 1206 268 συναμφότερον·
1245 216 1328 257 νυνὶ
1360 218 1402 258 δὲ
1428 219 1580 258 Θεττα-

252 285 337 324 λοῖς
370 287 537 324 νοσοῦσι
567 284 630 324 καὶ
660 282 965 336 τεταραγμένοις
996 284 1061 324 ἐπὶ
1090 282 1162 333 τὴν
1193 282 1426 335 τυραννικὴν
1456 284 1582 325 οἰκίαν

251 348 491 401 ἐβοήθησεν·
544 351 605 391 καὶ
647 351 737 390 ὅποι
775 367 833 392 τις
871 350 932 397 ἄν,
975 349 1094 401 οἶμαι,
1135 350 1290 406 προσθῇ
1330 348 1400 391 κᾶν
1440 352 1582 402 μικρὰν

251 416 428 467 δύναμιν,
462 416 577 458 πάντ’
611 417 774 470 ὠφελεῖ·
818 416 914 466 αὐτὴ
953 419 994 457 δὲ
1032 416 1116 457 καθ’
1153 416 1275 466 αὑτὴν
1310 416 1482 467 ἀσθενὴς
1519 418 1582 458 καὶ

251 487 414 524 πολλῶν
441 488 567 525 κακῶν
594 485 681 524 ἐστι
708 482 853 534 μεστή.
928 484 990 524 καὶ
1021 485 1096 536 γὰρ
1123 483 1235 526 οὗτος
1260 482 1387 524 ἅπασι
1415 483 1580 530 τούτοις,

248 550 307 592 οἷς
339 550 387 591 ἄν
419 568 477 593 τις
509 550 635 603 μέγαν
669 550 786 591 αὐτὸν
818 549 1031 602 ἡγήσαιτο,
1068 553 1150 592 τοῖς
1179 549 1368 601 πολέμοις
1403 550 1464 591 καὶ
1496 554 1582 593 ταῖς

251 618 488 669 στρατείαις,
534 617 587 658 ἔτ’
630 617 986 670 ἐπισφαλεστέραν
1029 614 1053 667 ἢ
1095 618 1249 670 ὑπῆρχε
1297 618 1418 669 φύσει
1466 634 1578 659 κατε-

251 684 442 725 σκεύακεν
475 685 590 739 αὑτῷ.
660 684 713 735 μὴ
750 686 825 736 γὰρ
862 684 1003 733 οἴεσθ’,
1033 682 1063 724 ὦ
1094 683 1232 736 ἄνδρες
1257 683 1472 735 Ἀθηναῖοι,
1498 688 1581 726 τοῖς

249 750 380 792 αὐτοῖς
406 752 611 792 Φίλιππόν
635 768 678 792 τε
702 752 856 804 χαίρειν
882 751 944 791 καὶ
966 751 1056 793 τοὺς
1076 750 1330 804 ἀρχομένους,
1353 750 1444 791 ἀλλ’
1463 752 1484 790 ὁ
1507 753 1581 802 μὲν

249 814 366 867 δόξης
398 819 579 868 ἐπιθυμεῖ
612 819 673 858 καὶ
706 817 809 857 τοῦτ’
835 817 1020 868 ἐζήλωκε,
1051 819 1112 858 καὶ
1148 819 1365 873 προῄρηται
1398 817 1580 870 πράττων

251 883 313 923 καὶ
339 885 584 931 κινδυνεύων,
608 884 656 924 ἂν
683 886 820 940 συμβῇ
845 901 893 930 τι,
922 887 1075 930 παθεῖν,
1099 883 1170 934 τὴν
1197 888 1264 924 τοῦ
1288 883 1580 936 διαπράξασθαι

249 949 355 990 ταῦθ’
390 950 414 989 ἂ
447 952 582 1001 μηδεὶς
615 950 765 991 πώποτ’
795 950 920 992 ἄλλος
954 952 1198 991 Μακεδόνων
1231 950 1428 1002 βασιλεὺς
1460 949 1581 1001 δόξαν

249 1017 335 1057 ἀντὶ
367 1020 435 1057 τοῦ
469 1017 537 1068 ζῆν
572 1019 768 1070 ἀσφαλῶς
796 1016 998 1074 ᾑρημένος·
1036 1022 1117 1059 τοῖς
1148 1019 1190 1057 δὲ
1224 1019 1292 1068 τῆς
1323 1019 1395 1069 μὲν
1421 1022 1577 1070 φιλοτι-

248 1084 338 1134 μίας
375 1086 442 1134 τῆς
479 1084 557 1124 ἀπὸ
592 1084 741 1125 τούτων
773 1084 818 1124 οὐ
853 1083 1028 1135 μέτεστι,
1067 1085 1303 1135 κοπτόμενοι
1335 1083 1368 1125 δ’
1402 1085 1463 1125 ἀεὶ
1495 1088 1581 1126 ταῖς

250 1152 474 1203 στρατείαις
507 1151 665 1193 ταύταις
697 1155 782 1193 ταῖς
811 1150 891 1191 ἄνω
925 1150 1027 1191 κάτω
1060 1154 1276 1192 λυποῦνται
1307 1151 1369 1191 καὶ
1402 1155 1581 1205 συνεχῶς

248 1221 582 1269 ταλαιπωροῦσιν,
618 1217 698 1258 οὔτ’
735 1218 798 1258 ἐπὶ
834 1222 916 1259 τοῖς
954 1218 1083 1270 ἔργοις
1119 1217 1201 1258 οὔτ’
1235 1218 1299 1259 ἐπὶ
1334 1221 1416 1260 τοῖς
1452 1219 1580 1259 αὐτῶν

249 1283 361 1326 ἰδίοις
382 1285 546 1335 ἐώμενοι
566 1285 797 1338 διατρίβειν,
821 1284 903 1325 οὔθ’
925 1284 989 1324 ὅσ’
1008 1284 1056 1325 ἂν
1076 1283 1303 1335 ποιήσωσιν
1327 1286 1449 1327 οὕτως
1473 1286 1579 1328 ὅπως

247 1349 297 1390 ἂν
345 1351 548 1397 δύνωνται,
592 1351 698 1392 ταῦτ’
742 1352 902 1405 ἔχοντες
951 1350 1158 1392 διαθέσθαι
1199 1351 1458 1403 κεκλειμένων
1501 1356 1579 1392 τῶν

248 1418 446 1469 ἐμπορίων
475 1422 554 1458 τῶν
584 1420 627 1459 ἐν
656 1419 703 1474 τῇ
732 1419 845 1473 χώρᾳ
879 1420 943 1458 διὰ
976 1418 1045 1459 τὸν
1078 1419 1266 1469 πόλεμον.
1337 1421 1376 1459 οἱ
1407 1421 1480 1470 μὲν
1511 1419 1579 1459 οὗν

247 1484 393 1524 πολλοὶ
420 1486 663 1525 Μακεδόνων
688 1489 769 1526 πῶς
795 1485 936 1539 ἔχουσι
962 1487 1165 1540 Φιλίππῳ,
1193 1487 1234 1526 ἐκ
1263 1485 1413 1526 τούτων
1442 1486 1490 1526 ἄν
1521 1503 1579 1529 τις

249 1550 434 1603 σκέψαιτ’
459 1552 503 1592 οὐ
536 1555 737 1605 χαλεπῶς·
776 1553 812 1592 οἱ
843 1554 883 1592 δὲ
910 1552 956 1602 δὴ
984 1552 1071 1604 περὶ
1096 1552 1214 1593 αὐτὸν
1246 1554 1357 1595 ὄντες
1385 1551 1491 1603 ξένοι
1517 1553 1579 1593 καὶ

248 1617 467 1670 πεζέταιροι
492 1618 611 1670 δόξαν
644 1620 718 1669 μὲν
752 1619 915 1672 ἔχουσιν
946 1619 996 1661 ὡς
1028 1620 1106 1660 εἶσὶ
1136 1620 1355 1670 θαυμαστοὶ
1387 1620 1449 1660 καὶ
1479 1637 1576 1672 συγ-

248 1684 525 1737 κεκροτημένοι
559 1687 606 1725 τὰ
639 1689 707 1725 τοῦ
739 1685 927 1737 πολέμου,
956 1686 1006 1728 ὡς
1041 1686 1074 1726 δ’
1103 1687 1183 1739 ἐγὼ
1215 1690 1292 1728 τῶν
1325 1687 1367 1727 ἐν
1400 1686 1498 1744 αὐτῇ
1529 1693 1578 1743 τῇ

247 1751 357 1805 χώρᾳ
393 1751 668 1804 γεγενημένων
704 1752 810 1795 τινὸς
845 1753 1001 1803 ἤκουον,
1036 1753 1176 1806 ἀνδρὸς
1210 1754 1386 1804 οὐδαμῶς
1419 1755 1503 1794 οἵου
1535 1770 1578 1795 τε

247 1818 481 1870 ψεύδεσθαι,
509 1819 678 1860 οὐδένων
704 1820 806 1860 εἰσὶν
841 1821 1040 1871 βελτίους.
1114 1822 1146 1861 εἶ
1178 1822 1251 1871 μὲν
1282 1819 1358 1873 γάρ
1390 1837 1448 1862 τις
1481 1820 1578 1872 ἀνήρ

249 1886 360 1925 ἐστιν
386 1887 428 1925 ἐν
454 1885 586 1927 αὐτοῖς
612 1886 694 1928 οἶος
719 1887 902 1939 ἔμπειρος
928 1887 1107 1938 πολέμου
1134 1887 1195 1927 καὶ
1221 1887 1398 1939 ἀγώνων,
1419 1887 1578 1929 τούτους

246 1953 319 2002 μὲν
339 1954 548 2006 φιλοτιμίᾳ
567 1952 716 1996 πάντας
741 1954 914 1994 ἀπωθεῖν
934 1953 1051 1995 αὐτὸν
1071 1954 1161 2007 ἔφη,
1189 1955 1436 2005 βουλόμενον
1461 1953 1577 1995 πάνθ’

247 2019 364 2058 αὑτοῦ
401 2022 531 2060 δοκεῖν
569 2019 670 2060 εἶναι
706 2021 836 2072 τᾶργα
868 2020 979 2072 (πρὸς
1021 2023 1095 2073 γὰρ
1135 2021 1183 2061 αὗ
1220 2024 1302 2063 τοῖς
1337 2020 1476 2062 ἄλλοις
1515 2020 1578 2061 καὶ

296 2138 306 2156 1
336 2126 526 2159 Ὀλυνθίοις·
545 2128 755 2168 interpunxit
773 2128 910 2168 Madvig
928 2129 1040 2160 deleto
1058 2134 1222 2160 commate
1241 2134 1318 2169 post
1334 2129 1578 2171 συναμφότερον

247 2169 281 2202 δὲ
299 2181 365 2201 om.
386 2171 418 2201 S*
439 2172 533 2202 solus
726 2183 744 2202 2
770 2175 899 2204 νοσοῦσι
918 2173 1036 2212 Cobet,
1057 2173 1098 2203 cf.
1115 2173 1219 2204 schol.
1237 2184 1267 2212 p.
1285 2183 1339 2212 92.
1362 2183 1398 2212 15
1415 2186 1421 2203 z
1446 2176 1576 2206 νοσοῦσι

246 2215 297 2245 καὶ
323 2214 534 2253 στασιάζουσι
559 2214 660 2254 vulg..
686 2215 725 2245 cs.
755 2216 787 2245 ix
820 2225 875 2247 12:
917 2216 1127 2255 στασιάζουσι
1152 2217 1216 2247 SB
1241 2227 1366 2253 weram
1396 2217 1576 2247 lectionem

245 2257 415 2296 glossema
434 2258 577 2297 expulit)
777 2268 797 2296 3
823 2258 1002 2297 ἐβοήθησεν
1019 2261 1108 2298 vulg.
1125 2271 1131 2289 :
1156 2259 1236 2290 secl.
1255 2259 1366 2290 Weil:
1394 2261 1577 2298 ἐβοήθησαν

246 2300 301 2331 38¹
321 2300 398 2330 F113
414 2301 515 2331 Vind.
537 2311 548 2330 1
640 2302 692 2332 καὶ
708 2305 788 2331 ante
807 2303 878 2333 ὅποι
895 2303 970 2332 add.
989 2303 1097 2341 vulg:
1121 2313 1184 2334 om.
1202 2302 1236 2334 S'
1252 2303 1344 2334 solus
1438 2312 1475 2342 15
1498 2307 1576 2342 post

243 2345 306 2375 ἄνω
323 2344 399 2374 add.
421 2357 457 2375 τε
476 2345 526 2375 καὶ
545 2344 635 2382 vulg.
652 2355 658 2374 z
685 2346 735 2376 καὶ
752 2344 818 2376 aL:
843 2355 905 2376 om.
928 2346 952 2376 S
965 2345 1004 2384 B,
1023 2346 1063 2378 cs.
1082 2346 1114 2377 iv
1131 2356 1169 2386 41
1335 2357 1371 2386 17
1397 2347 1576 2385 ποιήσωσιν

244 2389 268 2417 S
282 2387 306 2417 F
321 2387 348 2417 Β
362 2397 368 2415 2
392 2387 569 2427 πορίσωσιν
585 2387 674 2426 vulg.

1601 500 1619 532 5

1601 831 1642 855 10

1602 1165 1639 1197 15

1599 1500 1640 1523 20

1599 1834 1638 1867 25
