1731 2844
433 388 717 432 CODICVM
762 388 1142 430 CATALOGVS

455 513 538 552 QVI
572 512 832 545 PRAECIPVI
865 512 1128 544 FERVNTVR

585 601 803 640 FAMILIA
837 601 1000 641 PRIMA

131 689 154 720 S
186 687 241 721 vel
273 691 308 720 Σ.
368 686 574 720 Parisinus
608 694 712 729 2934,
748 685 1068 727 membranaceus,
1105 696 1199 719 saec.
1235 698 1256 719 x
1291 684 1459 720 ineuntis.

272 743 445 778 Continet
472 742 656 778 orationes
683 743 885 787 sexaginta,
911 741 1114 786 Prooemia,
1139 742 1330 787 Epistulas
1353 742 1459 786 quin-

269 813 340 846 que
367 801 527 845 primas:
565 801 699 836 desunt
728 800 887 846 Philippi
917 800 1088 846 Epistula
1116 799 1192 845 (xii)
1220 807 1254 834 et
1282 799 1461 834 orationis

270 858 449 904 septimae
479 858 646 894 decimae
676 871 761 903 pars
796 865 973 894 extrema.
1034 858 1231 893 Orationes
1267 857 1462 893 Prooemia

273 917 464 962 Epistulae
487 917 558 952 hoc
582 917 712 952 ordine
736 918 917 961 leguntur,
936 917 1000 952 Or.
1020 916 1104 959 i-iv‚
1123 915 1197 959 viii,
1217 916 1277 959 vii,
1297 929 1330 959 v,
1349 915 1396 958 vi,
1416 915 1462 958 ix,

271 988 304 1019 x,
330 975 374 1018 xi,
401 975 481 1018 xxii,
512 974 605 1019 xxiv,
637 975 734 1018 xxiii,
763 987 818 1018 xx,
847 974 915 1018 xxi,
944 974 1042 1017 xviii,
1070 974 1140 1018 xix,
1171 986 1251 1018 xxv,
1280 973 1373 1017 xxvi,
1403 973 1462 1015 lix,

272 1032 389 1076 xxxvi⁷
405 1033 475 1075 xlv,
491 1033 574 1076 xlvi,
590 1033 720 1076 xxxvii,
736 1033 879 1076 xxxviii,
894 1033 1131 1074 xxxii-xxxiV,
1150 1031 1355 1075 Prooemia,
1371 1030 1461 1076 Epi-

273 1092 391 1126 stulae
410 1091 570 1136 quinque
591 1091 627 1135 (i,
643 1091 687 1133 iv,
706 1091 739 1135 ii,
756 1103 790 1134 V,
806 1090 870 1135 iii),
887 1092 951 1126 Or.
966 1090 1181 1132 xxvii-xxxi,
1201 1091 1261 1134 liv,
1276 1090 1337 1133 lvi,
1352 1088 1463 1132 xlviii,

272 1148 370 1191 xlvii,
389 1149 435 1192 lv,
454 1150 476 1192 l,
496 1148 533 1191 li,
552 1148 615 1192 liii,
632 1149 715 1191 xlix,
741 1148 788 1191 lii,
813 1148 1026 1191 xxxix—xliv,
1048 1148 1123 1192 lvii,
1141 1148 1229 1192 lviii,
1246 1148 1306 1193 lxi,
1325 1148 1371 1190 lx,
1390 1147 1463 1188 xiii,

274 1207 345 1248 xiv,
363 1207 434 1250 xvi,
450 1219 507 1249 xv,
521 1206 605 1241 xvii.
658 1205 896 1242 Orationibus
915 1206 1059 1241 duabus
1077 1213 1113 1241 et
1132 1205 1258 1250 viginti
1279 1204 1464 1250 adscripta

273 1271 355 1300 sunt
383 1271 620 1309 argumenta3
657 1275 828 1299 versuum
856 1263 1017 1309 (στίχων)
1046 1276 1221 1300 numerus
1247 1265 1465 1309 plerumque

274 1323 526 1368 subscriptus;
556 1322 592 1357 in
608 1322 775 1367 margine
794 1321 923 1357 addita
942 1329 1026 1357 sunt
1046 1322 1186 1358 scholia
1205 1332 1300 1368 quae
1319 1332 1416 1357 saec.
1431 1321 1463 1356 xi

274 1392 356 1416 esse
382 1380 554 1416 videntur
580 1387 617 1416 et
642 1380 812 1415 lectionis
835 1380 1032 1416 varietates
1056 1380 1272 1426 permultae.
1325 1379 1401 1425 Ipsi
1426 1390 1466 1414 se

276 1438 424 1474 librario
453 1438 651 1484 corrigenti
683 1450 820 1483 magna
851 1439 943 1474 fides
974 1439 1148 1474 habenda
1176 1444 1245 1482 est,
1273 1449 1346 1473 non
1378 1437 1465 1472 item

276 1497 407 1533 ceteris
434 1498 712 1532 correctoribus.

324 1555 451 1591 Codex
475 1556 690 1591 minusculis
714 1556 895 1600 scriptus;
923 1555 1062 1590 codicis
1085 1555 1294 1600 exemplum
1313 1553 1466 1589 unciali-

279 1615 346 1649 bus
369 1614 548 1659 scriptum
572 1614 685 1649 fuisse
707 1613 831 1660 liquet.
885 1613 1007 1649 Huius
1031 1613 1300 1659 praestantiam
1326 1612 1466 1658 primus

278 1672 454 1708 intellexit
495 1673 643 1708 Bekker
680 1672 871 1717 (Oratores
904 1673 1038 1716 Attici,
1074 1673 1192 1707 Oxon.
1231 1670 1468 1715 1822—1823).

279 1730 458 1765 Codicem
498 1731 774 1776 heliographice
815 1742 1030 1776 expressum
1072 1730 1188 1766 edidit
1230 1731 1274 1765 E.
1314 1731 1468 1772 Leroux,

281 1788 395 1833 Paris,
427 1791 527 1833 1892.

140 1861 179 1894 L.
230 1859 517 1893 Laurentianus
541 1859 629 1904 plut.
657 1859 717 1894 lvi.
744 1868 777 1903 9.
805 1859 884 1903 136,
912 1859 1045 1904 partim
1076 1859 1305 1902 chartaceus,
1333 1856 1468 1903 partim

279 1917 547 1962 bombycinus:
575 1918 772 1962 pleraeque
790 1916 975 1952 orationes
994 1928 1090 1952 saec.
1106 1916 1166 1951 xiii
1186 1916 1243 1951 vel
1262 1916 1332 1950 xiv.
1376 1916 1469 1950 Ora-

280 1975 399 2010 tiones
433 1975 597 2010 continet
637 1975 707 2010 hoc
742 1975 871 2010 ordine
911 1975 1109 2010 collocatas
1144 1974 1166 2018 i,
1202 1974 1235 2015 ii,
1272 1973 1307 2008 iii
1343 1973 1469 2017 (manu

281 2033 419 2069 recenti
444 2032 631 2079 scriptas),
653 2032 726 2076 viii,
745 2033 805 2076 vii,
824 2033 872 2077 vi,
892 2033 936 2075 ix,
956 2046 977 2068 x
1002 2033 1152 2079 (desunt
1177 2032 1361 2078 quaedam
1386 2031 1470 2065 inde

282 2104 304 2126 a
322 2092 366 2126 ix.
385 2101 431 2135 70
449 2089 570 2127 ίἰ’σως’
589 2103 705 2137 usque
723 2091 771 2125 ad
789 2104 819 2126 x.
840 2101 860 2125 2
879 2091 888 2109 ‘
900 2090 1022 2136 ταύτης
1042 2091 1191 2134 ἐκεῖνον,’
1211 2102 1306 2136 quae
1325 2090 1471 2133 supple-

283 2150 335 2184 vit
366 2161 498 2185 manus
529 2149 814 2194 recentissima),
841 2149 888 2193 xi,
915 2149 998 2194 xxii,
1023 2149 1106 2184 xxiv
1137 2148 1270 2193 (tribus
1300 2147 1472 2182 manibus

282 2208 469 2253 scriptam,
494 2208 639 2243 duabus
666 2219 763 2243 saec.
787 2207 846 2243 xiv
872 2206 912 2253 ἐξ
937 2216 1061 2251 1-174,
1084 2213 1273 2252 postrema
1298 2217 1397 2241 saec.
1415 2217 1470 2244 xV,

281 2272 319 2301 ut
347 2266 504 2311 videtur,
525 2264 564 2311 ἓξ
591 2274 652 2311 175
673 2264 784 2311 sqq.),
809 2278 865 2310 xx,
891 2265 989 2309 xviii,
1016 2265 1086 2308 xix,
1113 2264 1197 2299 xxiii
1227 2264 1316 2309 (non
1341 2263 1473 2298 eadem

282 2324 431 2370 quidem
460 2335 585 2367 manu,
617 2324 682 2359 sed
712 2335 841 2359 omnes
874 2324 1005 2358 eadem
1040 2324 1117 2358 fere
1152 2329 1272 2358 aetate
1308 2321 1474 2367 scriptas,

284 2394 380 2418 saec.
403 2382 463 2417 xiii
488 2383 544 2417 vel
569 2381 655 2427 xiv),
681 2381 726 2417 xii
754 2381 880 2425 (manu
906 2380 1135 2424 recentiore).

197 2453 385 2484 DEMOSTH„
400 2453 478 2475 voL.
497 2453 520 2475 1.
774 2439 845 2474 xvii
1310 2437 1334 2471 b
