1763 2828
128 111 216 166 [50]

137 554 215 609 [51]

177 1704 224 1737 40

675 111 1169 149 ΔΗΜΟΣΘΕΝΟὙΣ
1522 105 1578 160 [1v

248 219 371 255 ταῦτα’
396 214 598 266 μέλλεται,
627 216 919 268 προαπόλωλεν
944 215 988 255 τὸ
1018 214 1082 267 ἐφ’
1108 214 1128 253 ὒ
1158 215 1206 255 ἂν
1232 214 1473 266 ἐκπλέωμεν·
1510 214 1579 256 τὸν

247 284 322 335 γὰρ
359 286 426 322 τοῦ
462 282 646 335 πράττειν
681 284 826 336 χρόνον
864 284 919 324 εἰς
954 282 999 322 τὸ
1035 281 1404 334 παρασκευάζεσθαι
1440 283 1576 323 ἀναλί-

248 367 410 401 σκομεν,
429 352 465 391 οἱ
486 352 527 390 δὲ
546 354 623 390 τῶν
644 349 886 402 πραγμάτων
906 349 951 390 οὐ
969 349 1134 401 μένουσι
1154 350 1279 402 καιροὶ
1297 349 1368 399 τὴν
1386 348 1579 402 ἡμετέραν

247 419 474 469 βραδυτῆτα
495 417 556 457 καὶ
577 418 799 469 εἰρωνείανν
851 417 895 458 ἃς
915 419 956 458 δὲ
976 416 1045 457 τὸν
1063 415 1209 468 μεταξὺ
1234 417 1379 469 χρόνον
1398 415 1579 467 δυνάμεις

248 484 394 535 οἰόμεθ’
419 484 511 534 ἡμῖν
537 484 740 537 ὑπάρχειν,
769 484 882 525 οὐδὲν
907 484 991 525 οἶαί
1011 483 1042 524 τ’
1069 483 1185 524 οὖσαι
1213 486 1348 523 ποιεῖν
1365 482 1426 524 ἐπ’
1452 483 1578 523 αὐτῶν

248 545 325 590 τῶν
351 554 495 603 καιρῶν
521 550 815 603 ἐξελέγχονται.
888 551 908 590 ὁ
932 551 965 591 δ’
991 552 1046 592 εἷς
1070 550 1174 590 τοῦθ’
1201 551 1356 602 ὕβρεως
1386 549 1580 601 ἐλήλυθεν

247 617 342 657 ὥστ’
371 616 626 658 ἐπιστέλλειν
653 617 878 669 Εὐβοεῦσιν
904 618 976 668 ἤδη
1001 618 1183 660 τοιαύτας
1209 616 1439 659 ἐπιστολάς.

657 740 892 770 ΕΠΙΣΤΟΛΗΣ
925 741 1169 770 ΑΝΑΓΝΩΣῙΣ.

282 811 489 873 ’ἈΤούτωιῃ
517 817 545 859 ὦ
579 820 716 872 ἄνδρες
749 820 963 871 Ἀθηναῖοι,
991 824 1068 861 τῶν
1103 819 1416 873 ἀνεγνωσμένων
1449 821 1578 872 ἀληθῆ

248 886 320 938 μέν
347 887 432 926 ε’στι
457 888 505 926 τὰ
529 886 677 933 πολλά,
706 887 758 929 ὡς
783 887 851 927 οὐκ
877 887 967 932 ἔδει,
996 887 1040 927 οὐ
1063 887 1140 938 μὴν
1167 887 1265 928 ἀλλ’,
1279 889 1377 929 ἴσως
1401 887 1474 940 οὐχ
1498 887 1579 938 ἡδέ’

250 953 418 994 ἀκούειν.
479 953 570 993 ἀλλ’
598 955 630 994 εἰ
654 952 739 1004 μέν,
767 953 831 993 ὅσ’
856 953 904 994 ἄν
936 970 994 995 τις
1023 954 1178 1010 ὑπερβῇ
1207 958 1259 1009 τῷ
1289 955 1411 1008 λόγῳ,
1440 955 1503 994 ἵνα
1526 954 1578 1005 μὴ

249 1019 423 1077 λυπήσῃ,
464 1020 525 1060 καὶ
562 1022 610 1060 τὰ
647 1019 845 1072 πράγμαθ’
883 1019 1170 1073 ὑπερβήσεται,
1209 1024 1270 1061 δεῖ
1304 1020 1401 1073 πρὸς
1436 1021 1579 1071 ἡδονὴν

249 1090 500 1139 δημηγορεῖν·
541 1089 573 1127 εἰ
599 1087 631 1126 δ’
651 1087 673 1138 ἡ
699 1091 777 1128 τῶν
801 1088 934 1140 λόγων
958 1087 1084 1141 χάρις,
1108 1087 1156 1128 ἂν
1179 1086 1204 1144 ᾗ
1228 1087 1280 1139 μὴ
1306 1086 1577 1140 προσήκουσα,

249 1153 351 1208 ἔργῳ
384 1155 497 1204 ζημία
529 1155 719 1206 γίγνεται,
746 1155 918 1207 αἰσχρόν
948 1156 1034 1195 ἐστι
1061 1155 1286 1207 φενακίζειν
1317 1155 1488 1200 ἑαυτούς,
1518 1155 1579 1194 καὶ

250 1219 391 1261 ἅπαντ’
416 1221 772 1272 ἀναβαλλομένους
797 1222 844 1262 ἂν
867 1221 890 1278 ᾗ
915 1224 1087 1274 δυσχερῆ
1114 1221 1273 1263 πάντων
1297 1222 1478 1274 ὑστερεῖν
1502 1225 1579 1262 τῶν

251 1287 389 1341 ἔργων,
419 1288 480 1328 καὶ
507 1290 605 1339 μηδὲ
631 1292 743 1328 τοῦτο
769 1288 961 1329 δύνασθαι
985 1291 1138 1339 μαθεῖν,
1166 1290 1226 1329 ὅτι
1251 1292 1312 1330 δεῖ
1341 1288 1431 1331 τοὺς
1455 1289 1580 1341 ὀρθῶς

249 1353 411 1409 πολέμῳ
453 1354 678 1407 χρωμένους
714 1355 782 1395 οὐκ
818 1356 1049 1396 ἀκολουθεῖν
1085 1360 1167 1397 τοῖς
1203 1355 1445 1408 πράγμασιν,
1485 1355 1578 1396 ἀλλ’

253 1422 392 1463 αὐτοὺς
418 1421 642 1474 ἔμπροσθεν
668 1422 766 1462 εἶναι
790 1426 869 1463 τῶν
888 1422 1142 1475 πραγμάτων,
1166 1424 1228 1464 καὶ
1253 1423 1321 1464 τὸν
1346 1423 1463 1464 αὐτὸν
1487 1424 1575 1476 τρό-

252 1506 326 1530 πον
343 1489 478 1540 ὥσπερ
498 1492 574 1528 τῶν
595 1488 898 1541 στρατευμάτων
917 1488 1101 1540 ἀξιώσειέ
1126 1507 1184 1532 τις
1202 1489 1250 1531 ἂν
1268 1490 1337 1531 τὸν
1353 1490 1578 1543 στρατηγὸν

250 1558 448 1609 ἡγεῖσθαι,
466 1557 564 1596 οὕτω
584 1556 644 1596 καὶ
660 1560 737 1596 τῶν
754 1556 995 1609 πραγμάτων
1011 1557 1102 1599 τοὺς
1117 1557 1442 1609 βουλευομένους,
1465 1557 1514 1598 ἵν’
1530 1558 1578 1598 ἂν

250 1623 415 1664 ἐκείνοις
449 1626 555 1680 δοκῇ,
590 1627 710 1664 ταῦτα
744 1623 961 1676 πράττηται
993 1625 1055 1664 καὶ
1087 1624 1140 1675 μὴ
1174 1627 1221 1665 τὰ
1257 1624 1453 1675 συμβάντ’
1481 1625 1572 1664 ἀνα-

250 1688 469 1740 γκάζωνται
495 1683 685 1749 διώκειν-ζ’]
706 1692 829 1742 ὑμεῖς
856 1690 901 1737 δ’,
925 1689 954 1731 ὦ
980 1691 1116 1744 ἄνδρες
1142 1691 1357 1742 Ἀθηναῖοι,
1379 1692 1576 1742 πλείστην

251 1757 415 1808 δύναμιν
447 1756 630 1797 ἁπάντων
663 1758 837 1811 ἔχοντες,
864 1757 1044 1811 τριήρεις,
1078 1759 1254 1805 ὁπλίτας,
1289 1757 1442 1805 ἱππέας,
1479 1776 1574 1811 χρη-

247 1822 383 1874 μάτων
418 1824 630 1875 πρόσοδον,
668 1825 817 1865 τούτων
854 1827 926 1876 μὲν
964 1825 1082 1878 μέχρι
1119 1828 1189 1876 τῆς
1227 1824 1394 1877 τήμερον
1433 1825 1578 1877 ἡμέρας

249 1890 380 1930 οὐδενὶ
413 1890 561 1931 πώποτ’
596 1892 650 1933 εἰς
683 1891 772 1932 δέον
805 1909 842 1931 τι
877 1891 1086 1945 κέχρησθε,
1118 1892 1231 1933 οὐδὲν
1264 1892 1297 1932 δ’
1325 1893 1575 1938 ἀπολείπετε,

251 1957 386 2009 ὥσπερ
421 1958 456 1998 οἱ
488 1956 692 2010 βάρβαροι
724 1958 995 2004 πυκτεύουσιν,
1023 1960 1122 1999 οὕτω
1155 1962 1346 2010 πολεμεῖν
1373 1961 1576 2013 Φιλίππῳ.

298 2076 311 2097 1
345 2065 502 2106 μέλλεται
528 2066 574 2097 S:
605 2066 751 2107 μέλλετε
775 2072 853 2098 cett.
968 2067 1199 2109 προαπόλωλεν
1224 2069 1342 2099 codd-t
1374 2070 1578 2110 προαπώλετ’

254 2110 350 2141 Blass
439 2111 477 2142 τὸ
496 2111 545 2152 ἐφ’
564 2112 580 2143 ὃ
599 2110 622 2141 S
638 2122 645 2141 ε
671 2111 720 2152 ἐφ’
740 2111 758 2143 ἃ
775 2115 852 2142 cett.
985 2121 1005 2149 3
1031 2113 1065 2143 οὐ
1082 2111 1215 2151 μένουσι
1234 2113 1334 2151 καιροὶ
1353 2111 1397 2143 S:
1423 2114 1523 2154 καιροὶ
1542 2115 1577 2144 οὐ

249 2153 381 2193 μένουσι
400 2154 487 2191 vulg.
505 2166 511 2185 ε
528 2156 628 2196 καιροὶ
647 2157 703 2187 οὐκ
722 2154 912 2194 ἀναμένουσι
930 2153 961 2184 Α
973 2154 1004 2184 Y
1110 2167 1128 2193 4
1148 2156 1307 2197 εἰρωνείαν
1321 2156 1344 2186 S
1357 2155 1384 2185 B
1401 2166 1407 2185 t
1425 2156 1578 2198 ῥᾳθυμίαν

251 2197 338 2236 vulg.
522 2208 558 2236 15
584 2197 636 2237 ἂν]
657 2199 675 2230 ἃ
692 2199 730 2230 ἂν
748 2198 771 2228 S
789 2210 795 2228 :
820 2199 881 2230 ὅσα
898 2200 935 2230 ἂν
953 2202 1028 2229 cett.
1167 2201 1312 2241 ὑστερεῖν
1329 2199 1353 2230 S
1370 2210 1376 2229 :
1401 2198 1579 2241 ὑστερίζειν

252 2245 331 2271 cett.
507 2252 549 2272 20
573 2241 825 2282 βουλευομένους
844 2241 867 2271 S
887 2241 997 2272 solus:
1025 2241 1059 2273 εὖ
1079 2242 1332 2282 βουλευομένους
1349 2243 1496 2284 ἡγεῖσθαι
1514 2244 1578 2285 χρή

252 2284 339 2322 vulg.
467 2295 507 2323 25
533 2286 577 2317 εἰς
594 2285 666 2317 δέον
683 2299 714 2316 τι
734 2285 757 2315 S
772 2285 796 2315 F
809 2284 855 2316 B:
883 2287 916 2316 ἐν
933 2284 1038 2317 δέοντι
1057 2285 1143 2325 vplg.
1228 2285 1320 2318 οὐδὲν
1337 2287 1363 2318 δ’
1382 2287 1577 2318 ἀπολείπετε

253 2327 409 2358 Dobree:
444 2330 569 2360 οὐδενὸς
594 2329 621 2360 δ’
641 2329 836 2360 ἀπολείπετε
862 2329 886 2359 S
911 2329 1025 2359 solus:
1059 2331 1184 2361 οὐδενὸς
1209 2329 1236 2361 δ’
1254 2330 1471 2361 ἆπολείπεσθε
1487 2329 1574 2368 vulg.

251 2372 295 2401 26
318 2371 351 2403 δὲ
370 2376 447 2410 post
464 2373 569 2412 ὥσπερ
587 2372 661 2403 add.
681 2372 769 2410 Vulg.
787 2383 792 2403 :
819 2383 882 2403 om.
902 2372 936 2402 5¹
955 2372 1047 2402 solus
1150 2375 1304 2413 πολεμεῖν
1321 2372 1356 2404 S¹
1372 2384 1378 2403 :
1403 2375 1578 2413 πολεμεῖτε

250 2415 331 2446 cett,

1599 495 1616 527 5

1603 903 1641 928 10

1601 1573 1640 1595 20

1599 1906 1637 1938 25
