1731 2844
848 498 868 536 I

613 620 1020 667 ΟΛΤΝΘΙΑΚΟΣ
1068 624 1108 664 Α

634 758 828 785 ΛῙΒΑΝΙΟΤ
858 757 1076 786 ΤΠΟΘΕΣῙΣ.

240 825 426 866 ’Όλυνθος
462 825 507 874 ἦν
540 827 648 866 πόλις
687 826 746 863 ἐπὶ
780 825 938 876 Θρᾴκης,
972 825 1195 875 Ἑλληνικὸν
1228 825 1266 863 δὲ
1300 826 1413 875 ταύτῃ
1450 828 1521 863 τῶν

192 881 425 919 ἐνοικούντων
444 881 486 918 τὸ
509 881 623 932 γένος,
646 881 719 918 ἀπὸ
741 880 928 920 Χαλκίδος
950 883 1010 926 τῆς
1031 883 1068 918 ἐν
1087 881 1245 930 Εὐβοίᾳ·
1276 881 1299 928 ἡ
1321 880 1357 917 δὲ
1378 880 1521 920 Χαλκὶς

191 934 432 984 Ἀθηναίων”
410 952 571 975 αποικος.
609 935 749 973 πολλοι
769 935 806 972 δὲ
826 936 985 984 πόλεμοι
1006 951 1065 971 και
1085 934 1223 980 ἔνδοξοι
1242 936 1305 983 τῆς
1324 934 1518 972 Ὀλύνθου·

191 988 398 1038 Ἀθηναίοις
417 1006 455 1027 τε
475 990 546 1041 γὰρ
567 989 842 1038 ἐπολεμησεν”
820 1006 977 1040 αρχουσι
999 991 1071 1026 τῶν
1088 987 1281 1037 Ελλήνων
1300 989 1341 1026 τὸ
1361 989 1522 1026 παλαιὸν

153 1058 170 1088 5
193 1043 252 1081 καὶ
271 1043 373 1084 αὖθις
393 1043 703 1092 Λακεδαιμονίοις·
733 1044 853 1094 χρόνῳ
876 1042 907 1080 τ’
928 1045 976 1083 εἷς
997 1042 1147 1092 δύναμιν
1166 1042 1333 1092 προῆλθε
1351 1043 1521 1093 μεγάλην

192 1097 251 1135 καὶ
276 1101 346 1135 τῶν
370 1100 559 1149 συγγενῶν
580 1098 724 1135 πόλεων
748 1099 917 1147 ἐπῆρχεν·
950 1096 995 1145 ἦν
1013 1098 1084 1148 γὰρ
1108 1096 1167 1134 ἐπὶ
1190 1096 1337 1147 Θρᾳκης
1362 1097 1461 1134 πολύ
1486 1114 1520 1134 τι

189 1169 294 1203 γενος
309 1152 544 1190 Χαλκιδικόν.
584 1152 758 1202 Φιλίππω
774 1151 811 1189 δὲ
826 1154 904 1201 τῷλ
891 1151 1113 1189 Μακεδόνων
1127 1151 1287 1200 βασιλεῖ
1304 1151 1520 1201 συμμαχίαν

191 1207 225 1243 οῖ
244 1205 431 1244 Ὀλύνθιοι
451 1206 706 1255 ποιησάμενοι,
725 1205 784 1243 καὶ
803 1208 1050 1255 πολεμοῦντες
1069 1203 1148 1254 μετ’
1167 1207 1278 1243 αἰτοῦ
1298 1206 1389 1254 πρὸς
1408 1204 1519 1254 Ἀθη-

190 1261 310 1300 ναιὝοις
347 1260 388 1297 τὸ
429 1258 505 1297 κατ’
543 1260 669 1310 ἀρχάς,
705 1259 765 1297 καὶ
801 1262 909 1297 τοῦτο
942 1261 1010 1309 μὲν
1043 1258 1291 1309 Ἀνθεμοῦντα
1323 1261 1422 1308 παρὰ
1455 1262 1519 1297 τοῦ

132 1327 171 1349 10
190 1314 403 1354 Μακεδόνος
448 1315 652 1363 εἰληφότες,
692 1315 803 1352 πόλιν
841 1314 1183 1363 ἀμφισβητήσιμον
1221 1313 1415 1351 Μακεδόσι
1460 1314 1519 1351 καὶ

189 1366 406 1413 Ὀλυνθίοις,
436 1371 544 1406 τοῦτο
577 1368 614 1406 δὲ
650 1368 880 1412 Ποτείδαιαν,
909 1366 955 1416 ἢν
984 1366 1188 1417 Ἀθηναίων
1220 1369 1378 1418 ἐχόντων
1412 1370 1518 1405 ἐκπο-

189 1423 391 1472 λιορκήσας
415 1424 435 1460 ὁ
457 1422 642 1463 Φίλιππος
662 1421 869 1463 Ὀλυνθίοις
891 1422 1107 1472 παρέδωκεν,
1128 1423 1283 1472 ὕστερον
1302 1422 1518 1461 ὑποπτεύειν

188 1476 345 1527 ἤρξαντο
378 1477 442 1515 τὸν
468 1477 646 1526 βασιλέα,
677 1478 827 1526 ὁρῶντες
860 1478 971 1515 αὐτοῦ
1003 1479 1154 1528 ταχεῖαν
1184 1477 1243 1514 καὶ
1275 1477 1424 1525 πολλὴν
1452 1476 1518 1525 τὴν

188 1532 354 1580 αὔξησιν,
377 1533 418 1569 οὒ
437 1531 575 1580 πιστὴν
594 1531 632 1569 δὲ
649 1531 716 1580 τὴν
734 1532 894 1583 γνώμην.
956 1531 1215 1581 ἀποδημοῦντα
1235 1531 1272 1569 δὲ
1291 1532 1518 1580 τηρήσαντες

132 1599 167 1631 15
188 1586 308 1631 αὐτόν,
340 1586 548 1635 πέμψαντες
581 1586 761 1635 πρέσβεις
794 1586 886 1635 πρὸς
918 1583 1135 1634 Ἀθηναίους
1169 1586 1420 1623 κατελύσαντο
1453 1585 1518 1623 τὸν

188 1640 280 1689 πρὸς
308 1640 437 1680 αὐτοὺς
464 1642 640 1689 πόλεμον,
668 1643 855 1680 ποιοῦντες
884 1643 991 1678 τοῦτο
1020 1641 1119 1689 παρὰ
1147 1641 1211 1681 τὰς
1240 1640 1426 1688 συνθήκας
1453 1641 1518 1680 τὰς

186 1694 277 1743 πρὸς
296 1695 494 1732 Φίλιππον·
526 1694 774 1733 συνετέθειντο
797 1696 869 1747 γὰρ
895 1694 954 1732 καὶ
977 1697 1080 1745 κοινῇ
1101 1697 1278 1744 πολεμεῖν
1297 1695 1387 1743 πρὸς
1406 1692 1517 1743 Ἀθη-

187 1749 318 1793 ναίους,
350 1747 416 1786 κᾶν
447 1749 545 1786 ἄλλο
578 1765 613 1786 τι
644 1748 744 1799 δόξῃ,
776 1751 878 1800 κοινῇ
909 1749 1153 1788 σπείσασθαι.
1212 1750 1231 1787 ὁ
1262 1749 1300 1786 δὲ
1331 1750 1516 1789 Φίλιππος

186 1804 303 1840 πάλαι
322 1804 389 1852 μὲν
407 1803 631 1852 προφάσεως
650 1802 705 1841 ἐπ’
725 1804 854 1844 αὐτοὺς
873 1803 1051 1853 δεόμενος,
1068 1804 1150 1842 τότε
1166 1803 1204 1841 δὲ
1223 1803 1359 1851 ταύτην
1373 1803 1515 1852 λαβών,

128 1871 167 1893 20
185 1858 232 1897 ὡς
269 1858 332 1898 τὰς
371 1857 556 1907 συνθήκας
588 1858 880 1907 παραβεβηκόσι
918 1859 977 1896 καὶ
1011 1858 1102 1908 πρὸς
1134 1859 1216 1898 τοὺς
1250 1858 1403 1909 ἐχθροὺς
1434 1858 1517 1897 τοὺς

185 1914 314 1949 ἑαυτοῦ
334 1913 464 1960 φιλίαν
479 1913 734 1961 ἐσπεισμένοις
752 1913 918 1961 πόλεμον
933 1913 1141 1965 ἐπήνεγκεν.
1182 1913 1216 1950 οἶ
1235 1912 1273 1950 δὲ
1292 1912 1517 1961 πεπόμφασι

183 1967 362 2015 πρέσβεις
378 1968 426 2006 εἷς
440 1965 597 2016 Ἀθήνας
611 1966 693 2016 περὶ
707 1966 895 2015 βοηθείας,
911 1966 963 2007 οἷς
978 1969 997 2005 ὁ
1011 1966 1256 2017 Δημοσθένης
1268 1966 1515 2018 συναγορεύει,

183 2020 339 2069 βοηθεῖν
355 2021 511 2059 κελεύων
525 2023 600 2061 τοῖς
619 2019 835 2061 Ὀλυνθίοις.
895 2022 958 2059 καί
975 2024 1073 2070 φησι
1092 2021 1159 2070 τὴν
1173 2020 1377 2058 Ὀλυνθίων
1396 2037 1515 2069 σωτη-

183 2075 265 2124 ρίαν
285 2075 498 2122 ἀσφάλειαν
518 2074 607 2113 εἶναι
629 2078 700 2113 τῶν
719 2073 933 2124 Ἀθηναίων·
965 2076 1181 2126 σῳζομένων
1200 2077 1271 2127 γὰρ
1294 2078 1365 2113 τῶν
1384 2073 1515 2113 Ὀλυν-

127 2141 164 2173 25
185 2128 271 2167 θίων
307 2128 473 2167 οὐδέποθ’
516 2129 616 2178 ἥξειν
653 2131 702 2169 εἷς
745 2130 813 2177 τὴν
848 2128 1019 2178 Ἀττικὴν
1056 2130 1254 2173 Φίλιππον,
1294 2130 1395 2166 ἀλλὰ.
1438 2131 1513 2168 τοῖς

183 2181 391 2232 Ἀθηναίοις
425 2184 595 2229 ἐξουσίαν
625 2183 778 2221 ἔσεσθαι
811 2186 920 2222 πλειν
953 2184 1012 2221 ἐπι
1045 2184 1112 2232 τὴν
1146 2183 1377 2221 Μακεδονίαν
1412 2185 1515 2220 κάκεῖ

183 2237 369 2276 ποιεῖσθαι
392 2238 456 2275 τὸν
475 2239 650 2286 πόλεμον·
683 2239 713 2275 εἰ
736 2236 765 2275 δ
790 2238 860 2275 υπὸ
885 2239 1058 2289 Φιλίππῳ
1081 2237 1214 2289 γενοιθ’
1214 2238 1260 2340 φὴ
1279 2238 1388 2277 πόλις
1407 2238 1510 2285 αὕτη,

184 2291 351 2329 ἀνεῖσθαι
373 2291 440 2340 τὴν
459 2291 518 2329 ἐπὶ
541 2293 604 2332 τὰς
629 2291 786 2341 Ἀθήνας
810 2292 894 2330 ὁδὸν
913 2308 962 2343 τῳ
987 2278 1155 2341 βαισιλεῖ.
1214 2292 1312 2341 φησὶ
1339 2290 1367 2329 δ
1393 2289 1510 2342 (οἶδὲ)

674 2395 715 2425 28
739 2394 810 2427 οὐδὲ
828 2395 904 2426 add.
924 2395 1021 2426 Blass

1551 875 1607 930 [7]

1543 2182 1601 2237 [8]
