1763 2828
159 581 200 615 18

158 1123 199 1158 19

662 132 1149 172 ΔΙΙΜΟΣΘΕΝΟὙΣ
1500 130 1564 186 [111

234 237 347 278 αὐτοί
368 237 404 290 γ’
426 239 543 278 α’ίτιοι
568 237 752 290 φήσομεν
777 237 888 284 εἶναι,
918 241 1060 290 σαφῶς
1084 237 1171 278 οἶδα
1196 238 1297 278 τοῦτ’
1325 240 1414 292 ἐγώ.
1476 240 1564 281 οὐδὲ

232 307 308 358 γὰρ
342 306 384 346 ἐν
416 309 497 347 τοῖς
533 309 602 345 τοῦ
637 305 813 357 πολέμου
850 306 1042 348 κινδύνοις
1080 308 1157 345 τῶν
1195 306 1404 358 φυγόντων
1441 307 1565 349 οὐδεὶς

232 374 371 413 ἑαυτοῦ
395 376 615 426 κατηγορεῖ,
637 373 743 413 ἀλλὰ
768 376 836 413 τοῦ
861 375 1086 425 στρατηγοῦ
1113 373 1175 413 καὶ
1200 376 1278 413 τῶν
1302 375 1477 424 πλησίον
1502 375 1565 415 καὶ

231 438 391 480 πάντων
408 442 578 491 μᾶλλον,
598 439 786 490 ἥττηνται
811 439 844 480 δ’
863 441 967 490 ὅμως
994 441 1056 480 διὰ
1081 439 1231 482 πάντας
1254 439 1344 482 τοὺς
1363 441 1565 493 φυγόντας

231 505 368 557 δήπου·
405 506 539 557 μένειν
563 508 639 559 γὰρ
670 505 763 557 ἐξῆν
787 511 840 561 τῷ
871 509 1151 559 κατηγοροῦντι
1179 511 1257 547 τῶν
1283 507 1432 554 ἄλλων,
1461 509 1494 549 εἰ
1523 510 1565 550 δὲ
1585 524 1604 557 5

231 573 335 614 τοῦτ’
362 575 487 614 ἐποίει
516 574 697 619 ἕκαστος,
725 574 864 614 ἐνίκων
889 573 948 613 ἄν.
1022 574 1084 614 καὶ
1113 577 1194 620 νῦν,
1223 574 1267 614 οὐ
1293 574 1405 627 λέγει
1434 591 1494 617 τις
1516 577 1565 616 τὰ

231 640 443 691 βέλτιστα·
497 641 675 683 ἀναστὰς
717 640 842 682 ἄλλος
884 639 1044 687 εἰπάτω,
1081 640 1134 692 μὴ
1176 644 1314 682 τοῦτον
1356 641 1562 683 αἰτιάσθω.

232 707 362 759 ἕτερος
391 707 503 760 λέγει
532 724 590 749 τις
622 709 788 759 βελτίω·
824 711 947 748 ταῦτα
975 707 1114 748 ποιεῖτ’
1139 708 1268 765 ἀγαθῇ
1295 709 1408 765 τύχῃ.
1470 708 1564 749 ἀλλ’

231 774 304 827 οὐχ
331 773 425 824 ἡδέα
449 778 581 814 ταῦτα·
616 774 745 815 οὐκέτι
770 774 874 815 τοῦθ’
900 776 920 814 ὁ
945 774 1076 827 λέγων
1101 776 1391 826 ἀδικεῖ-πλὴν
1416 777 1449 816 εἰ
1475 775 1565 816 δέον

232 840 421 891 εὔξασθαι
451 842 700 894 παραλείπει.
773 839 963 891 εὔξασθαι
996 844 1069 893 μὲν
1099 841 1186 894 γάρ,
1219 840 1248 882 ὦ
1278 842 1415 894 ἄνδρες
1444 842 1562 894 Ἀθη-
1590 857 1628 879 10

231 911 343 953 ναῖοι,
365 906 512 963 ῥᾴδιον,
535 910 590 950 εἷς
615 907 731 948 ταύτὸ
751 908 867 949 πάνθ’
887 910 965 949 ὅσα
984 909 1180 959 βούλεταί
1195 925 1254 950 τις
1274 909 1502 961 ἁθροίσαντ’
1521 911 1565 951 ἐν

230 975 367 1029 ὀλίγῳ·
406 974 572 1016 ἑλέσθαι
601 975 647 1021 δ’,
675 976 770 1016 ὅταν
796 976 883 1027 περὶ
914 975 1155 1028 πραγμάτων
1180 979 1352 1033 προτεθῇ
1383 980 1561 1023 σκοπεῖν,

231 1041 358 1082 οὐκέθ’
396 1043 538 1093 ὁμοίως
579 1042 756 1095 εὔπορον,
799 1044 905 1083 ἀλλὰ
945 1045 1004 1083 δεῖ
1043 1044 1092 1082 τὰ
1134 1042 1318 1093 βέλτιστ’
1359 1043 1446 1084 ἀντὶ
1487 1047 1565 1084 τῶν

229 1108 368 1159 ἡδέων,
397 1109 444 1149 ἂν
469 1109 521 1160 μὴ
554 1109 821 1162 συναμφότερ’
848 1109 929 1166 ἐξῇ,
955 1109 1195 1161 λαμβάνειν.
1267 1110 1300 1150 εἰ
1325 1109 1367 1151 δέ
1391 1127 1449 1152 τις
1472 1110 1566 1162 ἡμῖν

229 1176 314 1230 ἔχει
341 1177 403 1216 καὶ
428 1178 476 1216 τὰ
502 1178 669 1229 θεωρικὰ
695 1178 763 1217 ε’ἃν
785 1177 847 1217 καὶ
874 1177 1016 1229 πόρους
1042 1176 1196 1229 ἑτέρους
1215 1175 1350 1229 λέγειν
1371 1194 1563 1230 στρατιω-
1589 1192 1624 1224 15

228 1243 372 1289 τικούς,
411 1243 485 1296 οὐχ
522 1243 635 1285 οὗτος
672 1244 875 1294 κρείττων;
926 1245 1028 1284 εἴποι
1065 1260 1123 1285 τις
1159 1243 1220 1284 ἄν.
1292 1242 1391 1297 φήμ’
1423 1244 1562 1297 ἔγωγε,

230 1311 338 1363 εἴπερ
365 1309 488 1356 ἔστιν,
516 1309 545 1350 ὦ
576 1310 714 1362 ἄνδρες
739 1310 956 1361 Ἀθηναῖοι·
995 1312 1102 1351 ἀλλὰ
1132 1309 1313 1361 θαυμάζω
1340 1312 1376 1351 εἴ
1401 1309 1455 1365 τῴ
1477 1310 1564 1352 ποτ’

229 1377 447 1429 ἀνθρώπων
473 1374 495 1427 ἢ
526 1376 693 1429 γέγονεν
717 1374 740 1427 ἢ
771 1376 995 1429 γενήσεται,
1030 1377 1076 1418 ἂν
1107 1379 1155 1417 τὰ
1185 1377 1347 1430 παρόντ’
1374 1378 1564 1435 ἀναλώσῃ

228 1443 325 1496 πρὸς
355 1445 379 1484 ἃ
406 1444 459 1495 μὴ
490 1447 560 1489 δεῖ,
588 1448 667 1485 τῶν
691 1444 874 1485 ἀπόντων
901 1444 1118 1496 εὐπορῆσαι
1143 1444 1240 1496 πρὸς
1264 1445 1288 1484 δι
1313 1447 1381 1485 δεῖ.
1454 1445 1562 1491 ἀλλ’,

228 1510 348 1562 οἶμαι,
380 1510 482 1563 μέγα
514 1514 596 1554 τοῖς
625 1511 816 1553 τοιούτοις
845 1510 1015 1565 ὑπάρχει
1046 1512 1184 1563 λόγοις
1216 1512 1238 1562 ἡ
1272 1511 1363 1563 παρ’
1396 1511 1564 1553 ἑκάστου
1587 1530 1626 1551 20

227 1578 438 1629 βούλησις,
470 1579 604 1631 διόπερ
633 1579 781 1634 ῥᾷστον
810 1577 996 1618 ἁπάντων
1023 1578 1133 1618 ἐστὶν
1159 1578 1277 1619 αὑτὸν
1302 1577 1562 1630 ἐξαπατῆσαι·

227 1644 248 1684 ὃ
277 1647 352 1697 γὰρ
382 1645 588 1696 βούλεται,
615 1645 720 1685 τοῦθ’
747 1645 915 1688 ἕκαστος
945 1645 1007 1685 καὶ
1038 1646 1175 1691 οἴεται,
1202 1648 1249 1686 τὰ
1279 1647 1321 1686 δὲ
1352 1644 1565 1698 πράγματα

227 1711 423 1754 πολλάκις
455 1712 527 1766 οὐχ
560 1713 658 1752 οὕτω
696 1711 885 1765 πέφυκεν.
957 1711 1063 1764 ὁρᾶτ’
1097 1712 1178 1759 οὖν,
1214 1710 1244 1752 ὦ
1277 1712 1414 1765 ἄνδρες
1444 1712 1562 1764 Ἀθη-

226 1783 342 1824 ναῖοι,
380 1779 490 1819 ταῦθ’
526 1780 661 1825 οὕτως,
699 1780 806 1821 ὅπως
842 1780 905 1820 καὶ
941 1782 990 1820 τὰ
1027 1779 1222 1832 πράγματ’
1259 1779 1463 1833 ἐνδέχεται
1499 1781 1563 1821 καὶ

226 1845 439 1896 δυνήσεσθ’
459 1844 605 1895 ἐξιέναι
631 1847 693 1887 καὶ
717 1846 864 1897 μισθὸν
890 1845 1010 1897 ἕξετε.
1071 1847 1115 1887 οὔ
1141 1863 1201 1887 τοι
1227 1847 1450 1899 σωφρόνων
1475 1847 1564 1888 οὐδὲ
1585 1864 1622 1897 25

225 1914 418 1966 γενναίων
444 1914 554 1954 ἐστὶν
580 1914 810 1965 ἀνθρώπων,
847 1913 1108 1955 ἐλλείποντάς
1137 1930 1174 1954 τι
1205 1913 1253 1954 δι’
1281 1914 1434 1955 ἔνδειαν
1464 1931 1560 1967 χρη-

225 1979 361 2031 μάτων
385 1984 462 2021 τῶν
488 1984 556 2020 τοῦ
585 1979 764 2031 πολέμου
795 1980 964 2034 εὐχερῶς
993 1983 1041 2021 τὰ
1070 1980 1216 2021 τοιαῦτ’
1249 1981 1378 2031 ὀνείδη
1410 1980 1560 2033 φέρειν,

225 2047 305 2088 οὐδ’
332 2048 396 2088 ἐπὶ
420 2049 492 2098 μὲν
520 2049 748 2100 Κορινθίους
775 2049 837 2088 καὶ
865 2047 1079 2100 Μεγαρέας
1101 2046 1359 2100 ἁρπάσαντας
1382 2049 1430 2087 τὰ
1455 2049 1563 2088 ὅπλα

224 2114 475 2167 πορεύεσθαι,
505 2116 710 2155 Φίλιππον
742 2114 774 2154 δ’
800 2115 869 2154 ε’ἇν
894 2115 1031 2156 πόλεις
1055 2114 1296 2165 Ἑλληνίδας
1325 2115 1558 2166 ἀνδραποδί-

227 2181 362 2231 ζεσθαι
387 2181 433 2221 δι’
461 2183 628 2233 ἀπορίαν
655 2182 827 2233 ἐφοδίων
853 2185 933 2223 τοῖς
959 2180 1299 2233 στρατευομένοις.
1581 2193 1622 2224 30

270 2301 283 2321 1
317 2292 408 2323 αὐτοί
430 2293 462 2332 γ’
488 2291 577 2329 vulg.
598 2302 604 2321 :
638 2293 744 2323 αὐτοῖς
771 2290 803 2331 γ’
830 2290 889 2321 S¹:
920 2293 1027 2323 αὐτοῖς
1054 2290 1129 2321 F¹B
1264 2301 1283 2320 2
1315 2290 1485 2331 φυγόντων
1510 2290 1556 2322 S:

223 2335 411 2376 φευγόντων
429 2335 517 2374 vulg.
678 2345 697 2374 4
722 2334 886 2375 φυγόντας
904 2334 928 2365 S
946 2346 952 2365 ε
977 2334 1159 2375 φεύγοντας
1175 2334 1263 2373 vulg.
1413 2335 1433 2364 6
1458 2335 1556 2366 ἐποίει

223 2379 345 2409 codd.:
372 2379 497 2411 ἐποίουν
516 2378 684 2409 Benseler
840 2388 877 2408 10
900 2378 963 2419 γάρ
981 2388 1045 2408 om.
1066 2377 1144 2418 SY,
1165 2378 1204 2408 cs.
1225 2381 1240 2415 ξ
1259 2387 1296 2408 21
1460 2387 1494 2408 11
1523 2380 1557 2410 ἐν

223 2422 325 2463 ὀλίγῳ
340 2421 363 2452 S
377 2422 483 2460 vulg:
507 2424 540 2453 ἐν
558 2423 603 2453 ἑνὶ
622 2422 712 2462 λόγῳ
727 2421 823 2452 codd.
838 2421 982 2460 aliquot:
1011 2423 1055 2453 ἑνὶ
1074 2421 1164 2463 λόγῳ
1180 2421 1375 2452 Brodaeus:
1403 2424 1436 2453 ἐν
1454 2421 1556 2462 ὀλίγῳ

223 2466 328 2507 χρόνῳ
347 2467 375 2495 Α
388 2465 417 2495 Y
553 2467 594 2494 26
620 2466 832 2497 ἐλλείποντας
851 2465 938 2503 vulg.
955 2476 960 2494 2
987 2466 1158 2497 λείποντας
1177 2465 1200 2494 S
1219 2465 1312 2495 solus
