1731 2844
135 139 176 194 x]
487 143 647 181 ΚΑΤΑ
695 142 1010 180 ΦΙΛΙΠΠΟΎ
1058 145 1093 180 Δ
1479 144 1583 197 [144]

481 244 500 253 Λ

195 244 353 286 ’Όντων
394 245 439 292 δ’,
477 251 506 286 ὡ
548 245 684 297 ἄνδρες
728 245 942 295 Ἀθηναῖοι,
985 247 1063 285 τῶν
1105 244 1310 296 παρόντων
1351 262 1447 297 πρα-
1481 262 1526 296 49

134 311 293 364 γμάτων
319 314 454 358 πᾶσιν,
482 312 533 354 ὡς
557 313 636 364 ἐγὼ
660 312 792 364 κρίνω,
820 313 1022 363 φοβερῶν,
1051 309 1207 352 οὐδένες
1234 312 1275 351 ἐν
1303 311 1450 361 μείζονι

133 378 296 433 κινδύνῳ
321 381 398 419 τῶν
423 377 579 419 πάντων
605 377 707 419 εἰσὶν
730 379 850 428 ὑμῶν,
877 377 922 417 οὐ
945 377 1067 428 μόνον
1091 380 1144 431 τῷ
1174 376 1337 427 μάλισθ’
1361 378 1450 427 ὑμῖν

134 445 408 495 ἐπιβουλεύειν
426 446 641 490 Φίλιππον,
664 445 770 484 ἀλλὰ
790 444 851 483 καὶ
876 447 930 498 τῷ
955 443 1113 483 πάντων
1138 442 1320 495 ἀργότατ’
1342 443 1450 484 αὐτοὶ

94 529 110 560 5
132 513 362 551 διακεῖσθαι.
433 512 466 551 εἶ
498 511 628 551 τοίνυν
659 510 703 549 τὸ
735 514 813 550 τῶν
847 510 974 550 ὠνίων
1006 511 1157 559 πλῆθος
1190 510 1355 560 ὁρῶντες
1389 510 1450 551 καὶ

131 576 203 627 τὴν
232 576 430 628 εὐετηρίαν
458 576 530 626 τὴν
561 578 658 616 κατὰ
686 576 757 626 τὴν
789 575 951 629 ἀγοράν,
977 576 1131 617 τούτοις
1162 574 1373 625 κεκήλησθ’
1399 576 1450 618 ὡς

131 644 175 683 ἐν
207 642 332 683 οὐδενὶ
362 645 474 696 δεινῷ
504 645 571 692 τῆς
602 642 756 684 πόλεως
785 643 919 693 οὔσης,
947 642 1036 683 οὔτε
1064 642 1342 694 προσηκόντως
1372 641 1450 682 οὔτ’

131 709 254 760 ὀρθῶς
294 708 338 748 τὸ
379 711 540 761 πρᾶγμα
585 709 747 760 κρίνετε·
797 709 945 760 ἀγορὰν
985 711 1057 759 μὲν
1094 709 1169 760 γὰρ
1207 707 1254 748 ἄν
1292 724 1349 749 τις
1389 709 1450 748 καὶ
1483 722 1526 758 50

130 774 349 826 πανήγυριν
387 776 429 814 ἐκ
467 775 614 815 τούτων
650 772 674 825 ἢ
711 775 874 827 φαύλως
908 771 932 824 ἢ
969 778 1096 816 καλῶς
1132 773 1450 826 παρεσκευάσθαι

74 856 112 879 10
132 841 266 893 κρίνοι·
304 841 423 882 πόλιν
447 840 480 881 δ’
504 839 552 891 ἣν
577 842 811 893 ὑπείληφεν,
838 840 880 882 ὃς
904 840 954 881 ἂν
977 844 1056 881 τῶν
1079 839 1289 890 Ἑλλήνων
1314 840 1450 894 ἄρχειν

131 908 192 947 ἀεὶ
215 908 423 958 βούληται,
450 908 574 959 μόνην
599 907 647 948 ἂν
672 909 953 957 ἐναντιωθῆναι
977 908 1040 948 καὶ
1065 909 1133 957 τῆς
1158 906 1314 948 πάντων
1338 908 1447 947 ἐλευ-

133 974 263 1025 θερίας
287 976 518 1026 προστῆναι,
548 974 593 1014 οὐ
617 975 671 1025 μὰ
696 973 766 1014 Δί’
792 975 835 1014 ἐκ
859 977 936 1014 τῶν
963 973 1102 1019 ὠνίων,
1129 974 1163 1014 εἷ
1193 977 1322 1015 καλῶς
1351 973 1447 1026 ἔχει,

133 1039 354 1089 δοκιμάζειν
387 1043 456 1086 δεῖ,
486 1039 579 1080 ἀλλ’
610 1041 643 1080 εἷ
673 1039 892 1093 συμμάχων
923 1039 1055 1093 εὐνοίᾳ
1085 1039 1275 1085 πιστεύει,
1303 1041 1336 1080 εἰ
1368 1043 1450 1082 τοῖς

133 1106 271 1147 ὅπλοις
296 1106 440 1160 ἰσχύει,
466 1105 574 1146 ταῦθ’
597 1107 695 1158 ὑπὲρ
717 1108 786 1156 τῆς
810 1107 963 1148 πόλεως
987 1108 1047 1146 δεῖ
1077 1108 1253 1146 σκοπεῖν·
1290 1105 1315 1145 δι
1340 1110 1447 1157 σφα-

76 1186 111 1211 ις
133 1175 257 1224 λερῶς
281 1173 371 1222 ὑμῖν
395 1173 458 1212 καὶ
483 1172 689 1223 Τοὐδαμῶς
721 1171 893 1213 ἅπαντ”Γ
918 1172 1014 1225 ἕχει.
1085 1172 1241 1224 γνοίητε
1270 1171 1303 1211 δ’
1328 1170 1389 1217 ἄν,
1416 1172 1449 1211 εἶ
1483 1183 1521 1219 51

135 1237 352 1290 σκέψαισθ’
380 1239 549 1281 ἐκείνως.
620 1239 716 1279 πότε
743 1237 906 1289 μάλιστ’
932 1240 974 1279 ἐν
1002 1243 1154 1294 ταραχῇ
1181 1238 1230 1277 τὰ
1257 1240 1335 1278 τῶν
1354 1236 1447 1277 Ἑλ-

132 1303 265 1354 λήνων
296 1304 438 1356 γέγονε
468 1304 698 1357 πράγματα,·
736 1303 875 1346 οὐδένα
900 1306 975 1356 γὰρ
1008 1305 1154 1357 χρόνον
1182 1303 1309 1344 ἄλλον
1332 1300 1356 1353 ἢ
1381 1303 1449 1344 τὸν

132 1371 216 1411 νυνὶ
240 1371 400 1422 παρόντ’
426 1370 506 1411 οὐδ’
531 1371 579 1411 ἂν
604 1372 659 1412 εἷς
684 1372 798 1411 εἴποι.
857 1370 927 1411 τὸν
958 1373 1030 1422 μὲν
1054 1372 1128 1422 γὰρ
1160 1369 1287 1410 ἄλλον
1310 1368 1449 1410 ἅπαντ’

132 1437 187 1478 εἰς
221 1437 288 1477 δύο
322 1440 442 1477 ταῦτα
478 1438 636 1494 διῄρητο
672 1438 721 1477 τὰ
755 1440 832 1478 τῶν
864 1435 1087 1487 Ἑλλήνων,
1121 1436 1450 1486 Λακεδαιμονίους

71 1517 112 1539 20
132 1502 194 1543 καὶ
218 1503 331 1554 ἡμᾶς,
357 1507 435 1545 τῶν
461 1503 493 1544 δ’
519 1503 654 1544 ἄλλων
678 1500 918 1555 [Ἑλλήνων]
943 1504 978 1543 οἱ
1002 1504 1073 1553 μὲν
1097 1502 1202 1553 ἡμῖν,
1229 1504 1265 1542 οἱ
1291 1501 1323 1542 δ’
1349 1503 1447 1542 ἐκεί-
1481 1508 1506 1526 ‘²

131 1585 213 1610 νοις
236 1568 443 1620 ὑπήκουον.
514 1569 711 1620 βασιλεὺς
735 1572 776 1610 δὲ
803 1569 886 1610 καθ’
906 1568 1023 1610 αὑτὸν
1041 1570 1112 1619 μὲν
1132 1569 1273 1619 ὁμοίως
1298 1567 1448 1609 ἅπασιν

130 1634 297 1678 ἄπιστος
332 1636 392 1687 ἧν,
429 1635 519 1678 τοὺς
556 1638 598 1677 δὲ
635 1636 916 1688 κρατουμένους
951 1639 1004 1690 τῷ
1041 1634 1199 1689 πολέμῳ
1237 1640 1444 1687 προσλαμ-
1479 1634 1581 1688 [145]

129 1700 279 1752 βάνων,
306 1702 398 1756 ἄχρι
423 1702 467 1743 οὗ
491 1706 572 1745 τοῖς
601 1701 747 1754 ἑτέροις
772 1701 819 1753 ἐξ
840 1704 929 1744 ’ίσου
960 1701 1136 1753 ποιήσαι,
1165 1701 1445 1746 διεπιστεύετο,

130 1767 250 1808 ἔπειτ’
270 1768 343 1822 οὐχ
367 1769 485 1819 ἧττον
509 1768 626 1810 αὐτὸν
651 1769 815 1820 ἐμίσουν
834 1769 900 1811 οὓς
920 1769 1067 1809 σώσειε
1090 1771 1168 1808 τῶν
1191 1768 1448 1820 ὑπαρχόντων

72 1848 109 1881 ²5
131 1834 283 1886 ἐχθρῶν
311 1834 358 1885 ἐξ
383 1835 520 1888 ἀρχῆς.
591 1839 660 1876 νῦν
692 1838 734 1876 δὲ
767 1839 921 1887 πρῶτον
954 1837 1026 1886 μὲν
1050 1835 1070 1874 ὁ
1094 1833 1291 1886 βασιλεὺς
1322 1832 1449 1874 ἅπασι
1481 1847 1520 1883 52

129 1903 210 1941 τοῖς
227 1899 434 1951 “Ελλησιν
458 1902 609 1944 οἰκείως
634 1902 730 1955 ἔχει,
760 1898 854 1943 Τκαὶ
883 1901 1042 1944 πάντων
1072 1901 1216 1952 ἥκιστα
1239 1900 1316 1949 am
1341 1900 1445 1950 ἡμῖν,

172 2019 191 2039 2
215 2011 313 2041 πᾶσιν
328 2020 391 2041 om.
413 2009 437 2040 S
454 2009 555 2040 Vind.
576 2020 589 2040 1
767 2021 786 2050 5
810 2012 848 2043 τὸ
865 2021 929 2042 om.
950 2011 974 2042 S
1149 2020 1172 2049 9
1195 2007 1446 2051 παρεσκευάσθαι

129 2051 227 2083 vind.
250 2062 262 2082 1
280 2064 285 2082 :
311 2057 568 2095 παρασκευασθαι
586 2053 609 2084 S
624 2064 630 2083 :
659 2054 912 2087 κατεσκευάσθαι
928 2054 1017 2094 vulg.
1110 2063 1146 2083 11
1174 2054 1213 2085 ἂν
1229 2062 1293 2083 om.
1313 2051 1337 2082 S
1354 2051 1447 2082 solus

132 2105 168 2134 13
194 2095 334 2126 alterum
353 2098 381 2128 εἷ
396 2096 581 2127 AFBYS
598 2106 683 2127 corr.
704 2107 753 2137 pr.
771 2108 814 2129 m.
830 2108 838 2128 z
861 2108 925 2129 om.
947 2097 1004 2129 Sl:
1030 2097 1080 2129 καὶ
1097 2096 1185 2135 vulg.
1303 2105 1338 2132 14
1365 2101 1448 2135 σφα-

129 2141 228 2180 λερῶς
242 2139 413 2172 SAVind.
424 2149 436 2169 Ι
450 2151 457 2170 1
473 2140 603 2181 φαύλως
614 2139 704 2179 vulg.
789 2149 827 2179 15
839 2143 979 2181 οὐδαμῶς
991 2141 1104 2172 ἅπαντ’
1113 2140 1136 2170 S
1149 2151 1155 2170 :
1169 2141 1204 2171 οὐ
1215 2141 1319 2171 καλῶς
1331 2137 1446 2169 ἅπαντ’

129 2181 235 2220 vulg.:
252 2185 393 2222 οὐδαμῶς
406 2186 510 2215 καλῶς
526 2183 549 2214 S
562 2194 630 2225 yps
656 2185 796 2223 οὐδαμῶς
813 2183 939 2216 ἅπαντα
954 2187 1060 2216 καλῶς
1071 2182 1120 2214 A:
1146 2184 1287 2221 οὐδαμῶς
1304 2180 1338 2213 εὖ
1353 2180 1446 2212 πάντ’

128 2223 220 2255 Weil
235 2236 241 2255 :
265 2225 340 2256 sort.
357 2226 441 2268 [καὶ]
456 2225 520 2258 οὐδ’
535 2227 642 2259 ἄλλως
659 2226 785 2259 ἅπαντα
800 2231 906 2260 καλῶς
998 2237 1037 2265 19
1061 2227 1104 2257 εἷς
1120 2226 1174 2257 δύο
1190 2227 1294 2256 ταῦτα
1309 2234 1372 2255 om.
1387 2223 1423 2254 Sl
1436 2236 1445 2255 ι

129 2267 203 2297 add.
224 2278 264 2298 m.
282 2274 349 2300 ant.
484 2279 527 2299 20
550 2271 576 2300 δ’
592 2274 670 2300 ante
687 2271 796 2302 ἄλλων
814 2281 879 2301 om.
898 2269 945 2309 5¹,
964 2270 1042 2301 add.
1059 2278 1099 2299 m.
1120 2273 1188 2299 ant.
1280 2268 1447 2305 Ἐλλήνων

131 2310 209 2340 secl.
222 2311 309 2342 Weil
398 2323 436 2342 21
463 2312 522 2351 μὲν
538 2312 616 2343 secl.
635 2312 730 2343 Blass
819 2323 860 2343 22
883 2316 950 2345 τοῖς
967 2312 1002 2344 δὲ
1018 2311 1240 2353 κρατουμένοις
1257 2311 1343 2342 coni.
1354 2310 1444 2341 Weil

130 2362 172 2390 23
196 2357 323 2391 ποιῆσαι
342 2355 365 2385 S
378 2355 402 2384 F
414 2355 444 2385 O
584 2356 626 2385 26
649 2357 699 2387 καὶ
716 2356 843 2388 πάντων
858 2356 978 2393 ἥκιστα
993 2356 1030 2393 δὴ
1048 2355 1092 2386 S:
1117 2355 1155 2392 δὴ
1172 2364 1237 2385 om.
1256 2354 1364 2391 vulg.:
1393 2354 1444 2385 καὶ

130 2393 304 2437 (πιστῶς),
322 2397 448 2429 πάντων
464 2398 582 2435 ἥκιστα
599 2399 625 2430 δ’
642 2397 735 2429 Weil
750 2409 755 2428 :
783 2399 866 2440 [καὶ]
886 2398 1012 2431 πάντων
1029 2397 1057 2429 δ’
1073 2397 1175 2435 ἥκισθ’
1192 2397 1278 2428 coni.
1297 2397 1393 2426 Blass

176 2459 357 2488 manos-ru„
378 2460 454 2481 voL.
476 2461 498 2482 1.
1296 2453 1314 2480 9
