1763 2828
129 130 236 185 [107]

195 250 238 285 72

126 635 236 690 [ωε]

193 842 236 878 73

194 1244 239 1280 74

195 1707 237 1745 75

696 131 1184 168 ΔΗΜΟΣΘΕΝΟΎΣ
1504 125 1595 179 [vm

269 234 421 284 μείζους
447 233 495 274 ἂν
519 233 774 283 εἴητε·ίκοῦτο)
802 235 874 285 γὰρ
899 235 996 275 ’ίσως
1022 234 1291 285 ἀνεπίφθονον
1316 234 1453 274 εἰπεῖν.
1476 236 1479 239 ’
1517 233 1595 274 οὐδ’

269 300 403 352 ἔμοιγε
445 303 553 341 δοκεῖ
593 301 741 341 δικαίου
779 299 880 340 τοῦτ’
918 300 1019 340 εἶναι
1060 301 1239 347 πολίτου,
1280 303 1440 340 τοιαῦτα
1480 305 1594 340 πολι-

269 366 427 417 τεύμαθ’
468 368 661 418 εὑρίσκειν
703 366 750 418 ἐξ
787 368 842 408 ὧν
883 367 961 419 ἐγὼ
1002 369 1074 418 μὲν
1114 371 1267 418 πρῶτος
1308 368 1414 417 ὑμῶν
1453 367 1597 418 ἔσομαι

269 433 424 479 εὐθέως,
467 434 575 484 ὑμεῖς
623 436 664 475 δὲ
711 437 790 474 τῶν
830 433 968 474 ἄλλων
1012 434 1189 474 ὕστατοι·
1248 434 1354 474 ἀλλὰ
1401 432 1595 483 συναυξά·

269 503 408 541 νεσθαι
446 503 505 541 δεῖ
535 500 606 550 τὴν
639 501 757 541 πόλιν
790 504 871 542 τοῖς
904 504 981 541 τῶν
1017 501 1177 552 ἀγαθῶν
1209 504 1382 541 πολιτῶν
1413 500 1594 541 πολιτεύ-

267 584 379 618 μασι,
431 568 493 607 καὶ
545 566 588 607 τὸ
641 567 861 617 βέλτιστον
907 567 980 613 ἀεί,
1029 567 1082 617 μὴ
1129 566 1175 606 τὸ
1225 568 1375 622 ῥᾷστον
1421 565 1597 608 ἅπαντας

267 633 414 686 λέγειν·
463 633 524 674 ἐπ’
563 635 688 674 ἐκεῖνο
724 636 796 684 μὲν
831 634 905 686 γὰρ
943 634 1114 686 ἡφύσις
1151 633 1247 683 αὐτὴ
1283 636 1492 684 βαδιεῖται,
1533 634 1597 674 ἐπὶ

267 703 380 740 τοῦτο
415 702 456 741 δὲ
485 703 538 754 τῷ
571 701 680 755 λόγῳ
715 703 776 741 δεῖ
803 699 1049 752 προάγεσθαι
1081 700 1319 741 διδάσκοντα
1350 698 1419 740 τὸν
1449 699 1597 751 ἀγαθὸν

267 766 447 816 πολίτην.

330 831 437 883 ”Ηδη
466 834 597 874 τοίνυν
627 833 734 875 τινὸς
762 833 915 884 ἥκουσα
945 834 1122 874 τοιοῦτόν
1155 850 1193 874 τι
1225 832 1427 885 λέγοντος,
1455 832 1507 875 ὡς
1536 832 1596 884 ἄρ’

267 900 346 951 ἐγὼ
371 899 478 951 λέγω
503 901 575 950 μὲν
600 900 660 940 ἀεὶ
686 901 733 940 τὰ
757 899 969 950 βέλτιστα,
997 900 1107 941 ἔστιν
1133 900 1166 940 δ’
1186 901 1298 940 οὐδὲν
1323 896 1457 949 ἀλλ’ἢ
1482 899 1597 951 λόγοι

267 967 314 1005 τὰ
348 966 438 1018 παρ’
473 967 579 1016 ἐμοῦ,
615 969 676 1006 δεῖ
710 966 742 1005 δ’
776 966 902 1018 ἔργων
938 966 984 1022 τῇ
1024 967 1141 1007 πόλει
1174 967 1235 1006 καὶ
1268 964 1445 1018 πράξεώς
1477 982 1595 1007 τινος.

267 1033 345 1084 ἐγὼ
371 1032 404 1073 δ’
431 1032 481 1074 ὡς
507 1033 587 1086 ἔχω
614 1033 703 1084 περὶ
732 1033 894 1079 τούτων,
919 1032 1023 1083 λέξω
1053 1032 1149 1085 πρὸς
1178 1033 1275 1083 ὑμᾶς
1305 1032 1367 1072 καὶ
1397 1031 1465 1072 οὐκ
1497 1032 1594 1072 ἀπο-

269 1099 480 1151 κρύψομαι.
554 1099 634 1140 οὐδ’
677 1099 778 1140 εἶναι
820 1100 962 1150 νομίζω
1004 1102 1073 1139 τοῦ
1113 1098 1461 1150 συμβουλεύοντος
1506 1098 1597 1149 ὑμῖν

268 1165 384 1218 ἔργον
409 1165 522 1207 οὐδὲν
543 1167 649 1216 πλὴν
675 1167 800 1207 εἰπεῖν
819 1167 867 1206 τὰ
891 1165 1101 1217 βέλτιστα.
1163 1166 1226 1206 καὶ
1250 1164 1355 1206 τοῦθ’
1374 1165 1433 1205 ὅτι
1458 1168 1597 1206 τοῦτον

269 1232 354 1285 ἕχει
390 1232 459 1274 τὸν
495 1234 643 1285 τρόπον
683 1233 826 1287 ῥᾳδίως
864 1232 972 1284 οἶμαι
1009 1232 1164 1283 δείξειν.
1236 1233 1321 1273 ἴστε
1360 1232 1435 1284 γὰρ
1473 1230 1598 1282 δήπου

269 1299 374 1339 τοῦθ’
403 1299 465 1340 ὅτι
492 1300 687 1350 Τιμόθεός
720 1300 806 1340 ποτ’
834 1301 982 1342 ἐκεῖνος
1015 1301 1058 1340 ἐν
1091 1300 1181 1350 ὑμῖν
1213 1298 1512 1350 ἐδημηγόρησεν
1546 1298 1596 1340 ὡς

270 1368 331 1407 δεῖ
359 1369 524 1417 βοηθεῖν
560 1366 621 1407 καὶ
655 1366 746 1408 τοὺς
778 1366 960 1418 Εὐβοέας
995 1364 1146 1421 σῴζειν,
1181 1366 1246 1406 ὅτε
1273 1367 1451 1416 Θηβαῖοι
1485 1381 1596 1406 κατε-

270 1433 469 1474 δουλοῦντ’
505 1433 657 1480 αὐτούς,
693 1433 756 1474 καὶ
787 1433 918 1485 λέγων
951 1433 1059 1474 εἶπεν
1096 1432 1194 1473 οὕτω
1232 1448 1326 1473 πως·
1366 1430 1479 1472 ίεἰπέ
1515 1448 1594 1482 μοι,

269 1499 543 1550 βουλεύεσθε,’
564 1500 655 1552 ἔφη,
685 1502 694 1517 ‘
713 1500 920 1550 Θηβαίους
944 1499 1105 1553 ἔχοντες
1123 1500 1166 1540 ἐν
1186 1497 1308 1552 νήσῳ,
1329 1499 1369 1538 τί
1390 1496 1596 1551 χρήσεσθε

271 1567 333 1607 καὶ
358 1567 398 1607 τί
424 1569 484 1607 δεῖ
510 1570 656 1613 ποιεῖν,·
695 1566 762 1606 οὐκ
793 1565 1021 1617 ἐμπλήσετε
1049 1565 1122 1615 τὴν
1156 1565 1367 1611 θάλατταν,
1396 1563 1425 1604 ὦ
1458 1564 1596 1615 ἄνδρες

269 1632 484 1683 Ἀθηναῖοι,
506 1632 693 1684 τριήρων;
731 1633 799 1674 οὐκ
826 1632 1068 1674 ἀναστάντες
1093 1631 1164 1682 ἤδη
1191 1630 1428 1683 πορεύσεσθ’
1447 1632 1502 1672 εἷς
1527 1630 1596 1671 τὸν

270 1702 458 1751 Πειραιᾶ;
502 1700 547 1740 οὐ
581 1698 793 1750 καθέλξετε
825 1701 895 1741 τὰς
927 1699 1052 1746 ναῧς;’
1091 1699 1231 1739 οὐκοῦν
1263 1698 1349 1738 εἷπε
1380 1699 1454 1748 μὲν
1485 1696 1594 1737 ταῦθ’

270 1765 292 1805 ὁ
319 1766 524 1816 Τιμόθεος,
558 1765 771 1816 ἐποιήσατε
806 1765 838 1805 δ’
872 1767 992 1817 ὑμεῖς·
1030 1766 1072 1806 ἐκ
1106 1768 1149 1806 δὲ
1179 1764 1327 1805 τούτων
1361 1762 1596 1816 ἀμφοτέρων

270 1831 315 1872 τὸ
335 1832 480 1885 πρᾶγμ’
500 1832 692 1886 ἐπράχθη.
749 1834 782 1873 εἰ
803 1832 835 1872 δ’
856 1833 875 1872 ὁ
893 1834 964 1883 μὲν
984 1832 1093 1873 εἶπεν
1113 1831 1164 1874 ὡς
1183 1832 1267 1872 οἶόν
1286 1848 1327 1871 τε
1342 1827 1419 1883 [τὰ]
1437 1830 1594 1882 ἄριστα,

270 1899 405 1951 ὥσπερ
455 1899 577 1945 εἶπεν,
621 1900 729 1950 ὑμεῖς
771 1899 804 1940 δ’
848 1897 1203 1953 ἀπερρᾳθυμήσατε
1251 1899 1312 1938 καὶ
1359 1899 1481 1948 μηδὲν
1522 1897 1594 1937 ὑπ-

270 1964 478 2016 ηκούσατε,
512 1966 572 2018 ἆρ’
598 1965 646 2006 ἂν
682 1965 730 2016 ἧν
765 1967 930 2018 γεγονός
965 1983 1004 2006 τι
1037 1969 1116 2006 τῶν
1148 1965 1238 2005 τότε
1275 1963 1516 2015 συμβάντων
1549 1969 1596 2020 τῇ

271 2033 406 2079 πόλεις
445 2032 519 2086 οὐχ
545 2033 627 2073 οἶόν
652 2049 705 2073 τε.
766 2033 864 2073 οὕτω
890 2034 1021 2073 τοίνυν
1043 2033 1106 2073 καὶ
1130 2032 1219 2083 περὶ
1238 2032 1293 2071 ὧν
1318 2030 1365 2071 ἂν
1387 2031 1463 2082 ἐγὼ
1489 2029 1595 2081 λέγω

271 2099 334 2140 καὶ
359 2099 446 2151 περὶ
471 2100 526 2140 ὧν
550 2099 598 2140 ἂν
623 2100 643 2139 ὁ
669 2098 761 2139 δεῖν’
789 2101 890 2155 εἴπῃ,
918 2100 966 2138 τὰ
991 2100 1063 2149 μὲν
1093 2098 1189 2150 ἔργα
1217 2097 1307 2148 παρ’
1333 2098 1440 2147 ὑμῶν
1469 2095 1596 2136 αὐτῶν

316 2218 328 2239 1
364 2210 403 2240 ἂν
425 2214 505 2240 ante
530 2210 604 2240 ἴσως
628 2208 704 2239 add.
733 2207 856 2239 SFO:
887 2217 950 2238 om.
969 2206 1043 2238 AY
1201 2217 1240 2237 10
1271 2207 1322 2237 καὶ
1346 2210 1424 2236 ante
1449 2208 1597 2237 τοιοῦτον

269 2253 345 2283 add.
367 2253 455 2291 vulg.
476 2264 482 2282 :
507 2263 572 2282 om.
593 2251 709 2283 SL¹A
864 2261 899 2288 14
927 2251 991 2283 οὐδ’
1011 2252 1034 2281 S
1050 2251 1091 2281 L:
1117 2252 1173 2281 οὐκ
1190 2255 1268 2280 cett.
1421 2259 1462 2279 22
1486 2248 1595 2289 πορεύ-

271 2300 368 2327 awos
402 2296 425 2325 S
453 2295 553 2326 Vind.
587 2306 621 2326 1:
656 2294 827 2337 πορεύεσθε
855 2293 1048 2325 AFBYO
1235 2302 1275 2331 25
1314 2293 1354 2323 τὰ
1385 2292 1449 2323 del.
1485 2291 1596 2322 Cobet

270 2340 313 2368 26
337 2344 414 2378 post
433 2340 520 2371 εἶπεν
537 2339 613 2369 add.
633 2337 711 2370 τότε
727 2338 814 2376 vulg.
834 2349 840 2367 :
865 2348 930 2368 om.
953 2338 975 2366 S
988 2337 1018 2367 A
1031 2337 1060 2367 Y
1197 2337 1237 2366 28
1263 2338 1317 2367 νῦν
1342 2335 1402 2373 ἱνεὶ
1421 2337 1502 2367 νυνὶ)
1521 2339 1596 2374 post

271 2382 359 2422 λέγω
376 2383 452 2413 add.
474 2382 562 2420 vulg.
581 2393 587 2412 ε
614 2392 676 2412 om.
697 2382 720 2412 S
734 2381 769 2412 L¹
785 2381 809 2411 F
823 2380 849 2410 Β
969 2391 1011 2419 29
1036 2382 1086 2412 καὶ
1105 2380 1174 2420 περὶ
1193 2378 1235 2411 ὧν
1253 2381 1290 2411 ἂν
1308 2382 1323 2410 ὁ
1341 2379 1416 2410 δεῖν’
1435 2380 1507 2420 εἴπῃ
1527 2388 1591 2409 om.

273 2425 296 2455 S
309 2424 370 2455 L¹:
396 2424 471 2455 add.
493 2430 570 2455 cett.

1617 518 1634 549 5

1620 848 1658 870 10

1618 1511 1658 1534 20

1619 1843 1656 1874 ²5
