1747 2844
180 145 300 200 xvm]
494 150 637 187 ΠΕΡΙ
687 150 807 187 ΤΟΥ
855 150 1196 188 ΣΤΕΦΑΝΟΎ
1540 150 1647 204 [301]

179 255 317 304 εἰδῆτε,
346 253 368 304 ἡ
395 252 466 303 ἐμὴ
494 252 681 307 συνέχεια
709 253 770 293 καὶ
796 251 941 293 πλάνοι
974 252 1036 292 καὶ
1065 254 1329 303 ταλαιπωρίαι
1364 253 1427 292 καὶ
1461 255 1507 292 τὰ

179 321 312 362 πολλὰ
338 321 596 373 ψηφίσματα,
623 320 647 360 ἃ
673 324 741 360 νῦν
765 319 877 361 οὗτος
902 317 1071 370 διέσυρε,
1097 320 1138 359 τί
1161 319 1446 371 ἀπειργάσατο.

248 387 388 427 Καίτοι
426 387 573 427 πολλοὶ
612 386 702 438 παρ’
740 388 843 436 ὑμῖν,
880 385 1019 437 ἄνδρες
1057 384 1276 435 Ἀθηναῖοι,
1316 387 1509 438 γεγόνασι
1540 404 1608 438 219

178 454 341 506 ῥήτορες
358 453 511 504 ἔνδοξοι
531 454 592 494 καὶ
610 452 780 505 μεγάλοι
801 452 874 504 πρὸ
895 453 1002 502 ἐμοῦ,
1023 453 1327 504 Καλλίστρατος
1346 454 1506 499 ἐκεῖνος,

141 540 157 570 5
180 521 446 573 Ἀριστοφῶν,
485 520 686 573 Κέφαλος,
723 518 1032 571 Θρασύβουλος,
1069 519 1195 570 ἕτεροι
1231 520 1373 572 μυρίοι·
1417 519 1510 559 ἀλλ’

179 589 284 639 ὅμως
310 587 435 629 οὐδεὶς
460 587 618 627 πώποτε
643 587 791 626 τούτων
825 587 889 626 διὰ
921 585 1068 627 παντὸς
1103 586 1247 627 ἔδωκεν
1283 586 1420 627 ἑαυτὸν
1454 587 1510 629 εἰς

180 654 292 695 οὐδὲν
323 655 369 710 τῇ
399 654 527 700 πόλει,
556 652 648 693 ἀλλ’
675 654 695 692 6
727 655 800 703 μὲν
832 652 997 704 γράφων
1032 652 1099 693 οὐκ
1133 653 1181 693 ἂν
1216 653 1507 705 ἐπρέσβευσεν,

179 723 199 761 6
237 723 277 762 δὲ
315 721 551 772 πρεσβεύων
588 720 655 760 οὐκ
692 719 741 760 ἂν
778 720 969 772 ἔγραψεν.
1040 719 1229 761 ὑπέλειπε
1267 721 1342 772 γὰρ
1382 720 1510 761 αὐτῶν

179 788 348 829 ἕκαστος
385 790 507 841 ἑαυτῷ
545 786 625 838 ἅμα
662 789 734 838 μὲν
772 787 994 841 ῥᾳστώνην,
1034 785 1114 837 ἅμα
1150 786 1182 827 δ’
1220 789 1256 827 εἴ
1290 804 1326 827 τι
1364 787 1508 839 γένοιτ’

120 871 158 894 10
180 854 398 907 ἀναφοράν.
470 855 512 894 τί
546 854 632 900 οῦν,·
687 855 790 894 εἴποι
829 870 886 895 τις
925 853 986 899 ἄν,
1027 854 1076 893 σὺ
1116 853 1275 893 τοσοῦθ’
1315 855 1508 906 ὑπερῆρας
1541 872 1610 897 220

178 922 287 977 ῥώμῃ
315 922 377 961 καὶ
402 921 528 976 τόλμῃ
555 921 659 961 ὥστε
685 919 814 960 πάντα
839 924 967 960 ποιεῖν
993 919 1128 967 αὐτός,·
1166 920 1210 960 οὐ
1235 924 1355 960 ταῦτα
1386 920 1506 972 λέγω,

180 987 272 1027 ἀλλ’
298 989 420 1029 οὕτως
447 989 694 1038 ἐπεπείσμην
726 987 852 1039 μέγαν
887 987 988 1027 εἶναι
1020 986 1089 1027 τὸν
1122 988 1393 1039 κατειληφότα
1427 987 1505 1027 κίν-

180 1057 296 1094 δυνον
320 1054 392 1105 τὴν
418 1055 536 1094 πόλιν
570 1053 665 1093 ὥστ’
692 1054 760 1093 οὐκ
789 1054 916 1094 ἐδόκει
947 1070 1014 1103 μοι
1046 1054 1180 1106 χώραν
1205 1054 1293 1095 οὐδὲ
1319 1054 1509 1105 πρόνοιαν

179 1121 364 1172 οὐδεμίαν
390 1124 459 1172 τῆς
485 1121 583 1162 ἰδίας
608 1121 838 1172 ἀσφαλείας
865 1120 1027 1166 διδόναι,
1049 1120 1142 1160 ἀλλ’
1163 1120 1368 1172 ἀγαπητὸν
1395 1121 1505 1166 εἶναι,

1540 1159 1655 1213 [302]

123 1204 158 1236 15
181 1190 214 1230 εἰ
250 1191 371 1240 μηδὲν
405 1189 642 1240 παραλιπών
674 1204 732 1229 τις
769 1188 793 1228 ἃ
829 1190 888 1227 δεῖ
922 1186 1120 1238 πράξειεν.
1193 1189 1439 1238 ἐπεπείσμην
1475 1187 1507 1227 δ’
1541 1224 1604 1250 221

180 1257 276 1307 ὑπὲρ
303 1257 483 1307 ἐμαυτοῦ,
511 1255 634 1309 τυχὸν
667 1257 739 1305 μὲν
764 1256 1028 1304 ἀναισθητῶν,
1055 1255 1160 1305 ὅμως
1187 1253 1219 1294 δ’
1247 1255 1506 1305 ἐπεπείσμην,

179 1322 276 1373 μήτε
320 1321 512 1375 γράφοντ’
555 1321 602 1362 ἂν
647 1323 740 1372 ἐμοῦ
788 1321 942 1373 γράψαι
983 1317 1176 1373 [βέλτιον]
1217 1320 1366 1372 μηδένα
1411 1320 1510 1371 μήτε

180 1389 402 1441 πράττοντα
439 1388 584 1441 πρᾶξαι
622 1387 720 1439 μήτε
758 1388 1037 1439 πρεσβεύοντα
1074 1391 1328 1439 πρεσβεῦσαι
1366 1390 1507 1439 προθυ-

177 1457 345 1508 μότερον
384 1458 481 1507 μηδὲ
522 1456 778 1507 δικαιότερον.
850 1456 914 1495 διὰ
953 1453 1059 1494 ταῦτ’
1099 1455 1141 1495 ἐν
1180 1457 1304 1495 πᾶσιν
1343 1453 1511 1505 ἐμαυτὸν

118 1537 158 1559 20
178 1523 353 1564 ἔταττον.
425 1523 530 1575 Λέγε
555 1524 623 1565 τὰς
650 1523 870 1564 ἐπιστολὰς
895 1523 964 1563 τὰς
990 1525 1056 1561 τοῦ
1082 1523 1300 1562 Φιλίππου.

725 1631 956 1660 ΕΠΙΣΤΟΛΑΙ.

247 1691 316 1733 Εἰς
339 1694 461 1731 ταῦτα
488 1689 709 1740 κατέστησε
729 1691 935 1730 Φίλιππον
955 1688 977 1739 ἡ
1005 1687 1077 1739 ἐμὴ
1104 1689 1297 1734 πολιτεία,
1320 1688 1507 1742 Αἰσχίνη·
1542 1702 1607 1728 222

179 1757 323 1807 ταύτην
348 1757 419 1808 τὴν
445 1757 583 1810 φωνὴν
614 1759 761 1798 ἐκεῖνος
793 1757 935 1808 ἀφῆκε,
964 1755 1141 1797 πολλοὺς
1177 1755 1238 1795 καὶ
1271 1758 1430 1807 θρασεῖς
1463 1757 1510 1794 τὰ

179 1823 254 1875 πρὸ
280 1825 428 1865 τούτων
453 1825 498 1880 τῇ
525 1825 640 1864 πόλει
664 1824 810 1876 λόγους
837 1823 1107 1875 ἐπαιρόμενος.
1168 1822 1253 1862 ἀνθ’
1273 1823 1328 1862 ὧν
1353 1823 1510 1863 δικαίως

119 1908 157 1940 25
179 1891 484 1943 ἐστεφανούμην
517 1890 592 1931 ὑπὸ
624 1891 804 1937 τουτωνί,
834 1891 895 1931 καὶ
929 1890 979 1931 σὺ
1014 1890 1149 1941 παρὼν
1183 1889 1250 1928 οὐκ
1282 1888 1506 1940 ἀντέλεγες,

179 1958 199 1996 6
225 1959 266 1998 δὲ
292 1956 550 2010 γραψάμενος
573 1958 754 1999 Διώνδας
779 1956 822 1997 τὸ
846 1956 963 2009 μέρος
984 1961 1061 1997 τῶν
1081 1955 1233 2009 ψήφων
1255 1956 1322 1996 οὐκ
1344 1956 1506 2005 ἔλαβεν.

224 2076 236 2095 1
266 2067 371 2104 εἰδῆτε
390 2066 426 2098 S¹
442 2066 534 2097 LA:
564 2067 670 2104 εἶδῆτε
695 2067 744 2098 ὅτι
770 2066 880 2106 vulg.:
916 2067 1022 2104 εἰδῆτε
1046 2067 1080 2098 τί
1103 2066 1211 2097 Cobet
1237 2065 1349 2096 deleto
1374 2065 1407 2096 τί
1430 2069 1507 2095 ante

178 2109 398 2151 ἀπειργάσατο
551 2111 572 2140 6
603 2110 730 2141 πώποτε
755 2115 833 2140 ante
858 2110 982 2142 τούτων
1007 2110 1030 2140 S
1046 2110 1071 2139 L
1086 2110 1138 2140 A:
1171 2114 1247 2149 post
1271 2108 1394 2140 τούτων
1418 2108 1507 2146 vulg.

176 2154 197 2182 8
223 2153 372 2185 ὑπέλειπε
391 2153 415 2184 S
429 2152 467 2182 Ll
483 2164 489 2183 :
515 2153 709 2185 ὑπελείπετο
725 2153 814 2192 vulg.
943 2163 977 2183 11
1003 2154 1077 2186 τοὺς
1095 2154 1216 2186 ἄλλους
1233 2157 1311 2183 ante
1327 2153 1414 2193 ῥώμῃ
1432 2151 1508 2181 add.

177 2195 208 2226 A
224 2207 230 2226 :
255 2201 332 2236 post
348 2196 454 2239 τόλμῃ
474 2197 499 2227 F
515 2197 606 2235 vulg.
624 2207 630 2226 :
654 2207 717 2227 om.
737 2196 761 2227 S
776 2196 814 2226 Ll
831 2196 894 2227 soli
998 2200 1102 2229 ταῦτα
1118 2201 1196 2227 ante
1215 2196 1302 2237 λέγω
1321 2196 1345 2226 S
1362 2195 1388 2225 L
1403 2206 1409 2225 ε
1433 2199 1509 2234 post

178 2239 266 2280 λε’·γω
295 2245 371 2270 cett.
554 2250 592 2278 13
626 2240 750 2281 χώραν]
783 2241 864 2280 ὥραν
890 2239 921 2270 Α
937 2251 943 2270 :
977 2242 1053 2281 ὁρᾶν
1080 2240 1105 2271 S
1128 2253 1178 2281 -γρ,
1196 2251 1203 2269 2
1236 2242 1317 2281 ὤραν
1346 2238 1510 2270 Schaefer

182 2292 219 2322 15
243 2284 432 2325 παραλιπών
447 2283 479 2314 Α
491 2283 523 2314 Y
538 2295 545 2313 :
570 2283 776 2324 παραλείπων
793 2283 816 2314 S
834 2283 859 2313 L
875 2284 964 2322 vulg.
1131 2285 1169 2312 16
1194 2284 1394 2321 ἀναισθητῶν
1411 2281 1506 2312 codd.

179 2327 330 2357 nonnulli
347 2338 353 2357 :
389 2328 591 2365 ἀναισθητων
620 2326 657 2356 L¹
674 2337 680 2356 :
717 2327 910 2364 ἀναίσθητον
939 2327 962 2358 S
976 2326 1008 2357 A
1032 2326 1121 2365 vulg.
1136 2338 1142 2357 z
1175 2325 1372 2363 ἀναισθήτως
1401 2325 1508 2356 Cobet

181 2378 216 2408 17
242 2369 378 2406 βέλτιον
394 2371 472 2401 secl.
492 2370 630 2409 Madvig
745 2380 783 2409 19
805 2369 885 2409 μηδὲ
903 2370 927 2400 S
943 2369 968 2400 L
984 2381 991 2399 :
1014 2370 1097 2409 μήτε
1113 2369 1202 2408 vulg.
1324 2380 1364 2407 24
1389 2369 1507 2409 λόγους

178 2417 256 2444 ante
275 2413 479 2455 ἐπαιρόμενος
495 2413 526 2444 Α
544 2425 550 2444 :
574 2418 651 2453 post
670 2413 873 2454 ἐπαιρόμενος
891 2413 914 2444 S
930 2412 956 2443 L
973 2413 1062 2452 vulg.
1199 2412 1241 2442 26
1265 2412 1410 2451 πέμπτον
1427 2417 1506 2442 ante

178 2455 270 2497 μέρος
287 2457 362 2488 add.
381 2458 469 2497 vulg.
488 2468 495 2487 :
519 2467 584 2489 om.
603 2458 626 2488 S
642 2457 679 2495 L,
698 2457 736 2487 cf.
759 2459 774 2494 ξ
796 2466 855 2495 103
