1763 2828
113 113 230 168 [279]

169 879 233 924 156

112 1411 228 1466 [280]

165 1483 227 1519 Ι57

640 126 643 130 ’
687 115 1173 153 ΔΙῘΜΟΣΘΕΝΟΎΣ
1470 110 1588 165 [xvm

261 209 325 247 τὸν
363 208 523 258 Ἀρκάδα
562 211 797 260 πρεσβεῦσαι
836 211 926 259 πρὸς
964 211 1152 248 Φίλιππον
1185 211 1248 249 τὸν
1288 210 1496 256 Μακεδόνα,
1533 210 1593 248 καὶ

263 264 387 309 ἀξιοῦν
417 265 473 302 ἵνα
501 265 680 315 βοηθήσῃ
713 268 763 316 τῷ
796 282 834 303 τε
864 264 1077 303 Ἀπόλλωνι
1112 265 1170 302 καὶ
1203 266 1278 305 τοῖς
1306 263 1591 315 Ἀμφικτύοσιν,

263 317 358 358 ὅπως
378 319 429 368 μὴ
450 319 592 369 περιίδῃ
613 320 683 357 ὑπὸ
703 323 774 357 τῶν
795 321 945 369 ἀσεβῶν
965 319 1212 369 Ἀμφισσέων
1231 320 1296 357 τὸν
1316 319 1399 358 θεὸν
1418 323 1592 370 πλημμε-

263 374 454 422 λούμενον·
491 374 549 411 καὶ
574 374 664 412 διότι
688 375 798 412 αὐτὸν
827 375 1039 426 στρατηγὸν
1067 375 1318 423 αὐτοκράτορα
1346 375 1532 424 αἱροῦνται
1560 375 1595 412 οἱ

257 426 441 477 ’Έλληνες
462 429 495 466 οἱ
514 430 729 480 μετέχοντες·
748 432 813 467 τοῦ
834 429 1023 478 συνεδρίου
1043 432 1114 467 τῶν
1133 428 1439 480 Ἀμφικτυόνο)ν.]
1613 439 1631 469 5

332 522 435 574 Λέγε
472 522 515 573 δὴ
550 524 612 564 καὶ
647 524 738 565 τοὺς
771 524 939 577 χρόνους
973 525 1016 564 ἐν
1049 524 1106 565 οἷς
1141 523 1246 563 ταῦτ’
1280 524 1474 576 ἐγίγνετο·
1513 522 1594 564 εἰσὶ

264 591 337 642 γὰρ
364 589 448 630 καθ’
473 589 539 632 οὓς
565 591 866 642 ἐπυλαγόρησεν
893 591 1019 633 οὗτος.
1095 590 1204 643 λέγε.

846 710 1009 737 ΧΡΟΝΟῙ.

315 757 475 810 [”Αρχων
496 759 759 809 Μνησιθείδης,
780 761 894 810 μηνὸς
915 761 1203 811 ἀνθεστηριῶνος
1224 761 1308 811 ἕκτῃ
1330 761 1390 799 ἐπὶ
1409 759 1519 813 Situm]

333 871 413 913 Δὸς
438 870 483 922 δὴ
509 870 581 921 τὴν
607 871 826 921 ἐπιστολὴν
851 871 910 921 ἥν,
939 871 990 914 ὡς
1015 872 1088 925 οὐχ
1112 870 1308 922 ὑπήκουον
1334 874 1370 912 οἱ
1397 875 1589 923 Θηβαῖοι,
1615 894 1654 917 10

263 937 408 988 πέμπει
433 937 529 989 πρὸς
554 937 643 980 τοὺς
670 939 711 978 ἐν
738 938 1039 992 Πελοποννήσῳ
1071 938 1303 992 συμμάχους
1329 939 1349 978 ὁ
1375 941 1589 987 Φίλιππος,

262 1004 311 1045 ἵν’
342 1006 470 1055 εἰδῆτε
505 1004 567 1044 καὶ
601 1006 643 1045 ἐκ
677 1005 819 1055 ταύτης
852 1009 992 1057 σαφῶς
1025 1005 1086 1045 ὅτι
1118 1005 1188 1055 τὴν
1225 1007 1296 1055 μὲν
1331 1006 1459 1057 ἀληθῆ
1495 1007 1588 1058 πρό-

263 1076 391 1123 φασιν
415 1075 493 1112 τῶν
519 1071 772 1124 πραγμάτων,
803 1072 847 1112 τὸ
875 1071 981 1111 ταῦτ’
1008 1072 1072 1112 ἐπὶ
1101 1071 1173 1122 τὴν
1197 1071 1378 1112 Ἑλλάδα
1410 1073 1471 1113 καὶ
1500 1073 1591 1116 τοὺς

263 1139 471 1188 Θηβαίους
510 1138 572 1178 καὶ
608 1140 706 1189 ὑμᾶς
743 1137 940 1190 πράττειν,
981 1139 1261 1190 ἀπεκρύπτετο,
1303 1142 1411 1180 κοινὰ
1448 1141 1490 1180 δὲ
1529 1140 1591 1180 καὶ

261 1209 343 1247 τοῖς
378 1204 671 1257 Ἀμφικτύοσιν
703 1204 873 1256 δόξαντα
903 1208 1029 1246 ποιεῖν
1063 1209 1354 1256 προσεποιεῖτο·
1393 1207 1413 1245 ὁ
1447 1208 1488 1246 δὲ
1521 1209 1591 1248 τὰς
1613 1226 1649 1258 15

261 1272 443 1324 ἀφορμὰς
468 1272 610 1313 ταύτας
640 1272 703 1312 καὶ
734 1274 801 1314 τὰς
832 1271 1055 1324 προφάσεις
1090 1272 1192 1326 αὐτῷ
1223 1273 1444 1326 παρασχὼν
1478 1272 1591 1315 οὗτος

262 1337 321 1389 ἦν.
392 1338 501 1391 λέγε.

816 1419 1033 1447 ΕΠΙΣΤΟΛΗ.

315 1468 511 1521 [Βασιλεὺς
546 1470 769 1508 Μακεδόνων
803 1470 989 1509 Φίλιππος
1024 1471 1340 1519 Πελοποννησίων
1372 1474 1443 1508 τῶν
1478 1474 1515 1508 ἐν
1544 1474 1590 1522 τῇ

259 1525 454 1575 συμμαχία
482 1527 557 1566 τοῖς
587 1525 820 1575 δημιουργοῖς
850 1524 909 1561 καὶ
938 1526 1014 1563 τοῖς
1044 1524 1230 1573 συνέδροις
1265 1525 1323 1562 καὶ
1353 1526 1428 1565 τοῖς
1458 1526 1587 1566 ἄλλοις
1611 1543 1649 1565 20

258 1580 470 1629 συμμάχοις
495 1583 589 1617 πᾶσι
615 1580 765 1630 χαίρειν.
825 1578 948 1626 ἐπειδὴ
970 1579 1106 1627 Λοκροὶ
1127 1579 1161 1615 οἱ
1181 1580 1401 1628 καλούμενοι
1421 1578 1585 1627 Ὀζόλαι,

259 1636 508 1673 κατοικοῦντες
554 1637 591 1671 ἐν
634 1633 848 1683 Ἀμφίσσῃ,
887 1635 1178 1682 πλημμελοῦσιν
1217 1635 1266 1673 εἷς
1308 1634 1351 1671 τὸ
1391 1635 1485 1682 ἱερὸν
1522 1637 1587 1672 τοῦ

257 1686 496 1728 Ἀπόλλωνος
515 1691 579 1726 τοῦ
607 1691 644 1726 ἐν
664 1689 831 1736 Δελφοῖς
859 1687 918 1724 καὶ
944 1688 1011 1735 τὴν
1032 1689 1128 1737 ἱερὰν
1148 1689 1271 1738 χώραν
1291 1689 1481 1739 ἐρχόμενοι
1507 1688 1588 1738 μεθ’

258 1742 383 1780 ὅπλων
417 1745 655 1791 λεηλατοῦσι,
685 1743 875 1791 βούλομαι
909 1746 959 1794 τῷ
994 1742 1061 1793 θεῷ
1095 1742 1174 1792 μεθ’
1208 1745 1307 1792 ὑμῶν
1339 1744 1494 1792 βοηθεῖν
1529 1745 1588 1782 καὶ

258 1796 468 1846 ἀμύνασθαι
495 1797 579 1838 τοὺς
607 1798 906 1847 παραβαίνοντάς
935 1815 969 1835 τι
1002 1801 1074 1835 τῶν
1104 1801 1140 1835 ἐν
1171 1798 1373 1847 ἀνθρώποις
1407 1799 1585 1848 εὐσεβῶν·
1611 1814 1647 1846 25

257 1851 353 1889 ὥστε
399 1854 600 1890 συναντᾶτε
646 1854 740 1901 μετὰ
784 1855 854 1890 τῶν
893 1853 1017 1891 ὅπλων
1057 1855 1105 1893 εἷς
1142 1853 1209 1901 τὴν
1247 1853 1403 1897 Φωκίδα,
1444 1854 1588 1904 ἔχοντες

257 1906 493 1955 ἐπισιτισμὸν
521 1907 665 1956 ἡμερῶν
692 1908 972 1957 τετταράκοντα,
1003 1909 1068 1944 τοῦ
1098 1910 1296 1947 ἐνεστῶτος
1328 1908 1443 1957 μηνὸς
1477 1908 1585 1960 λῴου,

256 1961 302 2000 ὡς
322 1960 425 2010 ἡμεῖς
445 1961 593 2013 ἄγομεν,
611 1963 656 2001 ὡς
677 1962 714 2000 δὲ
734 1961 935 2011 Ἀθηναῖοι,
951 1962 1243 2011 βοηδρομιῶνος,
1260 1964 1306 2002 ὡς
1326 1962 1364 2000 δὲ
1385 1962 1585 2012 Κορίνθιοι,

255 2015 437 2064 πανήμου.
494 2018 569 2056 τοῖς
598 2015 636 2054 δὲ
665 2017 717 2066 μὴ
744 2017 1001 2065 συναντήσασι
1027 2016 1208 2066 πανδημεὶ
1236 2017 1456 2067 χρησόμεθα
1483 2019 1587 2058 ’Ϋτοῖς

256 2068 294 2106 δὲ
315 2070 577 2119 συμβούλοιςῒ
598 2072 686 2120 ἡμῖν
707 2072 882 2121 κειμένοις
904 2071 1117 2120 ἐπιζημίοις.
1177 2069 1388 2122 εὐτυχεῖτε]
1607 2083 1648 2114 30

299 2184 321 2213 9
345 2174 421 2207 δέκα
437 2175 584 2215 Taylor:
611 2175 729 2217 δεκάτῃ
747 2175 859 2213 codd.‚
877 2175 917 2205 Cf.
939 2175 996 2204 xix
1016 2184 1055 2213 57
1248 2174 1286 2203 16
1309 2175 1392 2214 αὐτῷ
1410 2175 1586 2215 παρασχὼν

259 2217 348 2250 οὗτος
365 2218 404 2256 ἣν
423 2219 466 2249 L:
499 2221 583 2259 αὐτῷ
606 2220 782 2259 παρασχὼν
800 2218 834 2249 S¹
856 2218 946 2256 (add.
967 2217 1058 2250 οὗτος
1075 2217 1114 2254 ἧν
1131 2219 1214 2258 αὐτῷ
1234 2217 1257 2248 S
1274 2219 1376 2255 corr.)
1393 2228 1399 2247 τ
1429 2219 1586 2258 παραδοὺς

258 2261 348 2294 οὗτος
366 2262 404 2299 ἧν
421 2265 505 2303 αὐτῷ
523 2262 575 2293 A:
602 2262 757 2304 παραδοὺς
773 2264 857 2302 αὐτῷ
875 2260 966 2293 οὗτος
984 2261 1022 2298 ἧν
1040 2262 1128 2299 vulg.
1253 2263 1336 2301 αὐτῷ
1353 2261 1432 2291 secl.
1451 2261 1585 2300 Lipsius

257 2315 299 2344 29
322 2309 388 2338 τοῖς
405 2305 439 2337 δὲ
458 2304 670 2345 συμβούλοις]
687 2308 755 2337 τοῖς
773 2307 806 2336 ἐν
822 2307 889 2336 τοῖς
907 2304 1083 2343 συμβόλοις
1099 2304 1340 2334 Westermann
1357 2315 1364 2334 z
1396 2306 1462 2336 τοῖς
1486 2305 1582 2343 ἀσυμ-

257 2349 367 2385 βόλοις
384 2349 475 2380 Weil
565 2352 632 2382 τοῖς
650 2348 684 2381 δὲ
703 2373 709 2380 .
729 2373 736 2379 .
756 2372 762 2379 .
780 2347 934 2388 κειμένοις
953 2349 1031 2378 secl.
1051 2349 1091 2379 G.
1111 2348 1155 2379 H.
1174 2347 1336 2378 Schaefer
1475 2358 1518 2386 30
1540 2349 1583 2386 μὴ

256 2397 334 2422 ante
352 2392 507 2432 κειμένοις
524 2394 610 2431 vulg.
