1747 2844
159 156 276 209 xvm]
468 161 611 199 ΠΕΡΙ
660 161 782 199 ΤΟΎ
829 160 1164 198 ΣΤΕΦΑΝΟὙ

157 268 321 316 στοφῶν
363 263 496 310 πάλιν,
537 263 621 304 εἶτα
659 262 918 315 Φιλοκράτης,
959 261 1043 302 εἶτα
1082 264 1350 316 Κηφισοφῶν,
1392 264 1474 304 εἶτα

156 330 312 373 πάντες·
350 331 427 383 ἐγὼ
452 330 483 370 δ’
509 330 621 371 οὐδὲν
645 330 732 382 περὶ
755 329 914 369 τούτων.
984 327 1092 380 λέγε.

687 458 938 487 ΨΗΦῙΣΜΑΤΑ.

208 533 306 586 [Ἐπὶ
332 534 540 574 Νεοκλέους
564 535 750 585 ἄρχοντος,
771 532 1087 582 βοηδρομιῶνος“
1071 550 1132 585 ενῃ
1157 535 1216 573 καὶ
1239 536 1312 585 νέᾳ,
1332 535 1477 584 βουλῆς

117 609 134 640 5
153 590 293 642 γνώμη,
306 590 496 639 πρυτάνεις
512 588 571 626 καὶ
584 587 789 639 στρατηγοὶ
810 588 1062 637 ἐχρημάτισαν
1076 590 1121 626 τὰ
1137 592 1177 626 ἐκ
1195 591 1261 638 τῆς
1276 590 1477 638 ἐκκλησίας

154 643 415 695 ἀνενεγκόντες,
429 642 484 680 ὅτι
504 642 603 688 ἔδοξε
617 645 667 692 τῷ
688 641 789 692 δήμω
808 641 987 691 πρέσβεις
1008 643 1161 681 ἑλέσθαι
1179 644 1270 693 πρὸς
1289 644 1477 681 Φίλιππον

152 698 235 747 περὶ
257 699 322 746 τῆς
344 699 415 735 τῶν
436 697 577 734 πλοίων
600 695 820 745 ἀνακομιδῆς
843 696 902 733 καὶ
927 698 1079 736 ἐντολας
1103 697 1224 735 δοῦναι
1252 699 1342 735 κατὰ
1367 699 1412 735 τὰ
1438 700 1477 734 ἐκ

152 754 217 800 τῆς
245 750 445 799 ἐκκλησιας
470 750 710 800 ψηφίσματα.
769 749 828 787 καὶ
854 749 997 788 ειλοντο
1022 751 1165 796 τούσδε,
1189 755 1476 800 Κηφισοφῶντα

154 805 326 844 Κλέωνος
347 805 636 852 Ἀναφλύστιον,
662 803 896 853 Δημόκριτον
916 808 1170 854 Δημοφῶντος
1193 804 1474 857 Ἀναγυράσιον,

96 874 134 895 10
153 860 386 908 Πολύκριτον
413 857 653 908 Ἀπημάντου
684 857 910 906 Κοθωκίδην.
967 860 1164 908 πρυτανεία
1197 862 1320 909 φυλῆς
1352 859 1476 898 Ἱππο-

153 912 333 957 θωντίδος,
353 911 590 962 Ἀριστοφῶν
610 912 827 952 Κολλυτεὺς
845 912 1020 962 πρόεδρος
1039 912 1162 965 εἴτι-εκ]

211 1038 376 1090 ”Ωσπερ
408 1039 538 1078 τοίνυν
568 1037 646 1089 ἐγὼ
673 1039 795 1076 ταῦτα
824 1037 983 1077 δεικνύω
1011 1039 1059 1078 τὰ
1087 1039 1347 1091 ψηφίσματα,
1374 1039 1475 1079 οὕτω

153 1105 215 1146 καὶ
243 1105 292 1145 σὺ
319 1102 460 1153 δεῖξον,
485 1104 673 1156 Αἰσχίνη,
696 1104 831 1144 ὁποῖον
857 1104 934 1155 ἐγὼ
954 1103 1112 1157 γράψας
1130 1097 1328 1158 ψήφισμα
1353 1106 1476 1148 αἴτιός

128 1174 231 1223 ἐἶμι
261 1174 330 1212 τοῦ
355 1170 543 1222 πολέμου.
615 1169 706 1210 ἀλλ’
732 1169 801 1209 οὐκ
830 1169 878 1210 ἂν
903 1170 1024 1223 ἔχοις·
1062 1173 1095 1211 εἰ
1120 1173 1194 1224 γὰρ
1221 1171 1337 1224 εἶχες,
1365 1171 1477 1212 οὐδὲν

95 1253 132 1285 15
152 1238 200 1279 ἂν
220 1238 338 1278 αὐτοῦ
357 1237 546 1289 πρότερον
571 1236 655 1278 νυνὶ
679 1235 895 1289 παρέσχου.
956 1237 1018 1277 καὶ
1042 1237 1117 1288 μὴν
1137 1238 1217 1279 οὐδ’
1237 1239 1257 1278 ὁ
1277 1239 1478 1280 Φίλιππος

153 1306 266 1346 οὐδὲν
286 1306 455 1345 αἰτιᾶται
474 1303 533 1354 ἔμ’
550 1304 648 1356 ὑπὲρ
667 1306 735 1343 τοῦ
751 1302 938 1354 πολέμου,
958 1303 1104 1356 ἑτέροις
1125 1306 1316 1357 ἐγκαλῶν.
1372 1304 1476 1357 Λέγε

152 1371 185 1411 δ’
211 1371 330 1422 αὐτὴν
355 1370 426 1420 τὴν
451 1369 669 1419 ἐπιστολὴν
694 1369 765 1419 τὴν
789 1372 857 1410 τοῦ
883 1371 1097 1411 Φιλίππου.

703 1499 918 1528 ΕΠΙΣΤΟΛΗ.

206 1572 402 1626 [Βασιλεὺς
429 1572 652 1611 Μακεδόνων
676 1571 862 1612 Φίλιππος
887 1570 1091 1621 Ἀθηναίων
1113 1576 1159 1623 τῇ
1185 1574 1312 1624 βουλῇ
1340 1574 1399 1612 καὶ
1426 1577 1476 1625 τῷ

95 1642 133 1664 20
152 1628 254 1680 δήμῳ
272 1629 423 1679 χαίρειν.
463 1626 752 1678 παραγενόμενοι
772 1626 862 1675 πρὸς
882 1627 945 1675 ἐμὲ
965 1628 999 1664 οἱ
1017 1625 1102 1676 παρ’
1119 1629 1220 1676 ὑμῶν
1234 1628 1475 1677 πρεσβευταί,

153 1685 395 1732 Κηφισοφῶν
415 1681 474 1719 καὶ
495 1681 726 1730 Δημόκριτος
747 1680 806 1717 καὶ
826 1681 1066 1730 Πολύκριτος,
1084 1681 1293 1734 διελέγοντο
1312 1683 1394 1732 περὶ
1413 1684 1477 1731 τῆς

151 1739 222 1775 τῶν
250 1738 390 1774 πλοίων
419 1736 588 1784 ἀφέσεως
617 1734 664 1773 ὧν
693 1735 884 1785 ἐναυάρχει
912 1734 1121 1784 Λεωδάμας.
1184 1735 1262 1774 καθ’
1291 1736 1381 1774 ὅλου
1409 1738 1477 1786 μὲν

153 1790 215 1828 οὖν
241 1790 365 1841 ἔμοιγε
394 1789 572 1837 φαίνεσθε
601 1791 638 1827 ἐν
666 1789 814 1840 μεγάλῃ
845 1788 989 1839 εὐηθείᾳ
1018 1789 1184 1834 ἔσεσθαι,
1215 1792 1245 1827 εἰ
1274 1789 1388 1828 οἴεσθ’
1414 1793 1476 1840 ἐμὲ

152 1844 346 1882 λανθάνειν
366 1843 420 1882 ὅτι
448 1844 684 1892 ἐξαπεστάλη
711 1845 825 1881 ταῦτα
848 1844 894 1881 τὰ
916 1845 1032 1881 πλοῖα
1050 1844 1243 1893 πρόφασιν
1262 1846 1329 1894 μὲν
1348 1846 1394 1885 ὡς
1412 1846 1477 1883 τὸν

95 1912 108 1933 2
114 1912 132 1944 5
152 1901 257 1936 σῖτον
282 1898 575 1947 παραπέμψοντα
604 1899 644 1934 ἐκ
672 1899 736 1934 τοῦ
764 1896 1049 1947 Ἑλλησπόντου
1079 1900 1127 1938 εἷς
1152 1900 1313 1948 Λῆμνον,
1334 1899 1476 1948 βοηθή-

152 1969 268 1990 σοντα
294 1952 332 1989 δὲ
357 1952 656 2001 Σηλυμβριανοῖς
681 1952 756 1991 τοῖς
782 1951 842 1989 ὑπ’
867 1953 956 2001 ἐμοῦ
984 1954 1052 2002 μὲν
1075 1954 1408 2003 πολιορκουμένοις,
1434 1954 1476 1990 οὗ

152 2006 547 2056 συμπεριειλημμένοις
575 2005 613 2042 δὲ
642 2007 680 2043 ἐν
707 2007 785 2045 ταῖς
813 2007 878 2055 τῆς
907 2007 1037 2054 φιλίας
1065 2010 1167 2058 κοινῇ
1191 2007 1366 2056 κειμέναις
1389 2007 1476 2056 ἡμῖν

152 2060 361 2110 συνθήκαις.
431 2059 490 2096 καὶ
521 2061 635 2096 ταῦτα
668 2059 877 2110 συνετάχθη
910 2063 960 2111 τῷ
993 2062 1161 2112 ναυάρχῳ
1196 2063 1279 2099 ἄνευ
1311 2063 1379 2110 μὲν
1411 2063 1475 2099 τοῦ

194 2173 213 2202 5
247 2164 359 2204 γνώμη
384 2161 531 2201 Taylor:
564 2162 676 2204 γνώμῃ
709 2161 820 2200 codd.‚
849 2161 890 2192 cf.
924 2166 939 2200 ξ
970 2172 1010 2202 37
1189 2174 1206 2202 7
1243 2164 1324 2196 κατὰ
1355 2163 1395 2195 G.
1426 2163 1470 2195 H.

152 2206 336 2236 Schaeser:
369 2206 420 2238 καὶ
444 2205 542 2236 codd.
693 2215 731 2235 10
761 2205 933 2246 πρυτανεία
957 2206 988 2236 Α
1014 2216 1097 2238 corr.
1128 2207 1155 2237 B
1181 2217 1289 2238 cot-12:
1321 2220 1476 2247 πρυτανια

153 2249 176 2279 S
189 2249 232 2280 A¹
247 2249 291 2279 F:
316 2249 487 2290 πρυτανεία
506 2248 531 2278 L
548 2247 638 2287 vulg.
766 2249 1008 2281 Ἱπποθωντίδος
1028 2250 1190 2281 Dindors:
1218 2251 1475 2282 Ἰπποθοωντίδος

151 2293 257 2329 codd.‚
276 2293 316 2323 cf.
339 2296 352 2330 ξ
377 2301 436 2330 105
600 2301 637 2330 13
661 2293 769 2323 ὁποῖον
786 2291 809 2321 S
822 2291 867 2323 L:
893 2295 983 2324 ποῖον
1000 2293 1087 2331 vulg.
1256 2294 1294 2323 16
1318 2293 1374 2333 ἐμὲ
1393 2294 1416 2324 S
1430 2294 1474 2325 L:

150 2349 189 2374 με
206 2335 294 2374 vulg.
414 2345 450 2373 17
475 2335 535 2373 τὴν
552 2339 630 2365 ante
648 2337 705 2366 τοῦ
723 2344 786 2364 orn.
807 2335 833 2364 L
848 2335 936 2373 vulg.
956 2346 962 2364 z
987 2336 1062 2365 add.
1080 2335 1145 2366 SA
1157 2336 1182 2366 F
1194 2336 1223 2366 Y
1329 2347 1369 2367 22
1393 2343 1473 2368 Λεω-

152 2378 249 2417 δάμας
267 2379 362 2409 codd.
383 2378 491 2417 pauci,
509 2377 549 2409 cs.
570 2381 585 2415 ξ
605 2387 667 2416 73:
697 2377 866 2416 Λαομέδων
882 2383 958 2408 cett.
1139 2390 1180 2418 23
1205 2380 1333 2412 ἔσεσθαι
1353 2381 1448 2410 codd.
1467 2391 1473 2409 ε

152 2421 284 2460 ἔχεσθαι
301 2421 392 2451 Weil

197 2484 378 2514 DEMOSTH.,
399 2485 475 2505 vm..
495 2485 514 2505 1.
1315 2478 1353 2509 16

1508 157 1620 213 [²50]

1506 1048 1551 1092 76

1507 1587 1610 1683 ἷζεν]
