1763 2828
115 125 200 179 [28]
661 125 1144 164 ΔΗΜΟΣΘΕΝΟΎΣ
1499 119 1560 174 [m

230 233 267 271 οἱ
294 232 341 270 τὰ
366 233 524 270 τοιαῦτα
549 229 737 282 λέγοντες
757 227 779 280 ἦ
800 230 872 280 τὴν
897 231 1100 276 ὑπόθεσιν,
1123 230 1210 281 περὶ
1231 229 1275 280 ἧς
1300 229 1560 280 βουλεύεσθε,

181 311 200 336 2
231 296 320 350 οὐχὶ
346 297 418 347 τὴν
442 297 566 337 οὖσαν
592 296 855 349 παριστάντες
880 297 970 347 ὑμῖν
996 296 1247 349 ἁμαρτάνειν.
1319 297 1396 348 ἐγὼ
1421 295 1476 343 δέ,
1503 297 1562 337 ὅτι

231 363 303 415 μέν
337 363 423 404 ποτ’
455 363 548 414 ἐξῆν
581 365 628 420 τῇ
662 364 777 404 πόλει
811 364 873 403 καὶ
902 365 950 403 τὰ
976 365 1094 414 αὑτῆς
1129 364 1237 416 ἔχειν
1270 364 1466 415 ἀσφαλῶς
1499 364 1561 404 καὶ

233 432 436 471 Φίλιππον
469 430 785 483 τιμωρήσασθαι,
823 430 884 470 καὶ
918 430 1012 481 μάλ’
1039 431 1214 482 ἀκριβῶς
1246 430 1345 470 οἶδα·
1383 429 1442 471 ἐπ’
1468 431 1563 481 ἐμοῦ

233 497 320 550 γάρ,
348 497 392 537 οὐ
419 496 543 538 πάλαι
573 497 739 550 γέγονεν
769 496 875 536 ταῦτ’
903 498 1124 549 ἀμφότερα·
1169 500 1236 537 νῦν
1268 496 1403 547 μέντοι
1429 470 1646 554 'trina-,ff
1692 514 1699 519 ·

113 566 202 621 [29]
235 581 331 615 σμαι
361 564 465 604 τοῦθ’
493 564 627 605 ἱκανὸν
659 567 883 616 προλαβεῖν
913 564 1007 614 ἡμῖν
1038 563 1137 604 εἶναι
1163 563 1234 613 τὴν
1260 580 1289 603 π
1314 563 1429 613 ώτην,
1458 551 1600 605 ὅπωςΨΓ·
1624 592 1652 633 k

233 631 322 672 τοὺς
349 630 579 684 συμμάχους
606 631 804 682 σώσομεν.
865 632 934 671 ἐὰν
959 632 1034 683 γὰρ
1054 633 1170 670 τοῦτο
1195 634 1247 681 βε
1283 630 1376 671 αίως
1395 628 1560 686 ὑπάρξῃ,
1586 630 1638 701 ‘A‘

233 699 321 738 τότε
342 699 405 738 καὶ
425 698 512 750 περὶ
532 701 599 738 τοῦ
618 698 706 738 τίνα
724 695 992 749 τιμωρήσεταί
1014 714 1072 739 τις
1095 697 1156 737 καὶ
1174 696 1219 736 ὃν
1238 697 1385 748 τρόπον
1407 694 1562 746 ἐξέσται

234 768 412 805 σκοπεῖν·
463 765 554 816 πρὶν
593 766 635 804 δὲ
673 764 745 814 τὴν
787 764 915 817 ἀρχὴν
957 765 1082 814 ὀρθῶς
1124 762 1355 808 ὑποθέσθαι,
1395 761 1563 813 μάταιον

232 831 400 883 ἡγοῦμαι
425 831 513 883 περὶ
537 833 606 881 τῆς
630 833 817 881 τελευτῆς
843 831 1019 871 ὁντινοῦν
1044 833 1245 871 ποιεῖσθαι
1268 830 1405 882 λόγον.
1585 845 1625 868 10

181 915 200 949 3
299 897 348 937 ‘O
373 900 445 948 μὲν
470 897 538 938 οὖν
562 898 697 949 παρὼν
723 898 867 950 καιρός,
895 898 1005 949 εἴπερ
1037 896 1146 943 ποτέ,
1173 898 1328 947 πολλῆς
1354 896 1564 949 φροντίδος

233 965 294 1005 καὶ
319 967 471 1016 βουλῆς
497 967 631 1004 δεῖται·
671 964 748 1016 ἐγὼ
773 963 806 1004 δ’
830 963 904 1017 οὐχ
930 965 952 1002 ὅ
975 980 1013 1004 τι
1037 963 1113 1017 χρὴ
1140 963 1228 1015 περὶ
1252 967 1330 1003 τῶν
1357 963 1563 1015 παρόντων

233 1035 535 1083 συμβουλεῦσαι
576 1031 864 1084 χαλεπώτατον
905 1030 1085 1082 ἡγοῦμαι,
1127 1029 1217 1070 ἀλλ’
1257 1029 1371 1070 ἐκεῖν’
1414 1029 1561 1082 ἀπορῶ,

232 1099 319 1139 τίνα
343 1098 419 1151 χρὴ
445 1098 604 1150 τρόπον,
626 1095 655 1137 ὦ
675 1097 813 1150 ἄνδρες
838 1097 1057 1148 Ἀθηναῖοι,
1079 1096 1175 1149 πρὸς
1199 1098 1297 1149 ὑμᾶς
1322 1097 1410 1149 περὶ
1436 1095 1564 1136 αὐτῶν

234 1167 368 1206 εἰπεῖν.
441 1164 658 1216 πέπεισμαι
691 1167 766 1217 γὰρ
793 1163 838 1215 ἐξ
863 1165 917 1206 ὧν
947 1165 1082 1217 παρὼν
1113 1164 1174 1204 καὶ
1204 1164 1356 1204 ἀκούων
1386 1164 1561 1210 σύνοιδα,
1586 1179 1623 1212 15

233 1234 281 1273 τὰ
305 1233 430 1273 πλείω
456 1236 535 1272 τῶν
560 1231 802 1285 πραγμάτων
834 1232 936 1282 ἡμᾶς
970 1230 1257 1284 ἐκπεφευγέναι
1290 1235 1343 1285 τῷ
1377 1230 1430 1282 μὴ
1464 1230 1560 1281 βού-

232 1302 376 1340 λεσθαι
401 1301 448 1339 τὰ
474 1298 614 1339 δέοντα
643 1303 769 1340 ποιεῖν
794 1295 817 1349 ἢ
843 1302 895 1354 τῷ
929 1299 982 1349 μὴ
1009 1298 1198 1339 συνιέναι.
1269 1297 1364 1349 ἀξιῶ
1390 1297 1423 1338 δ’
1448 1298 1559 1348 ὑμᾶς,

234 1367 283 1407 ἂν
314 1367 413 1417 μετὰ
443 1366 665 1418 παρρησίας
690 1369 860 1417 ποιῶμαι
890 1366 979 1407 τοὺς
1012 1366 1169 1418 λόγους,
1198 1364 1420 1417 ὑπομένειν,
1447 1367 1562 1404 τοῦτο

234 1436 489 1485 θεωροῦντας,
517 1434 550 1473 εἰ
583 1433 734 1484 τάληθῆ
769 1432 888 1485 λέγω,
919 1433 979 1472 καὶ
1013 1434 1076 1472 διὰ
1108 1435 1235 1478 τοῦτο,
1264 1433 1328 1472 ἵνα
1360 1433 1408 1471 τὰ
1440 1433 1563 1473 λοιπὰ

233 1501 382 1552 βελτίω
403 1499 576 1552 γένηται·
616 1501 731 1551 ὁρᾶτε
751 1501 826 1552 γὰρ
846 1500 896 1541 ὡς
923 1501 964 1540 ἐκ
983 1503 1052 1540 τοῦ
1072 1499 1165 1552 πρὸς
1189 1498 1307 1553 χάριν
1328 1502 1564 1551 δημηγορεῖν
1585 1515 1625 1537 20

233 1568 359 1608 ἐνίους
384 1568 439 1609 εἰς
464 1569 542 1607 πᾶν
566 1565 815 1619 προελήλυθε
838 1568 1058 1620 μοχθηρίας
1082 1567 1130 1606 τὰ
1154 1567 1342 1618 παρόντα.

182 1648 204 1681 4
301 1633 541 1687 Ἀναγκαῖον
561 1633 594 1673 δ’
614 1633 888 1685 ὑπολαμβάνω
913 1635 1031 1686 μικρὰ
1056 1637 1134 1674 τῶν
1159 1632 1432 1686 γεγενημένων
1457 1636 1560 1685 πρῶ-

234 1718 301 1742 τον
333 1702 432 1752 ὑμᾶς
465 1702 704 1752 ὑπομνῆσαι.
774 1700 982 1752 μέμνησθ’,
1018 1698 1048 1740 ὦ
1082 1700 1219 1753 ἄνδρες
1252 1700 1469 1751 Ἀθηναῖοι,
1506 1698 1563 1739 ὅτ’

235 1767 467 1820 ἀπηγγέλθη
494 1769 695 1810 Φίλιππος
719 1768 809 1818 ὑμῖν
834 1769 876 1808 ἐν
897 1765 1037 1824 Θρᾴκῃ
1061 1768 1191 1820 τρίτον
1216 1764 1239 1817 ἢ
1263 1766 1451 1819 τέταρτοι·
1476 1766 1563 1808 ἔτος

234 1835 340 1875 τουτὶ
364 1834 532 1888 εΗραῖον
557 1838 690 1887 τεῖχος
714 1838 949 1886 πολιορκῶν.
1021 1835 1110 1876 τότε
1145 1836 1277 1875 τοίνυν
1308 1834 1386 1885 μὴν
1417 1836 1490 1885 μὲν
1515 1833 1562 1884 ἦν
1585 1847 1623 1881 25

233 1902 539 1953 μαιμακτηριών·
579 1905 743 1942 πολλῶν
777 1904 818 1942 δὲ
853 1903 987 1954 λόγων
1023 1902 1083 1941 καὶ
1120 1902 1290 1953 θορύβου
1327 1900 1563 1953 γιγνομένου

234 1968 324 2021 παρ’
349 1970 439 2020 ὑμῖν
464 1969 728 2022 ἐψηφίσασθε
753 1967 1044 2020 τετταράκοντα
1068 1967 1237 2020 τριήρεις
1269 1967 1474 2008 καθέλκειν
1500 1969 1562 2008 καὶ

234 2035 323 2077 τοὺς
354 2035 471 2089 μέχρι
503 2035 619 2076 πέντε
650 2036 712 2076 καὶ
747 2035 1018 2088 τετταράκοντ’
1050 2037 1148 2076 ἐτῶν
1181 2035 1320 2077 αὐτοὺς
1357 2036 1563 2086 ἐμβαίνειν

277 2148 298 2177 6
321 2147 397 2185 ἡμῖν
413 2150 492 2177 ante
511 2146 589 2178 εῖναι
608 2146 653 2176 S:
679 2150 755 2185 post
773 2146 850 2178 εἶναι
869 2145 957 2184 vulg.
1086 2155 1102 2183 7
1129 2146 1276 2184 σώσομεν
1296 2144 1382 2175 FY:
1408 2144 1563 2184 σώσωμεν

236 2190 259 2221 S
276 2190 381 2229 vulg,
400 2190 439 2221 cs.
462 2191 483 2220 ii
503 2200 521 2220 2
699 2191 719 2219 8
742 2190 961 2230 τιμωρήσεταί
977 2202 1024 2221 τις
1042 2190 1092 2220 καὶ
1109 2190 1146 2220 ’ὸν
1162 2188 1281 2229 τρόπον
1299 2188 1322 2218 S
1337 2187 1361 2217 F
1373 2187 1399 2217 B
1414 2198 1420 2217 :
1444 2190 1563 2229 τρόπον

234 2233 451 2275 τιμωρήσεταί
467 2246 516 2265 τις
535 2235 657 2265 ἐκεῖνον
674 2232 759 2271 vulg.
943 2242 977 2262 ΙΙ
1005 2232 1027 2264 ὦ
1049 2234 1159 2274 ἄνδρες
1178 2232 1335 2269 Ἀθηναῖοι
1358 2236 1434 2270 post
1457 2231 1563 2272 καιρός

233 2278 309 2307 add.
330 2276 441 2315 vulg:
468 2287 534 2308 om.
555 2277 579 2307 S
596 2276 688 2307 solus
821 2277 871 2307 καὶ
891 2279 946 2308 νῦν
962 2281 1038 2315 post
1056 2278 1144 2317 εἴπερ
1161 2274 1243 2307 ποτέ
1263 2275 1340 2305 add.
1358 2274 1446 2313 vulg.
1465 2285 1471 2304 z
1495 2284 1560 2306 om.

236 2320 319 2351 SB:
353 2323 439 2362 εἴπερ
463 2321 512 2352 τίς
537 2333 616 2352 ποτε
642 2319 749 2350 Cobet
916 2329 951 2358 15
984 2321 1034 2351 καὶ
1059 2324 1139 2349 ante
1163 2320 1271 2361 παρὼν
1294 2319 1369 2349 add.
1399 2318 1496 2348 Blass
1520 2328 1562 2348 ex

236 2364 355 2394 Isidor.
375 2374 396 2393 x
417 2365 477 2393 126
624 2373 657 2401 17
683 2364 702 2401 ἢ
722 2363 745 2391 S
762 2374 768 2392 :
793 2364 828 2394 οὐ
846 2368 922 2393 cett.
1071 2373 1108 2393 21
1137 2362 1310 2403 πράγματα
1327 2366 1402 2400 post
1420 2361 1563 2403 παρόντα

235 2408 309 2438 add.
332 2407 439 2445 vulg:
468 2417 532 2438 om.
552 2407 575 2436 S
589 2406 616 2436 B
