1747 2844
159 136 245 189 xlx]
384 139 525 176 ΠΕΡΙ
575 139 697 177 ΤΗΣ
746 139 1265 177 ΠΑΡΑΠΡΕΣΒΕΙΑΣ

1511 141 1610 195 [411]

161 241 286 295 κύκλῳ
315 241 376 282 καὶ
404 242 650 293 βουλεύεται.
711 241 850 282 οὐκοῦν
875 242 1017 288 δεινόν,
1044 239 1073 281 ὦ
1099 240 1236 292 ἄνδρες
1261 241 1475 291 Ἀθηναῖοι,
1509 249 1575 283 226

160 309 222 349 καὶ
259 308 448 361 σχέτλιον
487 311 568 350 τοῖς
607 310 677 359 μὲν
716 309 763 348 τὰ
799 309 1002 348 Φιλίππου
1041 306 1238 359 πράγμαθ’
1276 307 1478 364 ᾑρημένοις

159 375 387 426 θεραπεύειν
427 375 549 417 οὕτως
589 375 732 426 ἀκριβῆ
771 373 840 424 τὴν
878 373 967 426 παρ’
1007 374 1156 415 ἐκείνου
1192 373 1288 426 πρὸς
1331 374 1478 426 ἑκάτερ’

159 442 348 492 αἴσθησιν
378 440 582 494 ὑπάρχειν,
610 439 706 480 ὥσθ’
734 440 915 487 ἕκαστον,
940 440 1077 492 ὥσπερ
1107 440 1155 481 ἂν
1184 442 1478 493 παρεστηκότος

120 524 138 555 5
159 507 288 556 αὐτοῦ,
320 508 409 558 μηδ’
441 509 495 548 ὧν
528 506 576 549 ἂν
612 507 745 548 ἐνθαδὶ
781 504 909 563 πράξῃ
945 510 1065 558 μηδὲν
1102 507 1287 560 ἡγεῖσθαι
1322 506 1475 558 λήσειν,

159 575 266 616 ἀλλὰ
290 575 433 627 φίλους
457 591 500 615 τε
524 573 695 624 νομίζειν
721 573 785 615 οὓς
811 572 859 614 ἂν
884 574 1017 628 ἐκείνῳ
1044 576 1138 631 δοκῇ
1163 574 1226 615 καὶ
1257 574 1309 625 μὴ
1336 576 1479 627 φίλους

160 641 356 687 ὡσαύτως,
383 645 465 681 τοῖς
490 642 533 682 δὲ
557 640 654 692 πρὸς
678 641 776 690 ὑμᾶς
803 640 897 690 ζῶσι
928 640 989 680 καὶ
1018 643 1086 692 τῆς
1115 640 1206 693 παρ’
1232 642 1337 692 ὑμῶν
1366 644 1478 693 τιμῆς

159 706 412 760 γλιχομένοις
432 707 495 747 καὶ
519 707 571 758 μὴ
592 706 861 758 προδεδωκόσι
885 706 1029 757 ταύτην
1048 707 1247 757 τοσαύτην
1269 708 1479 760 κωφότητα

158 773 222 814 καὶ
244 777 411 814 τοσοῦτο
437 774 578 815 σκότος
608 772 698 825 παρ’
725 774 831 823 ὑμῶν
860 773 1051 820 ἀπαντᾶν,
1079 774 1184 814 ὥστε
1211 777 1291 816 τοῖς
1320 775 1474 824 ἀλειτη-

100 856 137 878 10
156 841 254 891 ρίοις
281 840 434 883 τούτοις
463 839 510 891 ἐξ
540 841 629 880 ἴσου
659 843 727 880 νῦν
758 838 817 889 ἔμ’
844 840 1120 891 ἀγωνίζεσθαι,
1149 840 1211 880 καὶ
1239 844 1359 880 ταῦτα
1389 840 1478 892 παρ’

158 908 247 957 ὑμῖν
270 910 351 949 τοῖς
375 906 515 947 ἅπαντ’
536 908 698 948 εἰδόσιν.
763 905 955 956 βούλεσθ’
975 906 1042 947 οὖν
1063 905 1207 947 εἰδέναι
1226 906 1288 947 καὶ
1314 907 1480 947 ἀκοῦσαι

158 973 202 1013 τὸ
227 974 373 1014 τούτων
399 975 543 1020 αἵτιον;
584 974 660 1025 ἐγὼ
686 972 731 1023 δὴ
758 971 916 1024 φράσω,
944 971 1039 1023 ἀξιῶ
1065 974 1106 1014 δὲ
1131 972 1264 1023 μηδέν’
1284 972 1484 1026 ἄχθεσθαί

159 1056 226 1090 μοι
248 1039 409 1091 λέγοντι
432 1041 598 1091 τάληθῆ.
664 1040 725 1079 ὅτι
749 1040 895 1081 ἐκεῖνος
920 1040 992 1090 μὲν
1017 1039 1073 1086 ἕν,
1101 1039 1221 1091 οἶμαι,
1249 1039 1349 1090 σῶμ’
1376 1039 1481 1093 ἔχων

160 1107 220 1145 καὶ
259 1107 396 1160 ψυχὴν
437 1108 530 1157 μίαν
569 1106 685 1148 παντὶ
727 1109 831 1160 θυμῷ
877 1106 938 1147 καὶ
982 1109 1096 1157 φιλεῖ
1131 1105 1220 1148 τοὺς
1259 1105 1397 1148 ἑαυτὸν
1439 1106 1481 1147 εὖ

99 1187 134 1219 15
157 1177 365 1215 ποιοῦντας
387 1173 450 1214 καὶ
472 1177 584 1224 μισεῖ
605 1173 695 1216 τοὺς
720 1174 922 1219 τάναντία,
951 1173 1057 1223 ὑμῶν
1082 1171 1114 1213 δ’
1134 1173 1300 1214 ἕκαστος
1325 1176 1480 1225 πρῶτον

155 1241 226 1290 μὲν
252 1240 340 1281 οὔτε
363 1239 432 1281 τὸν
458 1240 498 1281 εὖ
523 1243 711 1282 ποιοῦντα
729 1239 801 1290 τὴν
820 1240 938 1280 πόλιν
964 1238 1079 1281 αὑτὸν
1100 1239 1141 1280 εὓ
1159 1242 1288 1280 ποιεῖν
1312 1239 1478 1291 ἡγεῖται,

156 1306 245 1347 οὔτε
276 1305 343 1347 τὸν
376 1310 502 1349 κακῶς
533 1303 706 1358 (κακῶς),
744 1305 835 1346 ἀλλ’
872 1305 969 1358 ἕτερ’
1002 1305 1114 1348 ἐστὶν
1147 1305 1302 1360 ἑκάστῳ
1339 1322 1480 1357 προυρ-

155 1374 345 1425 γιαίτερα,
370 1372 440 1425 ὑφ’
458 1373 512 1413 ὧν
538 1372 766 1425 παράγεσθε
795 1371 1003 1419 πολλάκις,
1032 1373 1156 1418 ἕλεος,
1179 1373 1340 1424 φθόνος,
1368 1371 1478 1424 ὀργή,

153 1440 403 1492 χαρίσασθαι
425 1443 478 1494 τῷ
503 1439 693 1489 δεηθέντι,
721 1439 828 1480 ἄλλα
854 1439 985 1490 μυρία·
1028 1438 1075 1480 ἂν
1100 1437 1132 1479 δ’
1159 1437 1218 1491 ἄρ’
1239 1437 1393 1480 ἅπαντά
1422 1455 1480 1480 τις

94 1520 133 1542 20
153 1506 320 1561 ἐκφύγῃ,
356 1507 462 1546 ἀλλὰ
494 1506 584 1548 τούς
620 1504 656 1558 γ’
689 1505 828 1546 οὐδένα
866 1504 1137 1556 βουλομένους
1171 1503 1271 1546 εἶναι
1302 1508 1480 1546 τοιοῦτον

153 1572 198 1612 οὐ
231 1571 497 1625 διαφεύξεται.
568 1572 590 1624 ἡ
624 1571 656 1612 δ’
692 1572 756 1624 ἐφ’
793 1570 963 1613 ἑκάστου
995 1571 1145 1612 τούτων
1182 1573 1351 1623 ἁμαρτία
1384 1572 1480 1611 κατὰ

151 1639 288 1691 μικρὸν
312 1639 559 1692 ὑπορρέουσα
583 1639 724 1690 ἁθρόος
749 1644 796 1696 τῇ
823 1639 939 1679 πόλει
963 1638 1105 1690 βλάβη
1132 1638 1323 1690 γίγνεται.

213 1704 294 1747 ἲΩν
330 1706 465 1757 μηδέν,
499 1704 528 1746 ὦ
564 1705 701 1758 ἄνδρες
736 1705 953 1756 Ἀθηναῖοι,
990 1705 1138 1755 πάθητε
1174 1703 1353 1757 τήμερον,
1388 1703 1478 1756 μηδ’

152 1772 281 1825 ἀφῆτε
316 1776 453 1814 τοῦτον
491 1772 533 1814 ὃς
570 1773 668 1823 ὑμᾶς
706 1771 904 1823 τηλικαῦτ’
943 1772 1140 1822 ἠδίκηκεν.
1212 1771 1274 1812 καὶ
1312 1773 1387 1824 γὰρ
1427 1770 1478 1813 ὡς

92 1850 130 1883 25
151 1839 308 1889 ἀληθῶς
343 1841 401 1882 τίς
438 1839 552 1881 ἔσται
587 1839 709 1891 λόγος
746 1839 834 1891 περὶ
871 1840 991 1891 ὑμῶν,
1031 1839 1064 1880 εἰ
1099 1842 1237 1879 τοῦτον
1276 1836 1475 1890 ἀφήσετε;

152 1904 371 1957 Ἀθήνηθεν
400 1905 681 1959 ἐπρέσβευσάν
712 1923 815 1947 τινες
847 1905 899 1948 ὡς
925 1907 1131 1946 Φίλιππον
1156 1904 1323 1952 τουτονί,
1351 1907 1475 1945 Φιλο-

199 2027 210 2047 1
238 2017 288 2049 καὶ
307 2019 425 2049 σκοπεῖ
437 2017 513 2049 add.
534 2022 611 2057 post
628 2017 734 2058 κύκλῳ
753 2016 777 2049 S
797 2027 881 2048 corr.
904 2016 950 2048 L:
981 2021 1059 2056 post
1076 2014 1267 2053 βουλεύεται
1284 2013 1384 2053 vulg.:
1411 2023 1476 2045 orn.

152 2059 186 2090 5¹
205 2060 298 2091 solus
453 2071 471 2099 4
497 2062 525 2093 εἰ
540 2065 615 2101 post
633 2062 671 2093 ἂν
687 2061 761 2092 add.
783 2061 872 2100 vulg.
891 2071 898 2090 z
922 2070 986 2091 om.
1008 2059 1032 2090 S
1045 2059 1071 2090 L
1227 2068 1246 2096 5
1273 2058 1376 2090 ἐνθαδὶ
1394 2057 1417 2089 S
1431 2058 1477 2089 L:

151 2103 259 2136 ἐνθάδε
277 2109 353 2135 cett.
531 2115 553 2144 9
577 2104 768 2147 ἀλειτηρίοις
788 2104 886 2136 Blass
902 2115 909 2134 :
934 2103 1118 2144 ἆλητηρῖοις
1137 2102 1160 2133 S
1175 2102 1200 2132 L
1212 2101 1255 2132 Ο1
1272 2112 1279 2131 ;
1303 2101 1478 2142 ἀλιτηρίοις

150 2147 251 2186 vulg„
270 2148 309 2179 Cf·
331 2151 347 2186 ξ
370 2157 427 2188 197
522 2158 559 2179 12
582 2148 689 2188 μηδέν’
708 2148 760 2179 A:
787 2151 885 2188 μηδεν
903 2148 976 2178 sine
993 2151 1136 2177 accentu
1154 2145 1178 2177 S
1197 2156 1203 2175 :
1226 2144 1326 2184 μηδὲν
1345 2145 1370 2175 L
1386 2144 1474 2184 vulg.

150 2191 321 2232 ἄχθεσθαί]
340 2192 537 2233 ἀχθεσθῆναί
552 2191 595 2230 Α,
613 2192 651 2223 cs.
669 2202 691 2223 x
708 2201 748 2232 54
865 2201 900 2228 14
927 2191 1040 2223 ἑαυτὸν
1057 2199 1122 2220 om.
1141 2188 1173 2220 A
1292 2197 1329 2227 15
1353 2191 1478 2228 πρῶτον

148 2233 208 2272 μὲν
223 2245 289 2266 orn.
308 2235 333 2266 F
346 2236 372 2265 Β
386 2236 453 2275 PQ
605 2246 642 2275 17
668 2238 769 2268 κακῶς
787 2235 863 2266 add.
884 2234 1046 2265 Morelius
1198 2241 1236 2271 19
1261 2231 1287 2263 δ’
1306 2232 1353 2272 ἄρ’
1371 2232 1408 2262 G.
1431 2231 1474 2263 H.

151 2278 324 2317 Schaefer,
344 2279 477 2311 Dobree
494 2290 500 2312 ;
524 2280 585 2320 γὰρ
603 2279 699 2310 codd.
870 2289 912 2309 20
936 2277 1070 2318 ἐκφύγῃ,
1091 2276 1178 2308 ἀλλὰ
1196 2275 1325 2306 Cobet:
1352 2275 1475 2317 ἐκφύγῃ

150 2323 270 2361 τᾶλλα,
288 2323 383 2355 codd.
551 2333 591 2353 22
617 2322 725 2362 ἁθρόος
743 2321 773 2352 Y
789 2333 795 2352 z
831 2321 939 2360 αθρόος
958 2321 982 2352 S
1000 2330 1005 2350 ἱ
1039 2319 1148 2360 ἀθρόος
1168 2319 1193 2349 L
1205 2319 1235 2357 Q
1250 2330 1256 2349 ε
1291 2318 1407 2359 αθρόως
1424 2318 1474 2350 A:

149 2365 265 2406 ἀθρόως
281 2365 370 2406 vulg.
536 2377 575 2404 24
601 2367 704 2405 ἀφῆτε
724 2364 789 2396 LA
804 2364 827 2395 F
845 2374 947 2395 cortu:
974 2365 1070 2401 ἀνῆτε
1088 2364 1109 2394 S
1124 2362 1149 2393 L
1167 2372 1254 2393 corr.
1273 2372 1320 2401 pr.
1342 2372 1382 2392 m.
1401 2361 1431 2393 Y
1444 2362 1474 2394 Ο

148 2409 190 2439 26
212 2408 369 2442 Φίλιππον
385 2406 542 2450 τουτόνί,]
560 2409 728 2441 Φίλιππον·
754 2408 876 2440 τούτων
893 2408 931 2445 ἧν
949 2406 1039 2437 Weil

1511 918 1576 951 227

1514 970 1620 1024 [412]

1511 1312 1578 1346 228

1509 1718 1577 1753 229
