1731 2844
136 531 153 562 5

118 861 155 882 10

119 1523 157 1545 20

120 1852 156 1884 25

172 142 259 196 vm}
382 145 523 183 ΠΕΡΙ
571 144 697 181 ΤΩΝ
750 143 826 180 EN
877 142 1281 179 ΧΕΡΡΟΝΗΣΩΙ

1520 139 1631 193 [106]

239 248 337 288 Εἶτα
353 248 479 300 φησὶν
499 246 540 288 ὃς
559 246 606 287 ἂν
625 246 724 301 τύχῃ
744 245 949 297 παρελθών
968 247 977 262 ‘
991 244 1034 285 οὐ
1051 245 1124 295 γὰρ
1143 242 1292 285 ἐθέλεις
1308 221 1566 295 γράφεινήδ

172 314 259 356 οὐδὲ
294 314 538 360 κινδυνεύειν,
575 312 664 353 ἀλλ’
697 311 868 362 ἄτολμος
904 310 942 351 εἶ
971 310 1034 351 καὶ
1068 309 1269 361 μαλακός.’
1340 309 1417 360 ἐγὼ
1451 311 1492 350 δὲ

174 381 318 433 θρασὺς
336 382 408 431 μὲν
430 380 490 420 καὶ
510 378 702 430 βδελυρὸς
723 379 783 419 καὶ
805 377 964 427 ἀναιδὴς
983 375 1062 417 οὔτ’
1081 376 1157 426 εἰμὶ
1176 374 1272 426 μήτε
1292 376 1491 427 γενοίμην,

173 447 442 500 ἀνδρειότερον
466 445 599 497 μέντοι
618 448 780 485 πολλῶν
799 443 898 485 πάνυ
919 447 996 483 τῶν
1017 445 1160 493 ἰταμῶς
1179 440 1493 492 πολιτευομένων

174 513 261 565 παρ’
305 515 392 563 ὑμῖν
435 511 600 563 ἐμαυτὸν
641 511 822 563 ἡγοῦμαι.
891 511 1002 551 ὅστις
1042 511 1114 560 μὲν
1155 508 1243 560 γάρ,
1287 505 1315 547 ὦ
1357 507 1493 560 ἄνδρες

173 580 388 629 Ἀθηναῖοι,
426 579 599 629 παριδὼν
633 578 658 619 ἃ
693 577 872 618 συνοίσει
908 577 954 633 τῇ
993 576 1120 621 πόλει,
1158 576 1287 626 κρίνει,
1324 574 1490 625 δημεύει,

174 647 323 691 δίδωσι,
357 648 574 696 κατηγορεῖ,
606 643 765 698 οὐδεμιᾷ
796 641 903 683 ταῦτ’
934 643 1092 695 ἀνδρείᾳ
1121 645 1237 687 ποιεῖ,
1269 640 1360 681 ἀλλ’
1390 640 1493 693 ἔχων

173 711 358 764 ἐνέχυρον
382 713 450 760 τῆς
476 711 592 750 αὑτοῦ
619 711 813 761 σωτηρίας
832 709 875 749 τὸ
900 708 996 760 πρὸς
1020 707 1135 761 χάριν
1160 708 1250 757 ὑμῖν
1274 706 1406 758 λέγειν
1433 706 1494 747 καὶ

174 778 463 823 πολιτεύεσθαι,
500 778 698 829 ἀσφαλῶς
732 775 880 827 θρασύς
916 777 1039 815 ἐστιν·
1086 775 1198 815 ὅστις
1234 773 1266 813 δ’
1298 774 1393 825 ὑπὲρ
1428 776 1495 813 τοῦ

173 844 389 895 βελτίστου
427 845 560 883 πολλὰ
601 847 683 885 τοῖς
723 841 923 894 ὑμετέροις
967 842 1208 881 ἐναντιοῦται
1251 838 1491 890 βουλήμασι,

176 910 238 950 καὶ
269 912 390 961 μηδὲν
421 909 532 961 λέγει
565 909 660 960 πρὸς
694 908 810 962 χάριν
846 909 952 948 ἀλλὰ
987 907 1032 947 τὸ
1067 906 1285 957 βέλτιστον
1322 906 1394 951 ἀεί,
1435 905 1496 946 καὶ

174 976 246 1025 τὴν
274 976 454 1025 τοιαύτην
485 976 688 1016 πολιτείαν
720 977 962 1026 προαιρεῖται
995 975 1037 1013 ἐν
1066 971 1090 1028 ᾗ
1119 973 1312 1035 πλειόνων
1344 972 1367 1022 ἡ
1397 972 1494 1024 τύχη

177 1042 286 1093 κυρία
314 1043 488 1093 γίγνεται
517 1038 539 1091 ἢ
566 1043 602 1081 οἱ
631 1041 833 1092 λογισμοί,
860 1040 1006 1080 τούτων
1036 1038 1067 1079 δ’
1093 1038 1328 1091 ἀμφοτέρων
1359 1037 1496 1078 ἑαυτὸν

175 1109 390 1148 ὑπεύθυνον
418 1109 507 1158 ὑμῖν
538 1106 714 1161 παρέχει,
743 1106 855 1148 οὗτός
884 1105 966 1146 ἐστ’
991 1106 1179 1157 ἀνδρεῖος,
1210 1105 1272 1145 καὶ
1301 1102 1496 1157 χρήσιμός

175 1191 222 1226 γε
241 1176 405 1223 πολίτης
431 1174 452 1212 ὁ
474 1174 648 1215 τοιοῦτός
673 1174 795 1218 ἐστιν,
819 1172 893 1225 οὐχ
917 1174 954 1212 οἱ
973 1174 1040 1222 τῆς
1060 1171 1150 1224 παρ’
1169 1171 1316 1222 ἡμέραν
1336 1169 1495 1223 χάριτος

175 1242 224 1281 τὰ
257 1240 429 1292 μέγιστα
461 1242 528 1290 τῆς
560 1240 714 1281 πόλεως
749 1239 1061 1284 ἀπολωλεκότες,
1097 1238 1161 1278 οὓς
1197 1237 1274 1288 ἐγὼ
1305 1237 1496 1277 τοσούτου

176 1306 248 1347 δέω
287 1307 428 1356 ζηλοῦν
463 1303 487 1356 ἢ
524 1306 692 1356 νομίζειν
728 1304 860 1355 ἀξίους
892 1305 1057 1346 πολίτας
1093 1306 1160 1353 τῆς
1194 1303 1347 1345 πόλεως
1383 1303 1493 1348 εἶναι,

175 1372 269 1413 ὥστ’
300 1374 336 1413 εἴ
366 1389 423 1414 τις
456 1372 584 1424 ἔροιτό
617 1389 677 1422 με,
714 1371 826 1412 ίεἶπέ
860 1387 939 1423 μοι,
976 1370 1025 1410 σὺ
1058 1372 1099 1410 δὲ
1132 1369 1176 1419 δὴ
1208 1370 1247 1410 τί
1274 1369 1345 1419 τὴν
1376 1370 1496 1409 πόλιν

176 1439 266 1490 ἡμῖν
302 1438 452 1490 ἀγαθὸν
488 1437 748 1488 πεποίηκας;’
788 1437 903 1490 ἔχων,
942 1435 971 1477 ὦ
1008 1436 1144 1488 ἄνδρες
1181 1435 1394 1486 Ἀθηναῖοι,
1436 1435 1497 1475 καὶ

175 1506 427 1558 τριηραρχίας
465 1506 587 1545 εἰπεῖν
626 1505 687 1545 καὶ
726 1505 914 1557 χορηγίας
954 1503 1014 1543 καὶ
1052 1501 1264 1556 χρημάτων
1304 1503 1497 1554 εἰσφορὰς

178 1572 238 1612 καὶ
264 1571 400 1613 λύσεις
428 1571 691 1624 αἰχμαλώτων
723 1571 784 1611 καὶ
813 1570 993 1611 τοιαύτας
1025 1569 1151 1610 ἄλλας
1181 1568 1494 1621 φιλανθρωπίας,

176 1638 289 1678 οὐδὲν
320 1637 367 1678 ἂν
399 1638 546 1677 τούτων
579 1638 737 1687 εἴποιμι,
773 1635 864 1677 ἀλλ’
897 1637 956 1676 ὅτι
987 1639 1064 1676 τῶν
1097 1635 1283 1675 τοιούτων
1316 1642 1495 1675 πολιτευ-

176 1703 308 1755 μάτων
337 1704 448 1744 οὐδὲν
477 1703 744 1755 πολιτεύομαι,
773 1703 879 1743 ἀλλὰ
909 1701 1120 1753 δυνάμει·ος
1147 1700 1195 1742 ἂν
1223 1703 1333 1747 ἴσως,
1361 1701 1496 1752 ὥσπερ

178 1771 239 1811 καὶ
267 1770 403 1822 ἕτεροι,
435 1770 496 1810 καὶ
527 1772 756 1822 κατηγορεῖν
785 1769 846 1809 καὶ
875 1768 1107 1821 χαρίζεσθαι
1137 1768 1198 1808 καὶ
1226 1767 1406 1818 δημεύειν
1436 1767 1496 1807 καὶ

176 1835 289 1877 τᾶλλ’
318 1837 342 1877 ἃ
371 1839 552 1877 ποιοῦσιν
581 1836 688 1876 οὗτοι
720 1839 859 1881 ποιεῖν,
891 1834 970 1875 οὐδ’
1003 1833 1066 1886 ἐφ’
1099 1833 1141 1874 ἓν
1174 1833 1319 1875 τούτων
1346 1832 1496 1873 πώποτ’

178 1902 345 1953 ἐμαυτὸν
391 1902 521 1953 ἔταξα,
571 1903 658 1944 οὐδὲ
706 1900 911 1954 προήχθην
959 1900 1040 1941 οὔθ’
1083 1900 1158 1940 ὑπὸ
1211 1899 1368 1952 κέρδους
1415 1898 1496 1939 οὔθ’

178 1969 251 2009 ὑπὸ
292 1970 545 2021 φιλοτιμίας,·’
576 1969 682 2009 ἀλλὰ
729 1967 897 2019 διαμένω
945 1966 1076 2019 λέγων
1119 1965 1165 2017 ἐξ
1208 1967 1262 2007 ῶν
1305 1966 1382 2017 ἐγὼ
1424 1967 1496 2015 μὲν

178 2039 339 2076 πολλῶν
367 2034 542 2076 ἐλάττων
569 2035 645 2086 εἰμὶ
675 2034 764 2086 παρ’
788 2035 891 2085 ὑμῖν,
920 2034 1029 2085 ὑμεῖς
1059 2032 1105 2079 δ’,
1134 2033 1167 2074 εἶ
1197 2031 1387 2073 πείσεσθέ
1415 2047 1493 2081 μοι,

218 2154 238 2184 3
261 2144 359 2186 μήτε]
377 2146 451 2177 οὔτε
470 2145 493 2176 S
508 2144 544 2175 L¹
727 2155 763 2185 13
788 2146 902 2178 ἑαυτὸν
921 2150 1000 2177 ante
1025 2145 1197 2177 ὑπεύθυνον
1220 2144 1242 2175 S
1257 2142 1365 2174 LAY
1382 2154 1388 2173 z
1421 2147 1497 2182 post

179 2188 348 2220 ὑπεύθυνον
363 2188 451 2227 vulg.
619 2199 655 2228 15
679 2189 734 2230 γε]
755 2199 818 2220 om.
842 2189 865 2220 S
878 2189 917 2219 L¹
933 2189 1032 2219 Vind.
1058 2199 1070 2218 1
1252 2188 1288 2217 18
1312 2187 1351 2224 δὴ
1368 2190 1445 2225 post
1462 2186 1496 2218 δὲ

178 2242 241 2262 om.
261 2232 284 2261 S
298 2230 378 2263 LOl
394 2231 493 2262 Vind.
516 2242 528 2262 1
548 2243 554 2262 :
580 2232 654 2263 add.
675 2232 766 2271 vulg.
883 2243 921 2271 19
946 2233 1021 2271 ἡμῖν
1039 2231 1062 2262 S
1076 2231 1101 2261 L
1118 2230 1219 2261 Vind.
1241 2240 1253 2259 1
1273 2240 1280 2260 :
1306 2230 1394 2269 ἡμῶν
1410 2229 1495 2268 vulg,

179 2284 219 2314 23
242 2275 447 2314 πολιτεύομαι
467 2276 489 2305 S
505 2275 529 2304 L
541 2275 568 2306 B
581 2275 611 2307 O
626 2287 631 2306 :
659 2275 889 2314 πεπολίτευμαι
908 2275 937 2305 Λ
951 2275 980 2305 Y
993 2275 1023 2305 O
1042 2284 1125 2305 corr.
1284 2283 1325 2311 24
1351 2273 1400 2305 καὶ
1418 2277 1495 2303 ante

178 2320 367 2358 κατηγορεῖν
383 2328 445 2348 om.
465 2318 553 2357 vulg.
572 2329 578 2347 :
602 2319 677 2349 add.
698 2319 720 2348 S
735 2318 803 2348 LA
816 2317 845 2348 Y
973 2328 1012 2357 25
1039 2317 1072 2348 ἓν
1090 2317 1112 2347 S
1128 2316 1164 2346 L¹
1188 2317 1235 2356 [ut
1253 2316 1400 2353 videtur)
1420 2326 1426 2346 ι
1451 2316 1495 2347 ἑνὶ

178 2360 265 2399 vulg.
380 2371 418 2399 27
445 2362 579 2400 διαμένω
597 2361 685 2399 vulg.
703 2372 708 2390 :
733 2371 796 2391 om.
819 2361 851 2391 5¹
868 2359 903 2391 1)
923 2372 928 2391 :
953 2363 1090 2392 διατελῶ
1110 2361 1132 2390 S
1151 2369 1252 2398 marg.
1364 2359 1405 2389 28
1429 2359 1494 2391 πεί·

180 2407 274 2436 σεσθε
295 2403 331 2434 E.
353 2402 494 2434 Mfiller:
521 2406 664 2436 πείθεσθε
685 2404 707 2435 S
721 2403 747 2435 L
766 2404 862 2434 Vind.
887 2413 898 2433 1
920 2415 925 2433 z
950 2407 1107 2435 πείθοισθε
1127 2403 1213 2441 vulg.

1525 707 1631 762 [107]

1526 1120 1571 1155 70

1528 1585 1567 1620 71
