1731 2844
165 137 256 191 vm]
370 142 519 179 ΠΕΡΙ
567 141 694 178 ΤΩΝ
745 141 823 177 ΕΝ
871 140 1276 177 ΧΕΡΡΟΝΗΣΩΙ

162 248 239 284 τῶν
257 246 328 294 μὲν
345 245 387 283 ἐν
403 241 540 298 Θρᾴκῃ
562 246 688 282 κακῶν
701 241 758 293 (τί
772 243 845 294 γὰρ
865 241 913 282 ἂν
932 241 1033 280 ἄλλο
1052 257 1109 282 τις
1135 242 1237 280 εἴποι
1255 243 1480 293 Δρογγίλον

165 310 225 350 καὶ
257 311 449 360 Καβύλην
479 310 540 349 καὶ
574 308 805 360 Μάστειραν
835 308 896 347 καὶ
928 308 952 347 ἃ
984 310 1052 347 νῦν
1084 306 1231 358 ἐξαιρεῖ
1256 304 1333 357 [καὶ
1366 324 1479 347 κατα-

164 373 442 427 σκευάζεται];)
489 375 638 415 τούτων
675 377 747 425 μὲν
782 375 983 424 ἐπιθυμεῖν
1022 373 1085 413 καὶ
1122 374 1219 424 ὑπὲρ
1254 376 1323 412 τοῦ
1362 376 1482 413 ταῦτα

162 446 305 493 λαβεῖν
327 443 387 482 καὶ
407 443 548 482 πόνους
573 442 635 481 καὶ
659 443 854 493 χειμῶνας
874 440 935 480 καὶ
954 440 1044 481 τοὺς
1069 438 1265 492 ἐσχάτους
1285 439 1482 481 κινδύνους

125 527 142 557 5
163 508 383 559 ὑπομένειν,
402 512 478 548 τῶν
494 507 526 546 δ’
543 507 763 557 Ἀθηναίων
780 506 951 557 λιμένων
968 507 1030 546 καὶ
1050 507 1220 558 νεωρίων
1238 507 1300 546 καὶ
1315 505 1481 558 τριήρων

164 576 225 615 καὶ
254 578 329 615 τῶν
360 574 485 627 ἔργων
511 577 588 613 τῶν
617 574 831 626 ἀργυρείων
860 573 922 613 καὶ
949 573 1150 613 τοσούτων
1176 573 1383 624 προσόδων
1414 572 1481 612 οὐκ

163 643 375 691 ἐπιθυμεῖν,
402 641 507 680 ἀλλὰ
534 643 653 680 ταῦτα
682 641 753 691 μὲν
781 641 879 691 ὑμᾶς
909 639 1043 680 ἐάσειν
1072 639 1192 692 ἔχειν,
1218 640 1315 690 ὑπὲρ
1339 641 1380 679 δὲ
1404 643 1482 679 τῶν

160 711 331 758 μελινῶν
357 707 418 747 καὶ
443 711 520 747 τῶν
543 707 696 758 ὀλυρῶν
720 710 798 747 τῶν
823 708 865 747 ἐν
891 710 972 747 τοῖς
993 706 1184 759 Θρᾳκίοις
1210 709 1335 757 σιροῖς
1362 706 1403 745 ἐν
1427 709 1480 759 τῷ

160 773 346 828 βαράθρῳ
372 772 583 826 χειμάζειν.
645 773 712 813 οὐκ
736 773 822 813 ἔστι
848 776 981 818 ταῦτα,
1003 773 1110 812 ἀλλὰ
1137 771 1279 812 κάκεῖν’
1297 773 1394 824 ὑπὲρ
1412 775 1481 811 τοῦ

103 855 142 876 10
160 840 307 880 τούτων
341 839 527 892 γενέσθαι
565 839 692 891 κύριος
729 840 790 879 καὶ
825 839 954 880 τᾶλλα
990 838 1119 879 πάντα
1153 838 1478 890 πραγματεύεται.

160 908 200 946 τί
224 906 291 947 οὗν
321 906 362 947 εὖ
390 906 643 959 φρονούντων
673 906 887 958 ἀνθρώπων
918 906 1049 951 ἐστίν;
1087 905 1238 945 εἰδότας
1267 907 1388 944 ταῦτα
1419 905 1480 945 καὶ

162 973 381 1024 ἐγνωκότας
411 973 483 1022 τὴν
517 974 588 1023 μὲν
618 972 955 1023 ὑπερβάλλουσαν
989 972 1051 1012 καὶ
1088 970 1307 1021 ἀνήκεστον
1338 971 1481 1021 ταύτην

159 1039 348 1092 ῥᾳθυμίαν
382 1037 614 1084 ἀποθέσθαι,
649 1038 830 1091 χρήματα
862 1038 894 1078 δ’
929 1037 1131 1090 εἰσφέρειν
1166 1037 1227 1077 καὶ
1259 1037 1349 1078 τοὺς
1382 1054 1480 1088 συμ-

160 1104 311 1158 μάχους
347 1103 493 1154 ἀξιοῦν,
534 1106 596 1145 καὶ
633 1105 740 1147 ὅπως
776 1105 821 1145 τὸ
859 1104 1103 1155 συνεστηκὸς
1139 1107 1253 1144 τοῦτο
1292 1107 1484 1155 συμμενεῖ

103 1185 139 1216 15
162 1170 368 1222 στράτευμ’
388 1172 482 1223 ὁρᾶν
507 1171 569 1211 καὶ
594 1171 791 1223 πράττειν,
812 1170 861 1211 ἵν’
882 1172 1017 1223 ὥσπερ
1042 1173 1190 1212 ἐκεῖνος
1216 1171 1372 1221 ἕτοιμον
1397 1170 1481 1223 ἕχει

161 1237 322 1288 δύναμιν
357 1237 426 1287 τὴν
464 1236 731 1287 ἀδικήσουσαν
769 1237 831 1278 καὶ
866 1236 1272 1287 καταδουλωσομένην
1307 1236 1482 1278 ἅπαντας

160 1303 248 1345 τοὺς
263 1302 482 1354 “Ἐλληνας,
509 1304 609 1344 οὕτω
633 1304 705 1354 τὴν
731 1304 945 1344 σώσουσαν
969 1305 1077 1355 ὑμεῖς
1108 1304 1169 1344 καὶ
1194 1302 1482 1354 βοηθήσουσαν

160 1368 309 1410 ἅπασιν
340 1371 494 1421 ἕτοιμον
526 1369 657 1423 ἔχητε.
729 1370 773 1411 οὐ
800 1372 874 1423 γὰρ
901 1370 988 1410 ἔστι
1019 1370 1223 1421 βοηθείαις
1256 1368 1482 1422 χρωμένους

160 1435 336 1476 οὐδέποτ’
361 1436 473 1477 οὐδὲν
497 1440 573 1477 τῶν
598 1438 766 1478 δεόντων
790 1435 945 1489 πρᾶξαι,
974 1437 1081 1477 ἀλλὰ
1110 1435 1482 1478 κατασκευάσαντας

1512 139 1621 193 [100]

1511 521 1552 557 45

1512 707 1612 761 [ποι]

1511 1379 1555 1413 47

102 1515 140 1537 20
159 1505 220 1543 δεῖ
245 1503 418 1554 δύναμιν,
451 1504 512 1543 καὶ
541 1503 693 1555 τροφὴν
722 1503 842 1560 ταύτῃ
872 1504 1115 1555 πορίσαντας
1149 1503 1212 1543 καὶ
1245 1503 1385 1554 ταμίας
1419 1503 1480 1543 καὶ
1517 1539 1520 1542 .

159 1571 381 1620 δημοσίους,
410 1570 470 1610 καὶ
499 1570 604 1611 ὅπως
632 1570 690 1610 ἔνι
717 1570 788 1621 τὴν
812 1574 890 1611 τῶν
920 1569 1133 1624 χρημάτων
1159 1568 1342 1622 φυλακὴν
1372 1570 1478 1622 ἀκρι-

158 1636 359 1687 βεστάτην
377 1636 576 1689 γενέσθαι,
597 1638 696 1677 οὕτω
717 1635 973 1687 ποιήσαντας,
993 1636 1063 1677 τὸν
1081 1639 1154 1688 μὲν
1172 1640 1250 1677 τῶν
1269 1635 1481 1689 χρημάτων

158 1703 281 1755 λόγον
315 1705 420 1755 παρὰ
456 1704 605 1744 τούτων
641 1703 879 1755 λαμβάνειν,
917 1703 986 1745 τὸν
1023 1706 1065 1745 δὲ
1101 1707 1179 1744 τῶν
1215 1704 1341 1755 ἔργων
1377 1704 1481 1755 παρὰ

158 1772 225 1809 τοῦ
261 1774 492 1822 στρατηγοῦ.
565 1769 634 1811 κᾶν
670 1771 769 1811 οὕτω
806 1769 1000 1821 ποιήσητε
1037 1771 1099 1811 καὶ
1134 1769 1240 1810 ταῦτ’
1270 1768 1480 1820 ἐθελήσηθ’

100 1846 137 1878 ²5
159 1835 209 1878 ὡς
234 1836 401 1887 ἀληθῶς,
429 1837 539 1889 ἄγειν
565 1836 722 1889 εἰρήνην
746 1839 899 1879 δικαίαν
926 1839 987 1879 καὶ
1015 1837 1149 1889 μένειν
1182 1837 1247 1878 ἐπὶ
1270 1839 1340 1887 τῆς
1365 1838 1481 1877 αὑτοῦ

204 1955 216 1975 1
243 1944 275 1976 τί
295 1944 383 1984 vulg.
401 1950 434 1976 et
458 1945 707 1985 Harpocration
725 1957 749 1977 s.
764 1957 795 1980 v.
814 1946 981 1989 Μάστειρα
1003 1950 1036 1977 et
1053 1957 1075 1976 Χ
1095 1956 1133 1985 15
1150 1958 1156 1977 ε
1181 1947 1215 1977 οὐ
1234 1945 1257 1976 S
1272 1945 1307 1975 L¹
1441 1945 1480 1977 ἂν

157 1989 241 2020 ἄλλο
257 2001 305 2021 τις
323 1990 403 2020 εἴποι
418 1988 441 2019 S
455 1989 582 2021 LAY:
609 1991 693 2022 ἄλλο
710 2003 759 2022 τις
776 1992 813 2022 ἂν
832 1993 903 2033 εἴπῃ
921 1991 978 2021 al.:
1004 1991 1088 2023 ἄλλο
1106 2003 1154 2022 τις
1172 1991 1243 2031 εἴπῃ
1260 1989 1356 2019 Blass
1374 1987 1428 2018 hic
1445 1994 1478 2018 et

156 2041 178 2060 Χ
198 2041 235 2070 15
396 2042 414 2061 2
438 2034 489 2064 καὶ
508 2032 707 2074 Μάστειραν]
727 2043 790 2064 om.
813 2033 850 2064 S¹
863 2034 899 2064 L¹
1020 2035 1070 2065 καὶ
1089 2031 1377 2071 κατασκευάζεται]
1396 2031 1473 2063 secl.

156 2073 261 2113 Wess,
280 2074 322 2106 cs.
342 2078 416 2115 §43
592 2086 611 2115 5
636 2076 809 2115 Ἀθηναίων
835 2077 909 2108 SL¹
928 2077 1012 2108 soli:
1041 2077 1192 2115 Ἀθήνησι
1217 2075 1318 2114 vulg..
1338 2075 1375 2105 cs.
1398 2085 1418 2104 x
1440 2076 1478 2105 16

158 2127 175 2156 7
211 2120 289 2158 ὑμᾶς
317 2117 424 2151 ἐάσειν
450 2119 533 2157 AY,
562 2120 603 2150 cf.
631 2130 653 2149 Χ
684 2121 740 2151 16:
778 2121 885 2153 ἐάσειν
914 2123 993 2160 ὑμᾶς
1020 2121 1133 2159 vulg:
1170 2119 1278 2151 ἐάσειν
1306 2119 1386 2158 ἡμᾶς
1416 2118 1478 2148 SL

161 2170 197 2191 12
221 2162 400 2199 ἀνήκεστον
416 2163 525 2202 vulg.:
552 2163 743 2195 ἀνείκαστον
761 2164 784 2194 S
798 2164 834 2194 L¹
853 2175 859 2195 z
884 2165 1072 2196 ἆνεικεστον
1092 2165 1116 2193 L
1134 2173 1218 2194 corr.
1336 2172 1372 2200 14
1399 2175 1476 2201 συμ-

156 2207 246 2243 μενεῖ
257 2204 421 2236 Vrbinas:
447 2206 600 2246 συμμένοι
619 2207 642 2237 S
656 2207 681 2236 L
698 2206 796 2238 Vind.
816 2217 827 2238 1
848 2219 855 2238 τ
880 2208 1030 2248 συμμένει
1050 2207 1117 2245 (vel
1136 2207 1182 2249 -ῃ)
1201 2207 1240 2236 al.
1345 2206 1382 2235 18
1407 2206 1477 2237 ἔστι

159 2247 194 2277 S¹
218 2248 328 2288 vulg.:
362 2251 468 2281 ἔνεστι
495 2249 518 2280 S
544 2260 626 2280 corr.
657 2250 694 2282 L.
721 2250 760 2280 cf.
787 2261 809 2280 Χ
834 2261 875 2281 22
1023 2261 1064 2281 20
1095 2252 1145 2282 καὶ
1171 2254 1246 2289 post
1271 2250 1385 2289 ταμίας
1410 2259 1474 2279 om.

157 2291 267 2330 vulg.:
291 2293 365 2323 add.
385 2293 408 2323 S
423 2292 530 2322 LAY
544 2293 570 2322 B
695 2303 735 2332 24
759 2293 851 2326 ταῦτ’
870 2295 1047 2332 ἐθελήσητε
1065 2294 1152 2332 vulg.
1177 2293 1230 2323 scs.
1252 2293 1272 2322 ii
1296 2303 1344 2331 13,
1363 2303 1384 2322 Χ
1402 2293 1477 2333 23):

156 2334 232 2366 τότε
251 2336 428 2374 ἐθελήσητε
455 2336 478 2367 S
493 2336 527 2366 L¹
547 2336 610 2367 soli
626 2348 632 2368 :
665 2337 732 2368 τόθ’
751 2337 863 2375 &Ano-W
881 2337 990 2375 Blass,
1009 2337 1084 2368 coll.
1105 2348 1125 2366 Χ
1149 2347 1190 2375 23
1206 2348 1212 2367 ε
1243 2336 1359 2374 ἕλησθε
1377 2336 1407 2365 Y
1423 2349 1473 2377 γρ.

157 2387 196 2416 25
221 2380 271 2410 καὶ
288 2384 364 2409 ante
379 2379 487 2419 μένειν
503 2390 568 2410 om.
589 2380 612 2409 S
626 2381 660 2410 L¹
682 2380 801 2411 Blass:
825 2380 898 2411 add.
920 2381 1008 2419 vulg.
