1763 2828
119 141 231 194 [272]

169 407 234 452 136

166 1351 229 1386 137

117 1537 228 1592 [273]

693 137 1179 175 ΔΗΜΟΣΘΕΝΟΎΣ
1478 134 1599 186 ἶΧνιιῐ

265 234 477 285 ’Υπερείδην
497 236 599 280 ἄξιον
620 234 705 273 εἶναι
736 236 886 284 μᾶλλον
905 235 995 283 ὑπὲρ
1022 235 1086 283 τῆς
1110 234 1254 274 πόλεως
1278 235 1412 286 λέγειν,
1434 234 1492 272 καὶ
1517 237 1598 273 ἀπε-

267 291 391 339 στάλη
411 289 646 341 εΥπερείδηςχ1

332 403 485 442 Οὐκοῦν
522 404 588 443 ὅτε
625 404 763 442 τοῦτον
801 404 867 441 τοῦ
902 401 1038 453 λέγειν
1071 400 1281 451 ἀπήλασεν
1313 400 1336 451 ἡ
1368 401 1498 452 βουλὴ
1537 403 1598 443 καὶ

263 468 482 522 προσέταξ’
509 468 641 524 ἑτέρῳ,
669 469 757 509 τότε
786 468 847 509 καὶ
877 468 1072 520 προδότην
1092 468 1191 509 εἶναι
1217 467 1278 508 καὶ
1303 468 1492 509 κακόνουν
1510 469 1599 520 ὑμῖν

262 535 479 589 ἀπέφηνεν.

324 602 401 643 (Ὲν
424 605 496 654 μὲν
521 605 654 644 τοίνυν
679 606 792 642 τοῦτο
818 606 972 643 τοιοῦτο
998 602 1213 653 πολίτευμα
1237 605 1306 642 τοῦ
1331 603 1487 643 νεανίου
1511 602 1598 642 τού-

262 687 341 715 του,
381 670 519 721 ὅμοιόν
561 687 619 722 γε,
662 670 705 709 οὐ
744 669 839 722 γάρ,·
894 670 952 711 οἷς
988 671 1082 720 ε’μοῦ
1126 672 1345 721 κατηγορεῖ·
1398 669 1532 722 ἕτερον
1568 669 1601 709 δ’

262 737 626 792 ἀναμιμνῄσκεσθε.
699 737 764 776 ὅτε
793 738 871 789 γὰρ
902 737 1075 776 Πύθωνα
1108 737 1308 777 Φίλιππος
1343 736 1499 789 ἔπεμψε
1532 736 1601 777 τὸν

265 803 477 854 Βυζάντιον
497 803 558 844 καὶ
584 803 688 855 παρὰ
713 806 789 843 τῶν
810 804 929 843 αὑτοῦ
949 801 1170 856 συμμάχων
1189 802 1347 843 πάντων
1366 803 1602 856 συνέπεμψε

262 870 469 923 πρέσβεις,
510 870 560 912 ὡς
597 871 639 910 ἐν
676 869 849 926 αἰσχύνῃ
886 868 1066 920 ποιήσων
1102 869 1174 919 τὴν
1209 871 1328 910 πόλιν
1363 870 1424 910 καὶ
1461 870 1600 921 δείξων

262 938 490 984 ἀδικοῦσαν,
511 937 591 977 τότ’
613 938 690 989 ἐγὼ
715 939 788 988 μὲν
812 940 864 992 τῷ
887 937 1049 977 Πύθωνι
1075 936 1352 992 θρασυνομένῳ
1379 937 1441 978 καὶ
1461 941 1599 992 πολλῷ

261 1003 390 1056 ῥέοντι
410 1004 495 1044 καθ’
512 1006 620 1055 ὑμῶν
638 1004 713 1059 οὐχ
738 1004 993 1057 ὑπεχώρησα,
1014 1002 1105 1044 ἀλλ’
1126 1003 1300 1045 ἀναστὰς
1325 1003 1511 1044 ἀντεῖπον
1539 1006 1600 1045 καὶ

262 1073 310 1111 τὰ
327 1073 396 1122 τῆς
412 1072 567 1113 πόλεως
584 1071 701 1112 δίκαι’
715 1071 804 1124 οὐχὶ
825 1071 1043 1124 προῦδωκα,
1066 1069 1157 1111 ἀλλ’
1175 1071 1384 1111 ἀδικοῦντα
1396 1071 1601 1112 Φίλιππον

262 1137 458 1191 ἐξήλεγξα
488 1142 668 1191 φανερῶς
698 1138 819 1180 οὕτως
851 1138 956 1179 ὥστε
982 1138 1071 1179 τοὺς
1100 1138 1249 1178 ἐκείνου
1275 1137 1507 1192 συμμάχους
1532 1138 1598 1178 αὐ-

261 1206 352 1248 τοὺς
385 1205 670 1256 ἀνισταμένους
705 1206 931 1258 ὁμολογεῖν·
982 1205 1096 1247 οὗτος
1131 1207 1172 1246 δὲ
1211 1205 1500 1258 συνηγωνίζετο
1538 1206 1600 1246 καὶ

262 1272 440 1314 τάναντί’
467 1273 672 1325 ἐμαρτύρει
696 1279 744 1330 τῇ
770 1274 940 1324 πατρίδι,
972 1273 1034 1313 καὶ
1059 1276 1180 1313 ταῦτα
1205 1275 1348 1325 ψευδῆ.

331 1340 408 1380 Καὶ
438 1339 505 1380 οὐκ
535 1339 688 1393 ἀπέχρη
719 1344 850 1386 ταῦτα,
887 1340 993 1380 ἀλλὰ
1025 1340 1146 1381 πάλιν
1175 1341 1272 1391 μετὰ
1302 1339 1409 1380 ταῦθ’
1433 1340 1600 1392 ὕστερον

262 1406 456 1462 Ἀναξίνῳ
490 1411 543 1462 τῷ
577 1408 814 1462 κατασκόπῳ
852 1409 998 1448 συνιὼν
1031 1410 1084 1449 εἰς
1117 1407 1188 1457 τὴν
1219 1406 1440 1460 Θράσωνος
1473 1408 1600 1447 οἰκίαν

262 1472 433 1526 ἐλήφθη.
506 1475 631 1514 καίτοι
668 1476 780 1516 ὅστις
818 1479 870 1529 τῷ
907 1475 982 1515 ὑπὸ
1019 1479 1098 1515 τῶν
1133 1476 1334 1525 πολεμίων
1377 1473 1601 1527 πεμφθέντι

261 1541 381 1591 μόνος
413 1541 520 1595 μόνῳ
551 1540 687 1597 συνῄει
716 1542 778 1582 καὶ
816 1543 1118 1594 ἐκοινολογεῖτο,
1153 1541 1266 1584 οὗτος
1299 1541 1415 1583 αὐτὸς
1448 1542 1600 1594 ὑπῆρχε

262 1612 310 1663 τῇ
344 1608 466 1659 φύσει
501 1607 750 1650 κατάσκοπος
787 1609 848 1649 καὶ
883 1609 1071 1660 πολέμιος
1107 1615 1154 1666 τῇ
1187 1610 1355 1661 πατρίδι.
1430 1609 1505 1648 Καὶ
1540 1610 1601 1649 ὅτι

316 1676 333 1686 Α
359 1673 368 1687 5
403 1674 412 1688 7

263 1690 356 1713 ταυτ
395 1676 522 1724 αληθῆ
548 1674 667 1727 λέγω,
697 1674 807 1716 κάλει
835 1693 900 1727 μοι
927 1676 1074 1717 τούτων
1100 1675 1190 1718 τοὺς
1215 1675 1423 1728 μάρτυρας.

824 1820 1041 1848 ΜΑΡΤΎῬΕΣ.

318 1887 539 1941 *[Τελέδημος
581 1892 765 1937 Κλέωνος,
807 1891 1017 1942 Ὑπερείδης
1057 1894 1343 1944 Καλλαίσχρου,
1385 1893 1602 1944 Νικόμαχος

263 1945 478 1993 Διοφάντου
510 1948 741 1996 μαρτυροῦσι
777 1947 1013 1996 Δημοσθένει
1053 1947 1112 1985 καὶ
1151 1948 1393 1996 ἐπωμόσαντο
1433 1947 1492 1985 ἐπὶ
1530 1949 1602 1985 τῶν

263 2002 482 2051 στρατηγῶν
495 1999 625 2038 εἰδέναι
640 2001 825 2052 Αἰσχίνην
845 2000 1076 2051 Ἀτρομήτου
1098 2001 1316 2051 Κοθωκίδην
1331 2001 1602 2052 συνερχόμενον

263 2054 391 2094 νυκτὸς
420 2056 469 2095 εἷς
496 2055 564 2104 τὴν
595 2056 794 2104 Θράσωνος
824 2056 940 2094 οἰκίαν
967 2056 1026 2093 καὶ
1056 2057 1385 2108 κοινολογούμενον
1410 2054 1599 2106 Ἀναξίνῳ,

262 2107 301 2148 ὃς
326 2108 450 2158 ἐκρίθη
476 2108 566 2147 εἶναι
596 2110 831 2150 κατάσκοπος
855 2112 955 2159 παρὰ
978 2112 1179 2149 Φιλίππου.
1239 2110 1344 2148 αὗται
1365 2109 1601 2159 ἀπεδόθησαν

262 2163 299 2199 αἶ
319 2165 514 2213 μαρτυρίαι
537 2164 595 2201 ἐπὶ
618 2165 762 2207 Νικίου,
785 2166 1083 2214 ἑκατομβαιῶνος
1102 2166 1206 2215 τρίτῃ
1229 2162 1450 2214 ἱσταμένου.Ἰ

308 2277 328 2305 3
353 2271 468 2300 τοῦτον
485 2271 543 2300 τοῦ
560 2267 672 2310 λέγειν
696 2267 823 2307 Pauly:
856 2269 974 2301 τούτου
995 2268 1151 2310 λέγοντος
1175 2268 1210 2299 S¹
1245 2274 1281 2299 ut
1298 2268 1446 2309 videtur)
1466 2267 1490 2298 F
1505 2267 1531 2297 B
1544 2267 1576 2306 Q
1593 2280 1599 2299 t

265 2311 383 2342 τούτου
405 2311 588 2351 μέλλοντος
612 2310 725 2353 λέγειν
750 2311 774 2341 S
800 2321 885 2342 corr.
907 2312 973 2342 LA
993 2313 1080 2351 vulg.
1208 2313 1305 2344 αὐτὸν
1330 2316 1405 2350 post
1431 2312 1599 2349 ἀπήλασεν

265 2353 341 2384 add.
361 2355 447 2394 vulg.
465 2369 471 2386 ι
499 2365 561 2386 om.
585 2355 608 2385 S
624 2355 649 2385 L
762 2364 801 2384 12
826 2357 886 2395 οὐχ
908 2356 978 2395 (οὐκ
997 2355 1035 2395 S)
1057 2356 1250 2399 ὑπεχώρησα
1268 2355 1291 2385 S
1306 2354 1330 2384 L
1343 2353 1433 2392 BQ:
1460 2357 1515 2386 οὐκ
1534 2354 1598 2395 εῑξα

266 2398 330 2429 οὐδ’
351 2399 544 2438 ὑπεχώρησα
562 2398 651 2437 vulg,

1621 551 1638 583 5

1623 885 1662 907 10

1624 1219 1661 1252 15

1622 1553 1661 1577 20

1623 1964 1660 1996 25
