1747 2844
237 133 323 187 mx]
449 137 590 173 ΠΕΡΙ
639 135 759 173 ΤΗΣ
808 132 1324 172 ΠΑΡΑΠΡΕΣΒΕΙΑΣ

234 243 311 280 τῶν
347 242 393 280 τὰ
428 240 593 292 τρόπαια
631 240 691 279 καὶ
727 240 796 280 τὰς
834 236 1054 289 ναυμαχίας
1087 234 1289 287 λεγόντων
1324 233 1552 287 ἀνέχεσθαι,

235 307 355 357 νόμον
390 323 431 347 τε
468 305 605 356 θήσειν
642 305 702 345 καὶ
736 303 908 357 γράψειν
939 301 1075 354 μηδενὶ
1108 304 1186 341 τῶν
1216 299 1426 350 Ἑλλήνων
1459 302 1555 350 ὑμᾶς

1585 130 1697 183 [345]

233 376 410 424 βοηθεῖν,
439 372 480 414 ὃς
505 372 552 412 ἂν
576 371 627 423 μὴ
653 371 841 423 πρότερος
864 367 1125 420 βεβοηθηκὼς
1147 367 1238 418 ὑμῖν
1262 365 1294 423 ᾖ.
1362 367 1424 406 καὶ
1448 366 1555 406 ταῦθ’
1587 366 1702 420 [346]

235 441 255 479 ὁ
289 439 477 493 σχέτλιος
510 439 571 478 καὶ
604 436 765 487 ἀναιδὴς
794 435 906 477 οὗτος
935 435 1085 485 ἐτόλμα
1112 433 1246 486 λέγειν
1277 433 1556 485 ἐφεστηκότων

196 510 312 556 5τῶν
352 505 565 557 πρέσβεων
606 503 668 543 καὶ
714 502 947 548 ἀκουόντων,
992 500 1057 543 οὓς
1105 499 1183 540 ἀπὸ
1228 503 1306 540 τῶν
1346 497 1557 549 Ἑλλήνων

233 571 546 624 μετεπέμψασθε
573 569 650 611 ὑπὸ
683 569 822 611 τούτου
850 568 1094 613 πεισθέντες,
1125 565 1182 607 ὅτ’
1213 566 1319 607 οὔπω
1350 566 1557 619 πεπρακὼς

235 637 352 678 αὑτὸν
380 636 437 687 ἧν.

296 702 374 744 ““Ον
405 706 475 754 μὲν
500 703 568 743 οὖν
601 702 760 754 τρόπον,
787 699 816 741 ὦ
841 700 979 753 ἄνδρες
1003 699 1222 749 Ἀθηναῖοι,
1249 697 1555 752 χειροτονησάν-

233 786 312 811 των
343 771 450 820 ὑμῶν
484 769 548 809 ἐπὶ
580 769 670 809 τοὺς
706 768 842 820 ὅρκους
878 766 996 807 αὐτὸν
1032 765 1152 807 πάλιν
1189 766 1278 807 τούς
1314 782 1357 806 τε
1394 764 1559 817 χρόνους

177 854 214 874 10
236 835 449 888 κατέτριψε
469 835 530 875 καὶ
555 837 603 875 τὰ
628 834 839 887 πράγματα
859 833 972 874 πάντ’
993 831 1214 883 ἐλυμήνατο
1234 834 1282 872 τὰ
1302 834 1370 881 τῆς
1391 831 1557 876 πόλεως,

237 903 298 943 καὶ
332 904 423 942 ὅσαι
460 902 547 954 περὶ
582 901 731 941 τούτων
768 900 853 951 ἐμοὶ
889 899 986 951 πρὸς
1021 902 1160 939 τοῦτον
1197 897 1407 951 ἀπέχθειαι
1444 896 1557 938 συνέ-

235 973 371 1019 βησαν
395 967 630 1022 βουλομένῳ
658 967 837 1013 κωλύειν,
861 965 982 1006 αὐτίκ’
1009 965 1246 1006 ἀκούσεσθε.
1308 964 1400 1004 ἀλλ’
1426 963 1558 1013 ἐπειδὴ

236 1035 357 1075 πάλιν
377 1035 521 1086 ἥκομεν
546 1036 589 1075 ἐκ
614 1036 682 1084 τῆς
702 1034 921 1085 πρεσβείας
947 1032 1090 1082 ταύτης
1114 1033 1184 1082 τῆς
1210 1031 1274 1072 ἐπὶ
1297 1031 1385 1072 τοὺς
1409 1031 1558 1082 ὅρκους,

235 1101 365 1154 ἧσπερ
404 1102 507 1142 εἰσὶν
543 1103 582 1141 αἱ
618 1104 686 1141 νῦν
725 1100 892 1146 εὔθυναι,
933 1099 1021 1139 οὔτε
1056 1098 1195 1151 μικρὸν
1232 1098 1321 1139 οὔτε
1355 1096 1442 1150 μέγ’
1480 1096 1560 1136 οὐδ’

178 1183 214 1215 15
236 1169 365 1209 ὁτιοῦν
392 1167 595 1221 εὑρημένοι
620 1171 698 1208 τῶν
723 1167 788 1207 ὅτε
814 1166 885 1216 τὴν
916 1164 1072 1218 εἰρήνην
1104 1167 1306 1206 ἐποιεῖσθε
1335 1163 1561 1217 λεχθέντων

237 1235 297 1275 καὶ
324 1234 686 1286 προσδοκηθέντων,
714 1234 820 1273 ἀλλὰ
851 1232 964 1273 πάντ’
991 1230 1294 1282 ἐξηπατημένοι,
1323 1231 1384 1271 καὶ
1414 1230 1561 1270 τούτων

236 1301 334 1352 ἕτερ’
361 1301 469 1343 αὖθις
495 1301 541 1341 αὖ
567 1300 830 1353 πεπραχότων
862 1299 924 1339 καὶ
954 1298 1044 1350 παρ’
1071 1297 1165 1338 αὐτὸ
1195 1297 1239 1338 τὸ
1264 1297 1462 1350 ψήφισμα
1493 1314 1560 1337 πε-

236 1368 553 1419 πρεσβευκότων,
595 1372 801 1423 προσῇμεν
850 1371 897 1423 τῇ
944 1370 1088 1422 βουλῇ.
1162 1365 1224 1404 καὶ
1266 1365 1376 1404 ταυτὶ
1417 1362 1562 1403 πολλοὶ

236 1436 451 1475 συνίσασιν
483 1434 508 1473 δι
539 1433 676 1484 μέλλω
709 1432 857 1485 λέγειν·
902 1431 947 1471 τὸ
980 1433 1055 1484 γὰρ
1091 1430 1378 1482 βουλευτήριον
1414 1429 1562 1481 μεστὸν

176 1517 215 1539 20
234 1499 281 1550 ἦν
321 1502 497 1541 ἰδιωτῶν.
567 1499 776 1552 παρελθὼν
813 1498 845 1538 δ’
883 1499 961 1550 ἐγὼ
1000 1497 1130 1539 πάντα
1167 1498 1319 1547 τάληθῆ
1359 1495 1455 1549 πρὸς
1493 1495 1564 1546 τὴν

234 1567 390 1618 βουλὴν
418 1566 658 1619 ἀπήγγειλα,
688 1566 750 1606 καὶ
783 1565 1036 1617 κατηγόρησα
1065 1564 1228 1611 τούτων,
1258 1563 1319 1604 καὶ
1351 1564 1560 1614 ἀνηριθμη-

235 1633 366 1685 σάμην
400 1634 478 1674 ἀπὸ
507 1636 585 1674 τῶν
615 1633 780 1685 πρώτων
814 1632 987 1672 ἐλπίδων
1021 1632 1182 1672 ἐκείνων
1215 1631 1269 1671 ὧν
1296 1631 1316 1670 ὁ
1344 1632 1563 1681 Κτησιφῶν

235 1701 298 1740 καὶ
322 1701 343 1740 ὁ
367 1700 652 1752 Ἀριστόδημος
678 1698 926 1752 ἀπήγγειλαν
952 1697 1048 1750 πρὸς
1075 1698 1186 1749 ὑμᾶς,
1216 1697 1278 1738 καὶ
1307 1698 1406 1748 μετὰ
1431 1699 1561 1741 ταῦτα,

234 1767 300 1808 ὅτε
328 1767 399 1817 τὴν
430 1765 586 1818 εἰρήνην
615 1767 829 1811 ἐποιεῖσθε,
861 1765 885 1805 ἃ
917 1765 1030 1806 οὗτος
1063 1764 1338 1816 ἐδημηγόρησε
1371 1764 1432 1803 καὶ
1462 1763 1516 1804 εἷς
1541 1762 1564 1803 ἃ

177 1846 214 1878 ²5
236 1832 438 1887 προήχασι
462 1833 532 1883 τὴν
563 1833 695 1879 πόλιν,
725 1833 785 1873 καὶ
815 1832 903 1884 περὶ
932 1835 1010 1872 τῶν
1041 1831 1274 1872 ὑπολοίπων
1298 1829 1435 1882 (ταῦτα
1459 1828 1492 1868 δ’
1518 1828 1565 1879 ἧν

235 1903 388 1941 Φωκεῖς
414 1901 475 1940 καὶ
502 1897 649 1949 Πύλαι)
672 1899 724 1951 μὴ
752 1898 944 1951 προέσθαι
978 1898 1289 1949 συνεβούλευον,
1317 1897 1415 1948 μηδὲ
1444 1894 1565 1935 ταύτὰ

235 1969 387 2013 παθεῖν,
425 1965 514 2017 μηδ’
548 1965 843 2018 ἀναρτωμένους
880 1965 1044 2006 ἐλπίσιν
1084 1963 1130 2015 ἐξ
1165 1965 1338 2004 ἐλπίδων
1374 1962 1435 2002 καὶ
1468 1962 1562 2001 ὑπο-

235 2032 433 2086 σχέσεσιν
466 2034 521 2075 εἰς
554 2033 778 2086 τοῦσχατον
811 2034 944 2073 ἐλθεῖν
977 2034 1026 2072 τὰ
1064 2030 1262 2084 πράγματ’
1299 2032 1430 2070 ἐᾶσαι.
1504 2027 1564 2067 καὶ

234 2100 377 2140 ἔπεισα
401 2102 520 2140 ταῦτα
544 2099 615 2149 τὴν
644 2098 811 2150 βουλήν.
883 2098 1018 2149 ἐπειδὴ
1050 2098 1082 2138 δ’
1109 2097 1201 2148 ἧκεν
1226 2097 1249 2147 ἡ
1279 2096 1473 2146 ἐκκλησία
1503 2095 1564 2134 καὶ

282 2219 294 2239 1
321 2210 488 2251 λεγόντων
498 2210 549 2241 καὶ
563 2209 620 2242 τὰς
633 2209 809 2250 ναυμαχίας
821 2208 852 2239 Α
865 2208 895 2239 O
987 2218 1006 2247 5
1030 2207 1077 2240 ἔτι
1090 2212 1168 2238 ante
1182 2210 1247 2239 τῶν
1260 2206 1430 2248 πρέσβεων
1441 2206 1516 2237 add.
1531 2207 1561 2236 A

232 2254 254 2283 6
277 2258 355 2293 post
368 2253 484 2285 τούτου
497 2253 572 2284 add.
588 2252 663 2284 τότε
679 2252 705 2282 L
717 2251 804 2291 vulg.
822 2263 828 2283 :
854 2262 917 2284 om.
941 2251 975 2281 S¹
988 2251 1019 2281 A
1032 2251 1062 2281 Y
1080 2251 1132 2282 Fr.
1152 2250 1245 2281 Gras.
1356 2260 1394 2280 10
1418 2248 1559 2280 alterum

232 2298 274 2329 τὰ
289 2307 354 2327 orn.
377 2296 400 2327 S
412 2296 442 2326 Y
553 2297 595 2327 τὰ
611 2297 669 2333 τῆς
686 2294 809 2328 πόλεως
825 2295 903 2326 secl.
925 2295 1015 2325 Weil
1158 2294 1196 2324 16
1221 2291 1471 2333 ἐξηπατημένοι]
1493 2295 1559 2332 ἐξα-

232 2339 441 2378 πατηθέντων
459 2339 482 2369 S
497 2339 533 2369 L¹
642 2348 678 2377 1-7
703 2338 918 2379 πεπραχότων
935 2338 959 2368 S
972 2338 998 2368 L
1015 2337 1103 2376 vulg.
1120 2348 1125 2369 :
1152 2336 1362 2378 πεπρακότων
1380 2336 1412 2366 Α
1483 2337 1560 2368 αὐτὸ

232 2390 308 2421 post
325 2384 408 2425 παρὰ
427 2384 526 2423 (παρ’)
544 2392 607 2412 om.
630 2381 656 2411 F
673 2381 761 2420 vulg.
781 2393 787 2412 :
810 2382 885 2412 add.
907 2382 930 2411 S
944 2381 1011 2411 LA
1024 2380 1054 2412 Ο
1167 2390 1207 2418 24
1232 2381 1282 2411 καὶ
1301 2384 1379 2410 ante
1398 2380 1441 2411 εἷς
1459 2380 1477 2411 ἃ
1493 2389 1557 2410 om.

233 2426 257 2455 S
270 2426 308 2456 L¹
441 2436 479 2464 27
507 2427 555 2457 καὶ
574 2427 796 2466 ὑποσχέσεσιν
812 2425 889 2456 secl.
911 2424 1007 2455 Blass

1373 2462 1433 2493 22*

1593 713 1632 746 17

1598 1501 1638 1535 18

1600 2064 1712 2119 [347]

1599 2130 1640 2163 19
