1731 2844
198 116 254 170 lv]
554 121 715 158 ΚΑΤΑ
762 121 1079 159 ΦΙΛΙΠΠΟΤ
1128 123 1162 160 Α

195 225 298 265 εἰσὶν
340 227 376 266 οἱ
419 224 532 266 πάντ’
576 223 888 278 ἐξαγγέλλοντες
931 225 1065 280 ἐκείνῳ
1108 224 1199 277 παρ’
1241 226 1352 277 ἡμῶν
1393 227 1521 268 αὐτῶν

194 292 355 333 πλείους
386 295 454 331 τοῦ
488 289 661 342 δέοντος)
692 292 864 344 ἡσυχίαν
888 292 983 348 ἔχῃ,
1014 289 1039 342 ἢ
1072 293 1245 344 παριδὼν
1278 292 1385 333 ταῦτ’
1416 294 1517 345 ἀφύ-

193 364 337 399 λακτος
363 361 511 415 ληφθῇ,
533 358 698 409 μηδενὸς
723 360 834 400 ὄντος
859 359 1041 409 ἐμποδὼν
1060 361 1177 399 πλεῖν
1197 359 1259 400 ἐπὶ
1279 359 1350 409 τὴν
1370 361 1520 400 ἐκείνου

193 425 327 479 χώραν
364 427 467 476 ὑμῖν,
506 425 555 465 ἂν
590 426 686 479 ἐνδῷ
729 425 873 476 καιρόν.
918 417 1067 465 νταῦτα
1103 424 1175 476 μέν
1212 427 1323 466 ἐστιν
1359 426 1383 466 ἃ
1420 429 1519 466 πᾶσι

154 509 171 539 5
193 492 378 552 δεδόχθαι
413 492 514 544 φημὶ
551 494 631 532 δεῖν
668 491 729 531 καὶ
769 480 1086 542 παρεσκευάσθαι
1122 491 1339 544 προσήκειν
1376 494 1517 543 οἴομαι·

192 558 266 610 πρὸ
309 560 351 599 δὲ
392 559 539 598 τούτων
581 558 742 609 δύναμίν
784 558 870 604 τιν’,
914 556 943 598 ὦ
985 558 1122 610 ἄνδρες
1161 558 1376 608 Ἀθηναῖοι,
1417 561 1518 611 φημὶ

191 625 524 677 προχειρίσασθαι
553 628 633 665 δεῖν
658 625 768 675 ὑμᾶς,
794 623 818 675 ἢ
845 628 1021 678 συνεχῶς
1048 624 1271 676 πολεμήσει
1301 626 1363 666 καὶ
1394 629 1518 668 κακῶς

191 693 340 732 ἐκεῖνον
370 689 540 741 ποιήσει.
610 690 664 742 μή
692 708 759 742 μοι
790 692 948 743 μυρίους
979 694 1078 742 μηδὲ
1111 693 1336 744 δισμυρίους
1370 692 1515 745 ξένους,

189 759 287 809 μηδὲ
306 759 375 800 τὰς
394 759 717 809 ἐπιστολιμαίους
735 757 877 800 ταύτας
903 757 1096 809 δυνάμεις,
1119 758 1210 799 ἀλλ’
1229 757 1251 809 ἢ
1277 761 1346 809 τῆς
1365 759 1518 801 πόλεως

133 845 172 868 10
190 825 316 871 ἔσται,
339 824 410 865 κᾶν
429 825 536 875 ὑμεῖς
562 825 632 865 ἕνα
657 824 729 865 κᾶν
746 825 907 867 πλείους
934 824 1004 865 κᾶν
1024 825 1092 865 τὸν
1112 828 1219 866 δεῖνα
1246 824 1314 865 κᾶν
1340 827 1517 866 ὁντινοῦν

190 891 497 945 χειροτονήσητε
526 892 760 943 στρατηγόν,
785 891 909 946 τούτῳ
940 893 1121 932 πείσεται
1151 892 1213 932 καὶ
1242 892 1515 943 ἀκολουθήσει.

192 958 253 998 καὶ
289 957 442 1009 τροφὴν
470 959 591 1014 ταύτῃ
625 959 787 1010 πορίσαι
824 958 982 998 κελεύω.
1054 958 1168 998 ἔσται
1205 958 1237 998 δ’
1270 960 1364 1008 αὕτη
1402 961 1461 1000 τίς
1492 959 1515 1009 ἡ

191 1024 351 1075 δύναμις
390 1025 451 1064 καὶ
489 1025 607 1074 πόση,
647 1025 709 1064 καὶ
745 1025 866 1065 πόθεν
904 1024 977 1075 τὴν
1015 1024 1169 1077 τροφὴν
1204 1024 1295 1075 ἕξει,
1336 1025 1396 1065 καὶ
1435 1029 1516 1067 πῶς

189 1090 295 1130 ταῦτ’
331 1090 516 1141 ἐθελήσει
552 1094 696 1137 ποιεῖν;
735 1092 813 1143 ἐγὼ
849 1090 1006 1144 φράσω,
1046 1090 1130 1131 καθ’
1167 1091 1333 1132 ἕκαστον
1368 1092 1516 1132 τούτων

133 1175 168 1207 ι5
189 1156 344 1207 διεξιὼν
368 1159 501 1211 χωρίς.
571 1156 706 1207 ξένους
730 1160 802 1209 μὲν
826 1157 1059 1210 λέγω-καὶ
1083 1158 1188 1200 ὅπως
1212 1158 1264 1209 μὴ
1289 1156 1470 1215 ποιήσεθ’
1495 1157 1515 1198 ὃ

190 1223 382 1266 πολλάκις
406 1225 505 1275 ὑμᾶς
529 1224 728 1284 ἔβλαψεν·
766 1223 879 1265 πάντ’
899 1224 1051 1265 ἐλάττω
1076 1225 1300 1275 νομίζοντες
1326 1224 1426 1265 εἶναι
1449 1229 1516 1265 τοῦ

189 1290 356 1350 δέοντος,
386 1291 448 1331 καὶ
471 1292 519 1330 τὰ
545 1290 703 1343 μέγιστ’
728 1292 770 1331 ἐν
793 1295 875 1332 τοῖς
899 1291 1166 1343 ψηφίσμασιν
1191 1291 1423 1343 αἱρούμενοι,
1452 1292 1515 1332 ἐπὶ

188 1361 240 1412 τῷ
261 1356 445 1410 πράττειν
464 1357 553 1399 οὐδὲ
578 1359 626 1398 τὰ
649 1359 766 1409 μικρὰ
785 1361 946 1399 ποιεῖτε·
985 1359 1091 1398 ἀλλὰ
1115 1360 1163 1398 τὰ
1188 1359 1305 1410 μικρὰ
1323 1357 1514 1408 ποιήσαν-

189 1441 251 1466 τες
277 1424 339 1464 καὶ
363 1425 599 1477 πορίσαντες
624 1425 773 1466 τούτοις
798 1426 1046 1474 προστίθετε,
1069 1425 1117 1465 ἂν
1138 1424 1290 1466 ἐλάττω
1311 1426 1512 1477 φαίνηται.

129 1508 169 1531 20
187 1490 293 1544 λέγω
313 1491 359 1542 δὴ
379 1491 468 1533 τοὺς
486 1490 637 1534 πάντας
657 1492 900 1544 στρατιώτας
920 1492 1154 1546 δισχιλίους,
1175 1491 1323 1532 τούτων
1343 1491 1375 1531 δ’
1394 1491 1511 1542 Ἀθη-

187 1559 318 1600 ναίους
350 1559 450 1610 φημὶ
483 1561 564 1599 δεῖν
598 1558 697 1599 εἶναι
730 1559 1025 1605 πεντακοσίους,
1057 1557 1103 1609 ἐξ
1131 1558 1176 1609 ἧς
1208 1558 1255 1599 ἄν
1287 1575 1392 1601 τινος
1425 1560 1514 1609 ὑμῖν

186 1625 341 1675 ἡλικίας
373 1629 502 1667 καλῶς
537 1625 644 1678 ἔχειν
676 1626 781 1681 δοκῇ,
814 1626 960 1678 χρόνον
991 1624 1133 1666 τακτὸν
1166 1625 1510 1678 στρατευομένους,

186 1691 238 1743 μὴ
276 1691 423 1744 μακρὸν
460 1695 610 1739 τοῦτον,
651 1692 742 1733 ἀλλ’
780 1693 878 1733 ὅσον
915 1691 963 1733 ἂν
1004 1693 1097 1748 δοκῇ
1140 1695 1269 1734 καλῶς
1310 1693 1430 1745 ἔχειν,
1471 1694 1512 1732 ἐκ

188 1760 372 1812 διαδοχῆς
408 1759 613 1810 ἀλλήλοις·
664 1758 753 1801 τοὺς
795 1759 826 1798 δ’
861 1759 1009 1801 ἄλλους
1044 1757 1179 1809 ξένους
1217 1759 1315 1799 εῖναι
1351 1759 1510 1799 κελεύω.

130 1841 167 1873 ²5
189 1826 250 1865 καὶ
275 1827 373 1876 μετὰ
401 1826 548 1866 τούτων
576 1825 718 1867 ἱππέας
747 1827 980 1872 διακοσίους,
1014 1827 1075 1866 καὶ
1107 1826 1254 1866 τούτων
1284 1824 1511 1875 πεντήκοντ’

188 1891 420 1942 Ἀθηναίους
461 1891 739 1945 τούλάχιστον,
784 1893 919 1945 ὥσπερ
960 1892 1050 1934 τοὺς
1091 1892 1242 1943 πεζούς,
1285 1891 1354 1933 τὸν
1395 1891 1512 1932 αὐτὸν

187 1959 333 2010 τρόπον
358 1958 702 2011 στρατευομένους·
742 1960 804 2000 καὶ
830 1959 1087 2012 ἱππαγωγοὺς
1111 1960 1275 2001 τούτοις.
1348 1959 1438 1999 εἶεν·
1476 1975 1513 1999 τι

187 2025 284 2078 πρὸς
310 2025 462 2067 τούτοις
494 2026 570 2073 ἕτι;
610 2027 771 2079 ταχείας
802 2024 971 2078 τριήρεις
1004 2025 1108 2066 δέκα·
1147 2028 1207 2066 δεῖ
1233 2025 1319 2078 γάρ,
1351 2025 1513 2078 ἔχοντος

189 2093 335 2132 ἐκείνου
361 2093 554 2139 ναυτικόν,
584 2092 645 2133 καὶ
670 2096 839 2146 ταχειῶν
863 2091 1031 2144 τριήρων
1055 2093 1159 2143 ἡμῖν,
1187 2093 1292 2133 ὅπως
1318 2093 1513 2144 ἀσφαλῶς

129 2174 169 2205 30
187 2158 210 2209 ἡ
235 2159 394 2210 δύναμις
413 2159 530 2215 πλέῃ.
589 2160 710 2199 πόθεν
730 2159 775 2209 δὴ
795 2159 947 2200 τούτοις
971 2159 994 2209 ἡ
1019 2159 1147 2212 τροφὴ
1167 2157 1397 2211 γενήσεται;
1437 2159 1513 2210 ἐγὼ

230 2279 248 2306 4
274 2267 382 2309 καιρόν
400 2268 445 2298 S:
472 2268 577 2310 καιρός
595 2272 670 2299 cett.
801 2278 820 2307 5
846 2267 1100 2310 παρεσκευάσθαι
1121 2267 1145 2297 F
1158 2267 1181 2297 S
1201 2278 1285 2299 corr.
1307 2279 1313 2298 :
1337 2280 1513 2309 παρασκευ-

188 2310 279 2342 άσθαι
299 2310 332 2341 5ι
349 2322 356 2341 1
380 2311 682 2353 παρασκευάσασθαι
696 2311 784 2350 vulg.
922 2313 943 2341 6
967 2313 1026 2353 πρὸ
1043 2311 1077 2342 δὲ
1095 2310 1220 2343 τούτων
1238 2310 1261 2339 S
1276 2311 1300 2340 F
1314 2310 1360 2342 B:
1388 2313 1462 2351 πρὸς
1480 2309 1513 2341 δὲ

188 2355 312 2386 τούτοις
329 2355 418 2393 vulg.
516 2366 551 2393 14
579 2356 725 2393 ἐθελήσει
745 2356 768 2386 S
782 2355 873 2385 solus
890 2366 896 2385 :
923 2356 1098 2393 ἐθελήσετε
1113 2354 1199 2392 vulg.
1299 2363 1335 2392 15
1361 2355 1512 2392 ποιήσετε

191 2396 346 2428 Bekker:
370 2398 526 2436 ποιήσητε
546 2399 645 2429 codd.

1551 122 1634 177 [45]

1552 442 1594 477 19

1547 974 1591 999 20

1507 1960 1517 1972 ι
1544 1934 1636 1988 [46]

1543 2000 1586 2024 22
