<?xml version="1.0" encoding="UTF-8"?>
<!DOCTYPE html PUBLIC "-//W3C//DTD XHTML 1.0 Transitional//EN"
    "http://www.w3.org/TR/xhtml1/DTD/xhtml1-transitional.dtd">
<html xmlns="http://www.w3.org/1999/xhtml" xml:lang="en" lang="en">
 <head>
  <title>
</title>
<meta http-equiv="Content-Type" content="text/html;charset=utf-8" />
  <meta name='ocr-system' content='tesseract 3.04.00' />
  <meta name='ocr-capabilities' content='ocr_page ocr_carea ocr_par ocr_line ocrx_word'/>
</head>
<body>
  <div class='ocr_page' id='page_1' title='image "./orationesrecogno01demouoft_0032.png"; bbox 0 0 1763 2828; ppageno 0'>
   <div class='ocr_carea' id='block_1_1' title="bbox 220 614 241 647">
    <p class='ocr_par' dir='ltr' id='par_1_1' title="bbox 220 614 241 647">
     <span class='ocr_line' id='line_1_1' title="bbox 220 614 241 647; baseline 0 -8"><span class='ocrx_word' id='word_1_1' title='bbox 220 614 241 647; x_wconf 86' lang='lat'>4</span> 
     </span>
    </p>
   </div>
   <div class='ocr_carea' id='block_1_2' title="bbox 183 703 240 759">
    <p class='ocr_par' dir='ltr' id='par_1_2' title="bbox 183 703 240 759">
     <span class='ocr_line' id='line_1_2' title="bbox 183 703 240 759; baseline 0.088 -6"><span class='ocrx_word' id='word_1_2' title='bbox 183 703 240 759; x_wconf 89' lang='lat'>[3]</span> 
     </span>
    </p>
   </div>
   <div class='ocr_carea' id='block_1_3' title="bbox 787 119 1095 158">
    <p class='ocr_par' dir='ltr' id='par_1_3' title="bbox 787 119 1095 158">
     <span class='ocr_line' id='line_1_3' title="bbox 787 119 1095 158; baseline -0.003 0"><span class='ocrx_word' id='word_1_3' title='bbox 787 119 1095 158; x_wconf 72' lang='grc' dir='ltr'>ΛΙΒΑΝῘΟὙ</span> 
     </span>
    </p>
   </div>
   <div class='ocr_carea' id='block_1_4' title="bbox 269 217 1668 2445">
    <p class='ocr_par' dir='ltr' id='par_1_4' title="bbox 269 217 1641 595">
     <span class='ocr_line' id='line_1_4' title="bbox 272 217 1604 269; baseline 0.001 -13"><span class='ocrx_word' id='word_1_4' title='bbox 272 218 331 256; x_wconf 84' lang='grc' dir='ltr'>καὶ</span> <span class='ocrx_word' id='word_1_5' title='bbox 351 217 525 268; x_wconf 82' lang='grc' dir='ltr'>νοσώδης,</span> <span class='ocrx_word' id='word_1_6' title='bbox 543 218 638 256; x_wconf 83' lang='grc' dir='ltr'>ὥστε</span> <span class='ocrx_word' id='word_1_7' title='bbox 657 218 742 268; x_wconf 85' lang='grc' dir='ltr'>μηδ’</span> <span class='ocrx_word' id='word_1_8' title='bbox 764 220 813 259; x_wconf 83' lang='grc' dir='ltr'>εἷς</span> <span class='ocrx_word' id='word_1_9' title='bbox 831 218 1068 268; x_wconf 82' lang='grc' dir='ltr'>παλαίστραν</span> <span class='ocrx_word' id='word_1_10' title='bbox 1083 220 1274 267; x_wconf 82' lang='grc' dir='ltr'>φοιτῆσαι,</span> <span class='ocrx_word' id='word_1_11' title='bbox 1295 218 1458 269; x_wconf 88' lang='grc' dir='ltr'>καθάπερ</span> <span class='ocrx_word' id='word_1_12' title='bbox 1472 220 1604 260; x_wconf 86' lang='grc' dir='ltr'>πάντες</span> 
     </span>
     <span class='ocr_line' id='line_1_5' title="bbox 271 271 1603 322; baseline 0.001 -11"><span class='ocrx_word' id='word_1_13' title='bbox 271 275 304 311; x_wconf 85' lang='grc' dir='ltr'>οἷ</span> <span class='ocrx_word' id='word_1_14' title='bbox 323 276 395 312; x_wconf 80' lang='grc' dir='ltr'>τῶν</span> <span class='ocrx_word' id='word_1_15' title='bbox 415 273 621 322; x_wconf 87' lang='grc' dir='ltr'>Ἀθηναίων</span> <span class='ocrx_word' id='word_1_16' title='bbox 640 272 766 313; x_wconf 80' lang='grc' dir='ltr'>παῖδες</span> <span class='ocrx_word' id='word_1_17' title='bbox 789 272 976 311; x_wconf 79' lang='grc' dir='ltr'>εἰώθεσαν.</span> <span class='ocrx_word' id='word_1_18' title='bbox 1035 271 1119 310; x_wconf 84' lang='grc' dir='ltr'>ὅθεν</span> <span class='ocrx_word' id='word_1_19' title='bbox 1140 272 1198 310; x_wconf 80' lang='grc' dir='ltr'>καὶ</span> <span class='ocrx_word' id='word_1_20' title='bbox 1224 272 1416 322; x_wconf 83' lang='grc' dir='ltr'>ἀνδρωθεὶς</span> <span class='ocrx_word' id='word_1_21' title='bbox 1437 274 1509 311; x_wconf 77' lang='grc' dir='ltr'>ὑπὸ</span> <span class='ocrx_word' id='word_1_22' title='bbox 1532 277 1603 312; x_wconf 84' lang='grc' dir='ltr'>τῶν</span> 
     </span>
     <span class='ocr_line' id='line_1_6' title="bbox 271 326 1601 379; baseline 0.001 -13"><span class='ocrx_word' id='word_1_23' title='bbox 271 328 411 379; x_wconf 77' lang='grc' dir='ltr'>ἐχθρῶν</span> <span class='ocrx_word' id='word_1_24' title='bbox 437 330 486 368; x_wconf 87' lang='grc' dir='ltr'>εἷς</span> <span class='ocrx_word' id='word_1_25' title='bbox 514 328 701 377; x_wconf 83' lang='grc' dir='ltr'>μαλακίαν</span> <span class='ocrx_word' id='word_1_26' title='bbox 728 328 938 365; x_wconf 84' lang='grc' dir='ltr'>ἐσκώπτετο</span> <span class='ocrx_word' id='word_1_27' title='bbox 966 326 1024 364; x_wconf 76' lang='grc' dir='ltr'>καὶ</span> <span class='ocrx_word' id='word_1_28' title='bbox 1052 327 1222 367; x_wconf 82' lang='grc' dir='ltr'>Βάταλος</span> <span class='ocrx_word' id='word_1_29' title='bbox 1250 328 1454 377; x_wconf 81' lang='grc' dir='ltr'>ἐπωνυμίαν</span> <span class='ocrx_word' id='word_1_30' title='bbox 1479 328 1601 379; x_wconf 79' lang='grc' dir='ltr'>ἔσχεν·</span> 
     </span>
     <span class='ocr_line' id='line_1_7' title="bbox 271 381 1604 434; baseline 0 -14"><span class='ocrx_word' id='word_1_31' title='bbox 271 383 461 432; x_wconf 77' lang='grc' dir='ltr'>ἱστόρηται</span> <span class='ocrx_word' id='word_1_32' title='bbox 481 383 553 434; x_wconf 86' lang='grc' dir='ltr'>γάρ</span> <span class='ocrx_word' id='word_1_33' title='bbox 574 399 653 420; x_wconf 89' lang='grc' dir='ltr'>τινα</span> <span class='ocrx_word' id='word_1_34' title='bbox 675 382 848 419; x_wconf 78' lang='grc' dir='ltr'>Βάταλον</span> <span class='ocrx_word' id='word_1_35' title='bbox 866 382 1046 430; x_wconf 85' lang='grc' dir='ltr'>Ἐφέσιον</span> <span class='ocrx_word' id='word_1_36' title='bbox 1066 382 1230 431; x_wconf 76' lang='grc' dir='ltr'>αὐλητὴν</span> <span class='ocrx_word' id='word_1_37' title='bbox 1248 382 1434 433; x_wconf 88' lang='grc' dir='ltr'>γενέσθαι,</span> <span class='ocrx_word' id='word_1_38' title='bbox 1450 381 1488 423; x_wconf 76' lang='grc' dir='ltr'>ὃς</span> <span class='ocrx_word' id='word_1_39' title='bbox 1507 385 1604 432; x_wconf 85' lang='grc' dir='ltr'>πρῶ-</span> 
     </span>
     <span class='ocr_line' id='line_1_8' title="bbox 269 436 1641 488; baseline 0 -13"><span class='ocrx_word' id='word_1_40' title='bbox 269 454 331 478; x_wconf 89' lang='grc' dir='ltr'>τος</span> <span class='ocrx_word' id='word_1_41' title='bbox 350 437 563 486; x_wconf 77' lang='grc' dir='ltr'>ὑποδήμασι</span> <span class='ocrx_word' id='word_1_42' title='bbox 586 436 803 488; x_wconf 87' lang='grc' dir='ltr'>γυναικείοις</span> <span class='ocrx_word' id='word_1_43' title='bbox 830 436 888 474; x_wconf 85' lang='grc' dir='ltr'>ἐπὶ</span> <span class='ocrx_word' id='word_1_44' title='bbox 914 438 978 485; x_wconf 87' lang='grc' dir='ltr'>τῆς</span> <span class='ocrx_word' id='word_1_45' title='bbox 1005 438 1144 485; x_wconf 85' lang='grc' dir='ltr'>σκηνῆς</span> <span class='ocrx_word' id='word_1_46' title='bbox 1171 437 1358 487; x_wconf 83' lang='grc' dir='ltr'>ἐχρήσατο</span> <span class='ocrx_word' id='word_1_47' title='bbox 1386 436 1445 474; x_wconf 81' lang='grc' dir='ltr'>καὶ</span> <span class='ocrx_word' id='word_1_48' title='bbox 1469 437 1603 486; x_wconf 87' lang='grc' dir='ltr'>μέλεσι</span> <span class='ocrx_word' id='word_1_49' title='bbox 1623 452 1641 484; x_wconf 81' lang='lat'>5</span> 
     </span>
     <span class='ocr_line' id='line_1_9' title="bbox 272 491 1604 544; baseline -0.001 -14"><span class='ocrx_word' id='word_1_50' title='bbox 272 492 482 544; x_wconf 85' lang='grc' dir='ltr'>κατεαγόσι,</span> <span class='ocrx_word' id='word_1_51' title='bbox 509 492 567 529; x_wconf 82' lang='grc' dir='ltr'>καὶ</span> <span class='ocrx_word' id='word_1_52' title='bbox 591 491 685 531; x_wconf 82' lang='grc' dir='ltr'>ὅλως</span> <span class='ocrx_word' id='word_1_53' title='bbox 708 491 775 540; x_wconf 82' lang='grc' dir='ltr'>τὴν</span> <span class='ocrx_word' id='word_1_54' title='bbox 797 491 929 541; x_wconf 84' lang='grc' dir='ltr'>τέχνην</span> <span class='ocrx_word' id='word_1_55' title='bbox 953 491 1171 540; x_wconf 78' lang='grc' dir='ltr'>ἐμάλθαξεν·</span> <span class='ocrx_word' id='word_1_56' title='bbox 1204 492 1276 529; x_wconf 84' lang='grc' dir='ltr'>ἀπὸ</span> <span class='ocrx_word' id='word_1_57' title='bbox 1299 491 1429 529; x_wconf 85' lang='grc' dir='ltr'>τούτου</span> <span class='ocrx_word' id='word_1_58' title='bbox 1456 491 1494 529; x_wconf 84' lang='grc' dir='ltr'>δὲ</span> <span class='ocrx_word' id='word_1_59' title='bbox 1521 492 1604 532; x_wconf 84' lang='grc' dir='ltr'>τοὺς</span> 
     </span>
     <span class='ocr_line' id='line_1_10' title="bbox 272 545 1148 595; baseline -0.001 -11"><span class='ocrx_word' id='word_1_60' title='bbox 272 546 446 586; x_wconf 78' lang='grc' dir='ltr'>ἐκλύτους</span> <span class='ocrx_word' id='word_1_61' title='bbox 468 546 527 583; x_wconf 80' lang='grc' dir='ltr'>καὶ</span> <span class='ocrx_word' id='word_1_62' title='bbox 548 546 745 595; x_wconf 81' lang='grc' dir='ltr'>ἀνάνδρους</span> <span class='ocrx_word' id='word_1_63' title='bbox 766 546 960 586; x_wconf 85' lang='grc' dir='ltr'>Βατάλους</span> <span class='ocrx_word' id='word_1_64' title='bbox 981 545 1148 583; x_wconf 80' lang='grc' dir='ltr'>ἐκάλουν.</span> 
     </span>
    </p>

    <p class='ocr_par' dir='ltr' id='par_1_5' title="bbox 269 598 1668 1899">
     <span class='ocr_line' id='line_1_11' title="bbox 325 598 1605 668; baseline -0.002 -30"><span class='ocrx_word' id='word_1_65' title='bbox 325 601 483 652; x_wconf 78' lang='grc' dir='ltr'>Λέγεται</span> <span class='ocrx_word' id='word_1_66' title='bbox 518 600 555 638; x_wconf 83' lang='grc' dir='ltr'>δὲ</span> <span class='ocrx_word' id='word_1_67' title='bbox 588 601 651 638; x_wconf 87' lang='grc' dir='ltr'>τὸν</span> <span class='ocrx_word' id='word_1_68' title='bbox 685 600 935 649; x_wconf 89' lang='grc' dir='ltr'>Δημοσθένην</span> <span class='ocrx_word' id='word_1_69' title='bbox 967 600 1034 648; x_wconf 83' lang='grc' dir='ltr'>τὴν</span> <span class='ocrx_word' id='word_1_70' title='bbox 1067 599 1229 668; x_wconf 51' lang='grc' dir='ltr'>πολλὴνΊλ</span> <span class='ocrx_word' id='word_1_71' title='bbox 1250 600 1309 637; x_wconf 83' lang='grc' dir='ltr'>καὶ</span> <span class='ocrx_word' id='word_1_72' title='bbox 1342 599 1512 649; x_wconf 78' lang='grc' dir='ltr'>σφοδρὰν</span> <span class='ocrx_word' id='word_1_73' title='bbox 1546 598 1605 637; x_wconf 80' lang='grc' dir='ltr'>ἐπὶ</span> 
     </span>
     <span class='ocr_line' id='line_1_12' title="bbox 271 653 1605 706; baseline -0.001 -14"><span class='ocrx_word' id='word_1_74' title='bbox 271 655 441 706; x_wconf 68' lang='grc' dir='ltr'>λόγους“</span> <span class='ocrx_word' id='word_1_75' title='bbox 427 654 543 704; x_wconf 76' lang='grc' dir='ltr'>ορμῆν</span> <span class='ocrx_word' id='word_1_76' title='bbox 559 654 722 693; x_wconf 80' lang='grc' dir='ltr'>ἐντεῦθεν</span> <span class='ocrx_word' id='word_1_77' title='bbox 742 656 859 705; x_wconf 82' lang='grc' dir='ltr'>σχεῖν.</span> <span class='ocrx_word' id='word_1_78' title='bbox 901 653 1229 703; x_wconf 88' lang='grc' dir='ltr'>Καλλίστρατος</span> <span class='ocrx_word' id='word_1_79' title='bbox 1209 671 1254 702; x_wconf 89' lang='grc' dir='ltr'>ην</span> <span class='ocrx_word' id='word_1_80' title='bbox 1272 653 1502 703; x_wconf 83' lang='grc' dir='ltr'>Ἀθηναῖος</span> <span class='ocrx_word' id='word_1_81' title='bbox 1485 653 1605 703; x_wconf 91' lang='grc' dir='ltr'>ρήτωρ</span> 
     </span>
     <span class='ocr_line' id='line_1_13' title="bbox 273 708 1667 760; baseline -0.001 -15"><span class='ocrx_word' id='word_1_82' title='bbox 273 709 425 755; x_wconf 80' lang='grc' dir='ltr'>ἔνδοξος·</span> <span class='ocrx_word' id='word_1_83' title='bbox 463 709 567 749; x_wconf 76' lang='grc' dir='ltr'>οὗτος</span> <span class='ocrx_word' id='word_1_84' title='bbox 595 710 730 758; x_wconf 79' lang='grc' dir='ltr'>ἔμελλε</span> <span class='ocrx_word' id='word_1_85' title='bbox 757 709 941 758; x_wconf 83' lang='grc' dir='ltr'>δημοσιαν</span> <span class='ocrx_word' id='word_1_86' title='bbox 961 710 1041 746; x_wconf 82' lang='grc' dir='ltr'>τινὰ</span> <span class='ocrx_word' id='word_1_87' title='bbox 1067 708 1170 757; x_wconf 84' lang='grc' dir='ltr'>δίκην</span> <span class='ocrx_word' id='word_1_88' title='bbox 1194 708 1448 760; x_wconf 84' lang='grc' dir='ltr'>ἀγωνίζεσθαι,</span> <span class='ocrx_word' id='word_1_89' title='bbox 1473 708 1603 756; x_wconf 89' lang='grc' dir='ltr'>φασίν,</span> <span class='ocrx_word' id='word_1_90' title='bbox 1627 722 1667 745; x_wconf 86' lang='lat'>10</span> 
     </span>
     <span class='ocr_line' id='line_1_14' title="bbox 271 761 1605 812; baseline -0.001 -12"><span class='ocrx_word' id='word_1_91' title='bbox 271 763 383 812; x_wconf 84' lang='grc' dir='ltr'>οἶμαι,</span> <span class='ocrx_word' id='word_1_92' title='bbox 404 763 471 811; x_wconf 85' lang='grc' dir='ltr'>τὴν</span> <span class='ocrx_word' id='word_1_93' title='bbox 496 763 579 812; x_wconf 82' lang='grc' dir='ltr'>περὶ</span> <span class='ocrx_word' id='word_1_94' title='bbox 607 763 788 812; x_wconf 77' lang='grc' dir='ltr'>Ὠρωποῦ.</span> <span class='ocrx_word' id='word_1_95' title='bbox 847 764 866 800; x_wconf 84' lang='grc' dir='ltr'><em>ὃ</em></span> <span class='ocrx_word' id='word_1_96' title='bbox 892 764 1012 801; x_wconf 84' lang='grc' dir='ltr'>τοίνυν</span> <span class='ocrx_word' id='word_1_97' title='bbox 1036 762 1282 812; x_wconf 89' lang='grc' dir='ltr'>Δημοσθένης</span> <span class='ocrx_word' id='word_1_98' title='bbox 1306 764 1391 803; x_wconf 83' lang='grc' dir='ltr'>παῖς</span> <span class='ocrx_word' id='word_1_99' title='bbox 1417 762 1465 800; x_wconf 84' lang='grc' dir='ltr'>ὢν</span> <span class='ocrx_word' id='word_1_100' title='bbox 1491 761 1605 800; x_wconf 82' lang='grc' dir='ltr'>ἐδεῖτο</span> 
     </span>
     <span class='ocr_line' id='line_1_15' title="bbox 269 815 1603 869; baseline -0.002 -14"><span class='ocrx_word' id='word_1_101' title='bbox 269 820 334 855; x_wconf 75' lang='grc' dir='ltr'>τοῦ</span> <span class='ocrx_word' id='word_1_102' title='bbox 365 820 574 865; x_wconf 79' lang='grc' dir='ltr'>ἐφεστῶτος</span> <span class='ocrx_word' id='word_1_103' title='bbox 602 817 744 854; x_wconf 81' lang='grc' dir='ltr'>οἰκέτου</span> <span class='ocrx_word' id='word_1_104' title='bbox 774 819 1018 869; x_wconf 87' lang='grc' dir='ltr'>συγχωρῆσαι</span> <span class='ocrx_word' id='word_1_105' title='bbox 1046 818 1283 866; x_wconf 78' lang='grc' dir='ltr'>παραβαλεῖν</span> <span class='ocrx_word' id='word_1_106' title='bbox 1311 819 1406 867; x_wconf 76' lang='grc' dir='ltr'>αὐτῷ</span> <span class='ocrx_word' id='word_1_107' title='bbox 1435 818 1482 867; x_wconf 82' lang='grc' dir='ltr'>τῇ</span> <span class='ocrx_word' id='word_1_108' title='bbox 1510 815 1603 866; x_wconf 81' lang='grc' dir='ltr'>δίκῃ·</span> 
     </span>
     <span class='ocr_line' id='line_1_16' title="bbox 271 870 1606 921; baseline 0 -13"><span class='ocrx_word' id='word_1_109' title='bbox 271 872 329 908; x_wconf 81' lang='grc' dir='ltr'>καὶ</span> <span class='ocrx_word' id='word_1_110' title='bbox 350 871 388 912; x_wconf 78' lang='grc' dir='ltr'>ὃς</span> <span class='ocrx_word' id='word_1_111' title='bbox 409 872 616 921; x_wconf 85' lang='grc' dir='ltr'>ἐπέτρεψεν.</span> <span class='ocrx_word' id='word_1_112' title='bbox 676 872 837 912; x_wconf 78' lang='grc' dir='ltr'>ἀκούσας</span> <span class='ocrx_word' id='word_1_113' title='bbox 863 871 892 909; x_wconf 83' lang='grc' dir='ltr'>δ’</span> <span class='ocrx_word' id='word_1_114' title='bbox 916 872 1009 908; x_wconf 80' lang='grc' dir='ltr'>οὕτω</span> <span class='ocrx_word' id='word_1_115' title='bbox 1033 871 1173 920; x_wconf 81' lang='grc' dir='ltr'>διετέθη</span> <span class='ocrx_word' id='word_1_116' title='bbox 1197 871 1283 909; x_wconf 82' lang='grc' dir='ltr'>ὥστ’</span> <span class='ocrx_word' id='word_1_117' title='bbox 1304 870 1366 908; x_wconf 81' lang='grc' dir='ltr'>ἀπ’</span> <span class='ocrx_word' id='word_1_118' title='bbox 1386 871 1522 919; x_wconf 83' lang='grc' dir='ltr'>ἐκείνης</span> <span class='ocrx_word' id='word_1_119' title='bbox 1540 872 1606 919; x_wconf 82' lang='grc' dir='ltr'>τῆς</span> 
     </span>
     <span class='ocr_line' id='line_1_17' title="bbox 271 924 1606 977; baseline 0 -15"><span class='ocrx_word' id='word_1_120' title='bbox 271 927 363 975; x_wconf 73' lang='grc' dir='ltr'>ὥρας</span> <span class='ocrx_word' id='word_1_121' title='bbox 392 942 512 963; x_wconf 69' lang='grc' dir='ltr'>παντο.</span> <span class='ocrx_word' id='word_1_122' title='bbox 540 926 706 977; x_wconf 70' lang='grc' dir='ltr'>πάρεργα</span> <span class='ocrx_word' id='word_1_123' title='bbox 734 943 825 974; x_wconf 76' lang='grc' dir='ltr'>προς</span> <span class='ocrx_word' id='word_1_124' title='bbox 853 942 937 965; x_wconf 63' lang='grc' dir='ltr'>ΤΟᾙς</span> <span class='ocrx_word' id='word_1_125' title='bbox 966 926 1101 977; x_wconf 76' lang='grc' dir='ltr'>λόγους</span> <span class='ocrx_word' id='word_1_126' title='bbox 1129 925 1271 963; x_wconf 72' lang='grc' dir='ltr'>θέσθαι.</span> <span class='ocrx_word' id='word_1_127' title='bbox 1329 925 1541 975; x_wconf 75' lang='grc' dir='ltr'>διδασκάλῳ</span> <span class='ocrx_word' id='word_1_128' title='bbox 1567 924 1606 962; x_wconf 80' lang='grc' dir='ltr'>δὲ</span> 
     </span>
     <span class='ocr_line' id='line_1_18' title="bbox 269 979 1665 1031; baseline -0.002 -14"><span class='ocrx_word' id='word_1_129' title='bbox 269 980 507 1030; x_wconf 84' lang='grc' dir='ltr'>χρησάμενος</span> <span class='ocrx_word' id='word_1_130' title='bbox 539 979 676 1030; x_wconf 87' lang='grc' dir='ltr'>Ἰσαίω,</span> <span class='ocrx_word' id='word_1_131' title='bbox 712 981 816 1028; x_wconf 83' lang='grc' dir='ltr'>μάλα</span> <span class='ocrx_word' id='word_1_132' title='bbox 851 979 953 1030; x_wconf 79' lang='grc' dir='ltr'>δεινῷ</span> <span class='ocrx_word' id='word_1_133' title='bbox 986 980 1123 1029; x_wconf 81' lang='grc' dir='ltr'>ῥήτορι,</span> <span class='ocrx_word' id='word_1_134' title='bbox 1160 982 1209 1020; x_wconf 79' lang='grc' dir='ltr'>εἷς</span> <span class='ocrx_word' id='word_1_135' title='bbox 1243 979 1373 1029; x_wconf 80' lang='grc' dir='ltr'>ἄνδρας</span> <span class='ocrx_word' id='word_1_136' title='bbox 1407 979 1606 1031; x_wconf 83' lang='grc' dir='ltr'>ἐγγραφεὶς</span> <span class='ocrx_word' id='word_1_137' title='bbox 1628 993 1665 1025; x_wconf 83' lang='lat'>15</span> 
     </span>
     <span class='ocr_line' id='line_1_19' title="bbox 271 1033 1606 1085; baseline -0.001 -13"><span class='ocrx_word' id='word_1_138' title='bbox 271 1035 418 1074; x_wconf 62' lang='lat' dir='ltr'>ciffi-’5</span> <span class='ocrx_word' id='word_1_139' title='bbox 400 1037 523 1085; x_wconf 85' lang='grc' dir='ltr'>αγῶνα</span> <span class='ocrx_word' id='word_1_140' title='bbox 547 1035 638 1071; x_wconf 80' lang='grc' dir='ltr'>κατὰ</span> <span class='ocrx_word' id='word_1_141' title='bbox 662 1037 733 1072; x_wconf 82' lang='grc' dir='ltr'>τῶν</span> <span class='ocrx_word' id='word_1_142' title='bbox 753 1034 958 1083; x_wconf 84' lang='grc' dir='ltr'>ἐπιτρόπων</span> <span class='ocrx_word' id='word_1_143' title='bbox 979 1034 1216 1083; x_wconf 90' lang='grc' dir='ltr'>ἐνεστήσατο,</span> <span class='ocrx_word' id='word_1_144' title='bbox 1241 1037 1356 1074; x_wconf 82' lang='grc' dir='ltr'>κακῶς</span> <span class='ocrx_word' id='word_1_145' title='bbox 1378 1033 1606 1084; x_wconf 83' lang='grc' dir='ltr'>διῳκηκότων</span> 
     </span>
     <span class='ocr_line' id='line_1_20' title="bbox 270 1085 1605 1138; baseline -0.001 -12"><span class='ocrx_word' id='word_1_146' title='bbox 270 1089 337 1137; x_wconf 80' lang='grc' dir='ltr'>τὴν</span> <span class='ocrx_word' id='word_1_147' title='bbox 360 1090 491 1126; x_wconf 76' lang='grc' dir='ltr'>οὐσίαν</span> <span class='ocrx_word' id='word_1_148' title='bbox 514 1090 636 1125; x_wconf 69' lang='grc' dir='ltr'>αἰτοῦ.</span> <span class='ocrx_word' id='word_1_149' title='bbox 695 1088 754 1125; x_wconf 84' lang='grc' dir='ltr'>καὶ</span> <span class='ocrx_word' id='word_1_150' title='bbox 781 1087 856 1126; x_wconf 76' lang='grc' dir='ltr'>εἷλε</span> <span class='ocrx_word' id='word_1_151' title='bbox 885 1090 953 1137; x_wconf 87' lang='grc' dir='ltr'>μὲν</span> <span class='ocrx_word' id='word_1_152' title='bbox 976 1088 1116 1131; x_wconf 73' lang='grc' dir='ltr'>αἰτούς,</span> <span class='ocrx_word' id='word_1_153' title='bbox 1143 1090 1185 1126; x_wconf 78' lang='grc' dir='ltr'>οὗ</span> <span class='ocrx_word' id='word_1_154' title='bbox 1212 1088 1287 1138; x_wconf 81' lang='grc' dir='ltr'>μὴν</span> <span class='ocrx_word' id='word_1_155' title='bbox 1308 1087 1472 1138; x_wconf 84' lang='grc' dir='ltr'>ἠδυνήθη</span> <span class='ocrx_word' id='word_1_156' title='bbox 1499 1085 1605 1125; x_wconf 77' lang='grc' dir='ltr'>πάντ’</span> 
     </span>
     <span class='ocr_line' id='line_1_21' title="bbox 272 1141 1607 1194; baseline -0.001 -14"><span class='ocrx_word' id='word_1_157' title='bbox 272 1144 482 1191; x_wconf 77' lang='grc' dir='ltr'>ἀπολαβεῖν</span> <span class='ocrx_word' id='word_1_158' title='bbox 511 1143 568 1180; x_wconf 85' lang='grc' dir='ltr'>ὅσ’</span> <span class='ocrx_word' id='word_1_159' title='bbox 597 1144 837 1180; x_wconf 85' lang='grc' dir='ltr'>ἀπολωλέκει.</span> <span class='ocrx_word' id='word_1_160' title='bbox 895 1143 979 1183; x_wconf 75' lang='grc' dir='ltr'>τοὺς</span> <span class='ocrx_word' id='word_1_161' title='bbox 1009 1143 1046 1180; x_wconf 83' lang='grc' dir='ltr'>δὲ</span> <span class='ocrx_word' id='word_1_162' title='bbox 1075 1143 1211 1194; x_wconf 84' lang='grc' dir='ltr'>λόγους</span> <span class='ocrx_word' id='word_1_163' title='bbox 1240 1143 1324 1183; x_wconf 74' lang='grc' dir='ltr'>τοὺς</span> <span class='ocrx_word' id='word_1_164' title='bbox 1353 1141 1607 1192; x_wconf 83' lang='grc' dir='ltr'>ἐπιτροπικοὺς</span> 
     </span>
     <span class='ocr_line' id='line_1_22' title="bbox 272 1196 1606 1246; baseline 0 -12"><span class='ocrx_word' id='word_1_165' title='bbox 272 1198 365 1235; x_wconf 82' lang='grc' dir='ltr'>εἰσὶν</span> <span class='ocrx_word' id='word_1_166' title='bbox 385 1198 423 1234; x_wconf 83' lang='grc' dir='ltr'>οἵ</span> <span class='ocrx_word' id='word_1_167' title='bbox 443 1201 562 1246; x_wconf 85' lang='grc' dir='ltr'>φασιν</span> <span class='ocrx_word' id='word_1_168' title='bbox 580 1196 720 1234; x_wconf 85' lang='grc' dir='ltr'>Ἰσαίου</span> <span class='ocrx_word' id='word_1_169' title='bbox 743 1197 801 1234; x_wconf 86' lang='grc' dir='ltr'>καὶ</span> <span class='ocrx_word' id='word_1_170' title='bbox 822 1199 863 1234; x_wconf 83' lang='grc' dir='ltr'>οὐ</span> <span class='ocrx_word' id='word_1_171' title='bbox 885 1197 1150 1246; x_wconf 79' lang='grc' dir='ltr'>Δημοσθένους</span> <span class='ocrx_word' id='word_1_172' title='bbox 1169 1196 1270 1242; x_wconf 78' lang='grc' dir='ltr'>εἶναι,</span> <span class='ocrx_word' id='word_1_173' title='bbox 1292 1197 1350 1235; x_wconf 81' lang='grc' dir='ltr'>διὰ</span> <span class='ocrx_word' id='word_1_174' title='bbox 1372 1197 1440 1246; x_wconf 87' lang='grc' dir='ltr'>τὴν</span> <span class='ocrx_word' id='word_1_175' title='bbox 1459 1197 1606 1245; x_wconf 86' lang='grc' dir='ltr'>ἡλικίαν</span> 
     </span>
     <span class='ocr_line' id='line_1_23' title="bbox 272 1250 1667 1303; baseline -0.002 -14"><span class='ocrx_word' id='word_1_176' title='bbox 272 1254 336 1289; x_wconf 81' lang='grc' dir='ltr'>τοῦ</span> <span class='ocrx_word' id='word_1_177' title='bbox 370 1252 523 1301; x_wconf 85' lang='grc' dir='ltr'>ῥήτορος</span> <span class='ocrx_word' id='word_1_178' title='bbox 557 1253 796 1291; x_wconf 71' lang='grc' dir='ltr'>ἀπιστοῦντες</span> <span class='ocrx_word' id='word_1_179' title='bbox 831 1250 1090 1301; x_wconf 79' lang='grc' dir='ltr'>(ὀκτωκαίδεκα</span> <span class='ocrx_word' id='word_1_180' title='bbox 1120 1252 1191 1303; x_wconf 76' lang='grc' dir='ltr'>γὰρ</span> <span class='ocrx_word' id='word_1_181' title='bbox 1223 1254 1312 1289; x_wconf 88' lang='grc' dir='ltr'>ἐτῶν</span> <span class='ocrx_word' id='word_1_182' title='bbox 1344 1251 1390 1301; x_wconf 76' lang='grc' dir='ltr'>ἦν</span> <span class='ocrx_word' id='word_1_183' title='bbox 1422 1251 1482 1289; x_wconf 84' lang='grc' dir='ltr'>ὅτε</span> <span class='ocrx_word' id='word_1_184' title='bbox 1515 1251 1606 1300; x_wconf 83' lang='grc' dir='ltr'>πρὸς</span> <span class='ocrx_word' id='word_1_185' title='bbox 1628 1265 1667 1287; x_wconf 89' lang='lat'>20</span> 
     </span>
     <span class='ocr_line' id='line_1_24' title="bbox 272 1305 1606 1357; baseline 0.001 -13"><span class='ocrx_word' id='word_1_186' title='bbox 272 1307 422 1346; x_wconf 76' lang='grc' dir='ltr'>τούτους</span> <span class='ocrx_word' id='word_1_187' title='bbox 441 1306 666 1357; x_wconf 72' lang='grc' dir='ltr'>ἠγωνίζετο),</span> <span class='ocrx_word' id='word_1_188' title='bbox 693 1306 751 1342; x_wconf 81' lang='grc' dir='ltr'>καὶ</span> <span class='ocrx_word' id='word_1_189' title='bbox 772 1305 827 1343; x_wconf 85' lang='grc' dir='ltr'>ὅτι</span> <span class='ocrx_word' id='word_1_190' title='bbox 847 1305 1020 1343; x_wconf 76' lang='grc' dir='ltr'>δοκοῦσιν</span> <span class='ocrx_word' id='word_1_191' title='bbox 1040 1307 1074 1343; x_wconf 84' lang='grc' dir='ltr'>οἶ</span> <span class='ocrx_word' id='word_1_192' title='bbox 1094 1307 1202 1357; x_wconf 87' lang='grc' dir='ltr'>λόγοι</span> <span class='ocrx_word' id='word_1_193' title='bbox 1222 1307 1264 1343; x_wconf 86' lang='grc' dir='ltr'>τὸ</span> <span class='ocrx_word' id='word_1_194' title='bbox 1284 1309 1349 1344; x_wconf 79' lang='grc' dir='ltr'>τοῦ</span> <span class='ocrx_word' id='word_1_195' title='bbox 1369 1307 1511 1344; x_wconf 88' lang='grc' dir='ltr'>Ἰσαίου</span> <span class='ocrx_word' id='word_1_196' title='bbox 1531 1322 1606 1346; x_wconf 82' lang='grc' dir='ltr'>πως</span> 
     </span>
     <span class='ocr_line' id='line_1_25' title="bbox 273 1359 1606 1411; baseline -0.001 -13"><span class='ocrx_word' id='word_1_197' title='bbox 273 1361 478 1409; x_wconf 85' lang='grc' dir='ltr'>ἐπιφαίνειν</span> <span class='ocrx_word' id='word_1_198' title='bbox 517 1359 620 1400; x_wconf 74' lang='grc' dir='ltr'>εἶδος.</span> <span class='ocrx_word' id='word_1_199' title='bbox 693 1360 808 1409; x_wconf 79' lang='grc' dir='ltr'>ἕτεροι</span> <span class='ocrx_word' id='word_1_200' title='bbox 846 1360 884 1398; x_wconf 78' lang='grc' dir='ltr'>δὲ</span> <span class='ocrx_word' id='word_1_201' title='bbox 922 1361 1114 1409; x_wconf 82' lang='grc' dir='ltr'>νομίζουσι</span> <span class='ocrx_word' id='word_1_202' title='bbox 1153 1360 1398 1411; x_wconf 83' lang='grc' dir='ltr'>συντετάχθαι</span> <span class='ocrx_word' id='word_1_203' title='bbox 1435 1362 1503 1410; x_wconf 83' lang='grc' dir='ltr'>μὲν</span> <span class='ocrx_word' id='word_1_204' title='bbox 1534 1361 1606 1397; x_wconf 77' lang='grc' dir='ltr'>ὑπὸ</span> 
     </span>
     <span class='ocr_line' id='line_1_26' title="bbox 273 1413 1607 1464; baseline -0.001 -12"><span class='ocrx_word' id='word_1_205' title='bbox 273 1415 549 1464; x_wconf 86' lang='grc' dir='ltr'>Δημοσθένους,</span> <span class='ocrx_word' id='word_1_206' title='bbox 580 1414 811 1463; x_wconf 81' lang='grc' dir='ltr'>διωρθῶσθαι</span> <span class='ocrx_word' id='word_1_207' title='bbox 840 1413 870 1451; x_wconf 76' lang='grc' dir='ltr'>δ’</span> <span class='ocrx_word' id='word_1_208' title='bbox 901 1415 973 1452; x_wconf 76' lang='grc' dir='ltr'>ὑπὸ</span> <span class='ocrx_word' id='word_1_209' title='bbox 1006 1417 1071 1452; x_wconf 68' lang='grc' dir='ltr'>τοῦ</span> <span class='ocrx_word' id='word_1_210' title='bbox 1103 1414 1251 1452; x_wconf 85' lang='grc' dir='ltr'>Ἰσαίου.</span> <span class='ocrx_word' id='word_1_211' title='bbox 1313 1415 1416 1453; x_wconf 76' lang='grc' dir='ltr'>οὐδὲν</span> <span class='ocrx_word' id='word_1_212' title='bbox 1449 1414 1488 1453; x_wconf 82' lang='grc' dir='ltr'>δὲ</span> <span class='ocrx_word' id='word_1_213' title='bbox 1522 1414 1607 1452; x_wconf 83' lang='grc' dir='ltr'>θαυ-</span> 
     </span>
     <span class='ocr_line' id='line_1_27' title="bbox 272 1468 1607 1519; baseline 0.001 -12"><span class='ocrx_word' id='word_1_214' title='bbox 272 1470 427 1519; x_wconf 85' lang='grc' dir='ltr'>μαστόν,</span> <span class='ocrx_word' id='word_1_215' title='bbox 451 1470 481 1506; x_wconf 83' lang='grc' dir='ltr'>εἰ</span> <span class='ocrx_word' id='word_1_216' title='bbox 508 1470 527 1506; x_wconf 83' lang='grc' dir='ltr'>ὁ</span> <span class='ocrx_word' id='word_1_217' title='bbox 552 1468 798 1518; x_wconf 86' lang='grc' dir='ltr'>Δημοσθένης</span> <span class='ocrx_word' id='word_1_218' title='bbox 824 1468 981 1517; x_wconf 82' lang='grc' dir='ltr'>ἠδύνατο</span> <span class='ocrx_word' id='word_1_219' title='bbox 1006 1470 1074 1518; x_wconf 83' lang='grc' dir='ltr'>μὲν</span> <span class='ocrx_word' id='word_1_220' title='bbox 1098 1469 1184 1506; x_wconf 86' lang='grc' dir='ltr'>κάπ’</span> <span class='ocrx_word' id='word_1_221' title='bbox 1211 1471 1347 1518; x_wconf 83' lang='grc' dir='ltr'>ἐκείνης</span> <span class='ocrx_word' id='word_1_222' title='bbox 1372 1471 1437 1518; x_wconf 86' lang='grc' dir='ltr'>τῆς</span> <span class='ocrx_word' id='word_1_223' title='bbox 1462 1469 1607 1517; x_wconf 88' lang='grc' dir='ltr'>ἡλικίας</span> 
     </span>
     <span class='ocr_line' id='line_1_28' title="bbox 273 1522 1667 1576; baseline -0.001 -15"><span class='ocrx_word' id='word_1_224' title='bbox 273 1524 506 1576; x_wconf 84' lang='grc' dir='ltr'>συγγράφειν</span> <span class='ocrx_word' id='word_1_225' title='bbox 525 1523 710 1563; x_wconf 85' lang='grc' dir='ltr'>τοιούτους</span> <span class='ocrx_word' id='word_1_226' title='bbox 733 1524 868 1575; x_wconf 88' lang='grc' dir='ltr'>λόγους</span> <span class='ocrx_word' id='word_1_227' title='bbox 892 1522 932 1573; x_wconf 87' lang='grc' dir='ltr'>(ἡ</span> <span class='ocrx_word' id='word_1_228' title='bbox 957 1524 1030 1575; x_wconf 83' lang='grc' dir='ltr'>γὰρ</span> <span class='ocrx_word' id='word_1_229' title='bbox 1052 1523 1207 1573; x_wconf 80' lang='grc' dir='ltr'>ὕστερον</span> <span class='ocrx_word' id='word_1_230' title='bbox 1229 1524 1393 1575; x_wconf 76' lang='grc' dir='ltr'>ὑπεροχὴ</span> <span class='ocrx_word' id='word_1_231' title='bbox 1418 1523 1477 1560; x_wconf 84' lang='grc' dir='ltr'>καὶ</span> <span class='ocrx_word' id='word_1_232' title='bbox 1498 1525 1607 1561; x_wconf 77' lang='grc' dir='ltr'>τοῦτο</span> <span class='ocrx_word' id='word_1_233' title='bbox 1628 1536 1667 1568; x_wconf 84' lang='lat'>25</span> 
     </span>
     <span class='ocr_line' id='line_1_29' title="bbox 272 1576 1607 1630; baseline -0.001 -14"><span class='ocrx_word' id='word_1_234' title='bbox 272 1576 500 1628; x_wconf 78' lang='grc' dir='ltr'>πιστοῦται),</span> <span class='ocrx_word' id='word_1_235' title='bbox 515 1578 587 1615; x_wconf 84' lang='grc' dir='ltr'>ἀπὸ</span> <span class='ocrx_word' id='word_1_236' title='bbox 603 1577 640 1615; x_wconf 81' lang='grc' dir='ltr'>δὲ</span> <span class='ocrx_word' id='word_1_237' title='bbox 656 1580 784 1627; x_wconf 81' lang='grc' dir='ltr'>νεαρᾶς</span> <span class='ocrx_word' id='word_1_238' title='bbox 800 1578 851 1615; x_wconf 79' lang='grc' dir='ltr'>ἔτι</span> <span class='ocrx_word' id='word_1_239' title='bbox 865 1580 930 1626; x_wconf 89' lang='grc' dir='ltr'>τῆς</span> <span class='ocrx_word' id='word_1_240' title='bbox 945 1578 1140 1627; x_wconf 82' lang='grc' dir='ltr'>ἀσκήσεως</span> <span class='ocrx_word' id='word_1_241' title='bbox 1154 1580 1219 1627; x_wconf 86' lang='grc' dir='ltr'>τῆς</span> <span class='ocrx_word' id='word_1_242' title='bbox 1234 1579 1305 1616; x_wconf 74' lang='grc' dir='ltr'>ὑπὸ</span> <span class='ocrx_word' id='word_1_243' title='bbox 1325 1582 1374 1630; x_wconf 79' lang='grc' dir='ltr'>τῷ</span> <span class='ocrx_word' id='word_1_244' title='bbox 1395 1577 1607 1628; x_wconf 79' lang='grc' dir='ltr'>διδασκάλῳ</span> 
     </span>
     <span class='ocr_line' id='line_1_30' title="bbox 273 1632 1608 1683; baseline 0.001 -13"><span class='ocrx_word' id='word_1_245' title='bbox 273 1633 337 1671; x_wconf 83' lang='grc' dir='ltr'>τὸν</span> <span class='ocrx_word' id='word_1_246' title='bbox 360 1633 495 1670; x_wconf 89' lang='grc' dir='ltr'>ἐκείνου</span> <span class='ocrx_word' id='word_1_247' title='bbox 514 1634 730 1682; x_wconf 83' lang='grc' dir='ltr'>χαρακτῆρα</span> <span class='ocrx_word' id='word_1_248' title='bbox 748 1634 929 1683; x_wconf 87' lang='grc' dir='ltr'>πολλαχῇ</span> <span class='ocrx_word' id='word_1_249' title='bbox 946 1633 1157 1682; x_wconf 89' lang='grc' dir='ltr'>μεμίμηται.</span> <span class='ocrx_word' id='word_1_250' title='bbox 1203 1634 1296 1681; x_wconf 80' lang='grc' dir='ltr'>μετὰ</span> <span class='ocrx_word' id='word_1_251' title='bbox 1314 1634 1439 1682; x_wconf 89' lang='grc' dir='ltr'>μέντοι</span> <span class='ocrx_word' id='word_1_252' title='bbox 1458 1632 1608 1672; x_wconf 80' lang='grc' dir='ltr'>τούτους</span> 
     </span>
     <span class='ocr_line' id='line_1_31' title="bbox 273 1686 1606 1739; baseline 0 -15"><span class='ocrx_word' id='word_1_253' title='bbox 273 1687 356 1727; x_wconf 85' lang='grc' dir='ltr'>τοὺς</span> <span class='ocrx_word' id='word_1_254' title='bbox 376 1689 518 1739; x_wconf 80' lang='grc' dir='ltr'>ἀγῶνας</span> <span class='ocrx_word' id='word_1_255' title='bbox 536 1686 662 1737; x_wconf 79' lang='grc' dir='ltr'>βραχὺ</span> <span class='ocrx_word' id='word_1_256' title='bbox 683 1689 729 1737; x_wconf 86' lang='grc' dir='ltr'>τῇ</span> <span class='ocrx_word' id='word_1_257' title='bbox 748 1687 874 1737; x_wconf 76' lang='grc' dir='ltr'>ἡλικίᾳ</span> <span class='ocrx_word' id='word_1_258' title='bbox 894 1686 1086 1736; x_wconf 87' lang='grc' dir='ltr'>προελθὼν</span> <span class='ocrx_word' id='word_1_259' title='bbox 1105 1688 1344 1735; x_wconf 84' lang='grc' dir='ltr'>σοφιστεύειν</span> <span class='ocrx_word' id='word_1_260' title='bbox 1364 1687 1606 1737; x_wconf 86' lang='grc' dir='ltr'>ἐνεχείρησεν,</span> 
     </span>
     <span class='ocr_line' id='line_1_32' title="bbox 275 1739 1607 1793; baseline 0 -15"><span class='ocrx_word' id='word_1_261' title='bbox 275 1741 336 1779; x_wconf 78' lang='grc' dir='ltr'>εἶτ’</span> <span class='ocrx_word' id='word_1_262' title='bbox 363 1741 593 1793; x_wconf 82' lang='grc' dir='ltr'>ἀπαλλαγεὶς</span> <span class='ocrx_word' id='word_1_263' title='bbox 618 1741 749 1779; x_wconf 86' lang='grc' dir='ltr'>τούτου</span> <span class='ocrx_word' id='word_1_264' title='bbox 775 1741 1034 1793; x_wconf 88' lang='grc' dir='ltr'>συνηγόρησεν</span> <span class='ocrx_word' id='word_1_265' title='bbox 1057 1744 1094 1779; x_wconf 90' lang='grc' dir='ltr'>ἐν</span> <span class='ocrx_word' id='word_1_266' title='bbox 1118 1741 1352 1793; x_wconf 81' lang='grc' dir='ltr'>δικαστηρίῳ.</span> <span class='ocrx_word' id='word_1_267' title='bbox 1409 1742 1551 1782; x_wconf 89' lang='grc' dir='ltr'>τούτοις</span> <span class='ocrx_word' id='word_1_268' title='bbox 1576 1739 1607 1778; x_wconf 80' lang='grc' dir='ltr'>δ’</span> 
     </span>
     <span class='ocr_line' id='line_1_33' title="bbox 275 1795 1668 1848; baseline 0 -15"><span class='ocrx_word' id='word_1_269' title='bbox 275 1797 401 1845; x_wconf 83' lang='grc' dir='ltr'>ὥσπερ</span> <span class='ocrx_word' id='word_1_270' title='bbox 432 1796 650 1848; x_wconf 89' lang='grc' dir='ltr'>γυμνασίοις</span> <span class='ocrx_word' id='word_1_271' title='bbox 679 1796 916 1846; x_wconf 85' lang='grc' dir='ltr'>χρησάμενος</span> <span class='ocrx_word' id='word_1_272' title='bbox 950 1795 1008 1834; x_wconf 83' lang='grc' dir='ltr'>ἐπὶ</span> <span class='ocrx_word' id='word_1_273' title='bbox 1038 1796 1080 1834; x_wconf 86' lang='grc' dir='ltr'>τὸ</span> <span class='ocrx_word' id='word_1_274' title='bbox 1112 1795 1344 1848; x_wconf 83' lang='grc' dir='ltr'>δημαγωγεῖν</span> <span class='ocrx_word' id='word_1_275' title='bbox 1374 1796 1433 1833; x_wconf 81' lang='grc' dir='ltr'>καὶ</span> <span class='ocrx_word' id='word_1_276' title='bbox 1465 1797 1511 1833; x_wconf 80' lang='grc' dir='ltr'>τὰ</span> <span class='ocrx_word' id='word_1_277' title='bbox 1543 1797 1608 1844; x_wconf 83' lang='grc' dir='ltr'>τῆς</span> <span class='ocrx_word' id='word_1_278' title='bbox 1629 1807 1668 1838; x_wconf 80' lang='grc'>30</span> 
     </span>
     <span class='ocr_line' id='line_1_34' title="bbox 274 1850 750 1899; baseline 0 -12"><span class='ocrx_word' id='word_1_279' title='bbox 274 1851 416 1890; x_wconf 88' lang='grc' dir='ltr'>πόλεως</span> <span class='ocrx_word' id='word_1_280' title='bbox 434 1851 606 1899; x_wconf 89' lang='grc' dir='ltr'>πράττειν</span> <span class='ocrx_word' id='word_1_281' title='bbox 624 1850 750 1899; x_wconf 80' lang='grc' dir='ltr'>ἦλθεν.</span> 
     </span>
    </p>

    <p class='ocr_par' dir='ltr' id='par_1_6' title="bbox 277 1904 1668 2445">
     <span class='ocr_line' id='line_1_35' title="bbox 323 1904 1609 1956; baseline 0 -15"><span class='ocrx_word' id='word_1_282' title='bbox 323 1904 408 1942; x_wconf 86' lang='grc' dir='ltr'>’Έτι</span> <span class='ocrx_word' id='word_1_283' title='bbox 435 1906 606 1943; x_wconf 78' lang='grc' dir='ltr'>κάκείνων</span> <span class='ocrx_word' id='word_1_284' title='bbox 627 1906 906 1954; x_wconf 86' lang='grc' dir='ltr'>μνημονευτέον,</span> <span class='ocrx_word' id='word_1_285' title='bbox 930 1906 985 1943; x_wconf 87' lang='grc' dir='ltr'>ὅτι</span> <span class='ocrx_word' id='word_1_286' title='bbox 1009 1905 1168 1955; x_wconf 87' lang='grc' dir='ltr'>τραυλὸς</span> <span class='ocrx_word' id='word_1_287' title='bbox 1193 1907 1261 1954; x_wconf 83' lang='grc' dir='ltr'>μὲν</span> <span class='ocrx_word' id='word_1_288' title='bbox 1282 1904 1328 1954; x_wconf 80' lang='grc' dir='ltr'>ἦν</span> <span class='ocrx_word' id='word_1_289' title='bbox 1350 1904 1417 1953; x_wconf 81' lang='grc' dir='ltr'>τὴν</span> <span class='ocrx_word' id='word_1_290' title='bbox 1439 1906 1609 1956; x_wconf 81' lang='grc' dir='ltr'>γλῶτταν</span> 
     </span>
     <span class='ocr_line' id='line_1_36' title="bbox 277 1958 1608 2009; baseline 0.001 -14"><span class='ocrx_word' id='word_1_291' title='bbox 277 1962 315 1995; x_wconf 90' lang='grc' dir='ltr'>ἐκ</span> <span class='ocrx_word' id='word_1_292' title='bbox 336 1959 494 2007; x_wconf 85' lang='grc' dir='ltr'>φύσεως,</span> <span class='ocrx_word' id='word_1_293' title='bbox 515 1960 557 1996; x_wconf 86' lang='grc' dir='ltr'>τὸ</span> <span class='ocrx_word' id='word_1_294' title='bbox 578 1958 616 1997; x_wconf 83' lang='grc' dir='ltr'>δὲ</span> <span class='ocrx_word' id='word_1_295' title='bbox 635 1960 762 2008; x_wconf 71' lang='grc' dir='ltr'>πνεῦμ’</span> <span class='ocrx_word' id='word_1_296' title='bbox 785 1961 1015 2009; x_wconf 87' lang='grc' dir='ltr'>ἀτονώτερος·</span> <span class='ocrx_word' id='word_1_297' title='bbox 1047 1960 1088 2006; x_wconf 77' lang='grc' dir='ltr'>ἐξ</span> <span class='ocrx_word' id='word_1_298' title='bbox 1106 1960 1154 1998; x_wconf 83' lang='grc' dir='ltr'>ὧν</span> <span class='ocrx_word' id='word_1_299' title='bbox 1174 1960 1392 2009; x_wconf 84' lang='grc' dir='ltr'>ἀμφοτέρων</span> <span class='ocrx_word' id='word_1_300' title='bbox 1411 1959 1608 2008; x_wconf 85' lang='grc' dir='ltr'>συνέβαινε</span> 
     </span>
     <span class='ocr_line' id='line_1_37' title="bbox 277 2013 1608 2066; baseline 0 -16"><span class='ocrx_word' id='word_1_301' title='bbox 277 2013 518 2062; x_wconf 86' lang='grc' dir='ltr'>φαυλοτάτην</span> <span class='ocrx_word' id='word_1_302' title='bbox 537 2014 647 2051; x_wconf 81' lang='grc' dir='ltr'>αὐτὸν</span> <span class='ocrx_word' id='word_1_303' title='bbox 669 2014 737 2062; x_wconf 85' lang='grc' dir='ltr'>τὴν</span> <span class='ocrx_word' id='word_1_304' title='bbox 759 2015 955 2064; x_wconf 88' lang='grc' dir='ltr'>υπόκρισιν</span> <span class='ocrx_word' id='word_1_305' title='bbox 976 2016 1229 2066; x_wconf 88' lang='grc' dir='ltr'>παρεχόμενον</span> <span class='ocrx_word' id='word_1_306' title='bbox 1251 2016 1317 2052; x_wconf 74' lang='grc' dir='ltr'>οὐκ</span> <span class='ocrx_word' id='word_1_307' title='bbox 1342 2013 1544 2062; x_wconf 80' lang='grc' dir='ltr'>εὐδοκιμεῖν</span> <span class='ocrx_word' id='word_1_308' title='bbox 1565 2013 1608 2050; x_wconf 86' lang='grc' dir='ltr'>τὸ</span> 
     </span>
     <span class='ocr_line' id='line_1_38' title="bbox 279 2067 1667 2120; baseline 0.001 -16"><span class='ocrx_word' id='word_1_309' title='bbox 279 2069 354 2105; x_wconf 85' lang='grc' dir='ltr'>κατ’</span> <span class='ocrx_word' id='word_1_310' title='bbox 384 2069 500 2118; x_wconf 79' lang='grc' dir='ltr'>ἀρχὰς</span> <span class='ocrx_word' id='word_1_311' title='bbox 530 2067 588 2105; x_wconf 92' lang='grc' dir='ltr'>ἐπι</span> <span class='ocrx_word' id='word_1_312' title='bbox 616 2069 692 2108; x_wconf 81' lang='grc' dir='ltr'>τοῖς</span> <span class='ocrx_word' id='word_1_313' title='bbox 720 2069 858 2120; x_wconf 88' lang='grc' dir='ltr'>λόγοις.</span> <span class='ocrx_word' id='word_1_314' title='bbox 917 2068 972 2106; x_wconf 83' lang='grc' dir='ltr'>διὸ</span> <span class='ocrx_word' id='word_1_315' title='bbox 1003 2085 1061 2106; x_wconf 90' lang='grc' dir='ltr'>και</span> <span class='ocrx_word' id='word_1_316' title='bbox 1089 2069 1180 2118; x_wconf 84' lang='grc' dir='ltr'>πρὸς</span> <span class='ocrx_word' id='word_1_317' title='bbox 1204 2069 1269 2106; x_wconf 88' lang='grc' dir='ltr'>τὸν</span> <span class='ocrx_word' id='word_1_318' title='bbox 1294 2068 1527 2117; x_wconf 88' lang='grc' dir='ltr'>ἐρωτήσαντα</span> <span class='ocrx_word' id='word_1_319' title='bbox 1552 2067 1612 2105; x_wconf 70' lang='grc' dir='ltr'>ιτί</span> <span class='ocrx_word' id='word_1_320' title='bbox 1628 2077 1667 2108; x_wconf 83' lang='grc'>35</span> 
     </span>
     <span class='ocr_line' id='line_1_39' title="bbox 279 2120 1609 2173; baseline 0.001 -15"><span class='ocrx_word' id='word_1_321' title='bbox 279 2124 358 2158; x_wconf 87' lang='grc' dir='ltr'>ἐστι</span> <span class='ocrx_word' id='word_1_322' title='bbox 387 2123 585 2171; x_wconf 84' lang='grc' dir='ltr'>ῥητορική,-</span> <span class='ocrx_word' id='word_1_323' title='bbox 599 2120 849 2172; x_wconf 82' lang='grc' dir='ltr'>’ἀπεκριναθ’</span> <span class='ocrx_word' id='word_1_324' title='bbox 876 2122 931 2160; x_wconf 82' lang='grc' dir='ltr'>ὅτι</span> <span class='ocrx_word' id='word_1_325' title='bbox 956 2124 1161 2172; x_wconf 88' lang='grc' dir='ltr'>υπόκρισις,</span> <span class='ocrx_word' id='word_1_326' title='bbox 1190 2122 1486 2173; x_wconf 69' lang='grc' dir='ltr'>δυσχεραίνων”’</span> <span class='ocrx_word' id='word_1_327' title='bbox 1465 2138 1520 2159; x_wconf 90' lang='grc' dir='ltr'>οτι</span> <span class='ocrx_word' id='word_1_328' title='bbox 1550 2121 1609 2159; x_wconf 80' lang='grc' dir='ltr'>διὰ</span> 
     </span>
     <span class='ocr_line' id='line_1_40' title="bbox 277 2176 1607 2227; baseline 0.001 -15"><span class='ocrx_word' id='word_1_329' title='bbox 277 2176 414 2224; x_wconf 85' lang='grc' dir='ltr'>ταύτηι</span> <span class='ocrx_word' id='word_1_330' title='bbox 436 2179 507 2214; x_wconf 79' lang='grc' dir='ltr'>τῶν</span> <span class='ocrx_word' id='word_1_331' title='bbox 532 2177 706 2227; x_wconf 82' lang='grc' dir='ltr'>χειρόνων</span> <span class='ocrx_word' id='word_1_332' title='bbox 731 2177 848 2225; x_wconf 82' lang='grc' dir='ltr'>ἥττων</span> <span class='ocrx_word' id='word_1_333' title='bbox 875 2178 1054 2225; x_wconf 85' lang='grc' dir='ltr'>εφαίνετο.</span> <span class='ocrx_word' id='word_1_334' title='bbox 1111 2178 1212 2215; x_wconf 80' lang='grc' dir='ltr'>ἀλλὰ</span> <span class='ocrx_word' id='word_1_335' title='bbox 1242 2177 1300 2214; x_wconf 89' lang='grc' dir='ltr'>καὶ</span> <span class='ocrx_word' id='word_1_336' title='bbox 1327 2179 1441 2215; x_wconf 79' lang='grc' dir='ltr'>ταῦτα</span> <span class='ocrx_word' id='word_1_337' title='bbox 1469 2176 1607 2226; x_wconf 79' lang='grc' dir='ltr'>μελέτῃ</span> 
     </span>
     <span class='ocr_line' id='line_1_41' title="bbox 279 2230 1606 2283; baseline 0 -16"><span class='ocrx_word' id='word_1_338' title='bbox 279 2230 498 2279; x_wconf 89' lang='grc' dir='ltr'>κατώρθωσε</span> <span class='ocrx_word' id='word_1_339' title='bbox 515 2231 574 2267; x_wconf 86' lang='grc' dir='ltr'>καὶ</span> <span class='ocrx_word' id='word_1_340' title='bbox 589 2231 647 2268; x_wconf 82' lang='grc' dir='ltr'>ὅσ’</span> <span class='ocrx_word' id='word_1_341' title='bbox 663 2231 748 2268; x_wconf 75' lang='grc' dir='ltr'>ἄλλ’</span> <span class='ocrx_word' id='word_1_342' title='bbox 769 2233 864 2282; x_wconf 75' lang='grc' dir='ltr'>αὐτῷ</span> <span class='ocrx_word' id='word_1_343' title='bbox 883 2232 974 2280; x_wconf 87' lang='grc' dir='ltr'>πρὸς</span> <span class='ocrx_word' id='word_1_344' title='bbox 994 2231 1232 2283; x_wconf 82' lang='grc' dir='ltr'>δημαγωγίαν</span> <span class='ocrx_word' id='word_1_345' title='bbox 1243 2233 1339 2280; x_wconf 81' lang='grc' dir='ltr'>ὗπῆν</span> <span class='ocrx_word' id='word_1_346' title='bbox 1355 2231 1606 2279; x_wconf 88' lang='grc' dir='ltr'>ἐλαττώματα.</span> 
     </span>
     <span class='ocr_line' id='line_1_42' title="bbox 279 2283 1608 2336; baseline 0 -15"><span class='ocrx_word' id='word_1_347' title='bbox 279 2284 337 2321; x_wconf 82' lang='grc' dir='ltr'>καὶ</span> <span class='ocrx_word' id='word_1_348' title='bbox 360 2286 432 2336; x_wconf 80' lang='grc' dir='ltr'>γὰρ</span> <span class='ocrx_word' id='word_1_349' title='bbox 455 2284 573 2325; x_wconf 82' lang='grc' dir='ltr'>δειλὸς</span> <span class='ocrx_word' id='word_1_350' title='bbox 596 2285 641 2333; x_wconf 76' lang='grc' dir='ltr'>ἢν</span> <span class='ocrx_word' id='word_1_351' title='bbox 659 2285 701 2322; x_wconf 85' lang='grc' dir='ltr'>τὸ</span> <span class='ocrx_word' id='word_1_352' title='bbox 724 2289 869 2334; x_wconf 82' lang='grc' dir='ltr'>πρῶτον</span> <span class='ocrx_word' id='word_1_353' title='bbox 886 2286 977 2334; x_wconf 88' lang='grc' dir='ltr'>πρὸς</span> <span class='ocrx_word' id='word_1_354' title='bbox 1002 2285 1086 2325; x_wconf 84' lang='grc' dir='ltr'>τοὺς</span> <span class='ocrx_word' id='word_1_355' title='bbox 1111 2288 1175 2322; x_wconf 78' lang='grc' dir='ltr'>τοῦ</span> <span class='ocrx_word' id='word_1_356' title='bbox 1199 2285 1315 2334; x_wconf 81' lang='grc' dir='ltr'>δήμου</span> <span class='ocrx_word' id='word_1_357' title='bbox 1340 2284 1521 2333; x_wconf 79' lang='grc' dir='ltr'>θορύβους</span> <span class='ocrx_word' id='word_1_358' title='bbox 1548 2283 1608 2321; x_wconf 80' lang='grc' dir='ltr'>καὶ</span> 
     </span>
     <span class='ocr_line' id='line_1_43' title="bbox 278 2338 1668 2387; baseline -0.001 -12"><span class='ocrx_word' id='word_1_359' title='bbox 278 2339 586 2387; x_wconf 74' lang='grc' dir='ltr'>εὖκατάπληκτος,</span> <span class='ocrx_word' id='word_1_360' title='bbox 625 2339 712 2376; x_wconf 83' lang='grc' dir='ltr'>ὥστ’</span> <span class='ocrx_word' id='word_1_361' title='bbox 750 2340 853 2379; x_wconf 72' lang='grc' dir='ltr'>εὐθὺς</span> <span class='ocrx_word' id='word_1_362' title='bbox 892 2338 1121 2385; x_wconf 81' lang='grc' dir='ltr'>ἐξίστασθαι.</span> <span class='ocrx_word' id='word_1_363' title='bbox 1180 2338 1238 2376; x_wconf 79' lang='grc' dir='ltr'>διὰ</span> <span class='ocrx_word' id='word_1_364' title='bbox 1272 2338 1309 2376; x_wconf 81' lang='grc' dir='ltr'>δὲ</span> <span class='ocrx_word' id='word_1_365' title='bbox 1345 2339 1454 2376; x_wconf 75' lang='grc' dir='ltr'>τοῦτό</span> <span class='ocrx_word' id='word_1_366' title='bbox 1488 2342 1608 2386; x_wconf 87' lang='grc' dir='ltr'>φασιν</span> <span class='ocrx_word' id='word_1_367' title='bbox 1626 2353 1668 2383; x_wconf 90' lang='lat'>40</span> 
     </span>
     <span class='ocr_line' id='line_1_44' title="bbox 277 2391 1607 2445; baseline -0.002 -14"><span class='ocrx_word' id='word_1_368' title='bbox 277 2393 387 2431; x_wconf 76' lang='grc' dir='ltr'>αὐτὸν</span> <span class='ocrx_word' id='word_1_369' title='bbox 418 2394 551 2442; x_wconf 83' lang='grc' dir='ltr'>ἅνεμον</span> <span class='ocrx_word' id='word_1_370' title='bbox 581 2392 756 2445; x_wconf 78' lang='grc' dir='ltr'>ῥαγδαῖον</span> <span class='ocrx_word' id='word_1_371' title='bbox 785 2395 964 2443; x_wconf 74' lang='grc' dir='ltr'>τηροῦντα</span> <span class='ocrx_word' id='word_1_372' title='bbox 1000 2393 1058 2430; x_wconf 86' lang='grc' dir='ltr'>καὶ</span> <span class='ocrx_word' id='word_1_373' title='bbox 1093 2393 1305 2441; x_wconf 88' lang='grc' dir='ltr'>κινουμένην</span> <span class='ocrx_word' id='word_1_374' title='bbox 1336 2391 1508 2441; x_wconf 79' lang='grc' dir='ltr'>σφοδρῶς</span> <span class='ocrx_word' id='word_1_375' title='bbox 1540 2392 1607 2440; x_wconf 82' lang='grc' dir='ltr'>τὴν</span> 
     </span>
    </p>
   </div>
  </div>
 </body>
</html>
