1763 2828
151 139 238 193 [84]

191 323 234 358 32

187 987 230 1022 33

149 1106 231 1161 [85]

184 1596 229 1631 34

182 1928 225 1964 35

676 135 1191 191 [ΔΗΜΟΣΘΕΝΟΎΣ]
1518 139 1592 192 [vn

267 242 339 293 τὴν
361 242 550 295 ὑμετέραν
575 242 732 295 εἰρήνην
756 243 948 297 ὑπάρχειν
975 245 1184 295 σωτηρίαν,
1212 245 1275 285 καὶ
1304 248 1356 299 τῷ
1380 247 1465 286 ὅντι
1489 244 1591 297 εἰρή-

265 325 337 359 νην
361 309 473 362 ἄγειν
496 310 597 361 ἡμᾶς
626 310 913 361 καταθεμένους
938 312 985 350 τὰ
1009 312 1128 356 ὅπλα,
1155 314 1268 351 τοῦτο
1291 313 1334 352 δὲ
1357 311 1402 352 τὸ
1427 312 1592 363 ἐπανόρ-

266 378 377 427 θωμα
401 377 606 429 ὁμολογῶν
631 378 674 418 ἐν
698 383 745 434 τῇ
769 378 977 434 ἐπιστολῇ,
999 377 1050 419 ὡς
1075 377 1246 424 ἀκούετε,
1273 378 1422 419 δίκαιόν
1441 377 1475 418 τ’
1494 377 1595 419 εἶναι

266 444 329 484 καὶ
353 442 553 497 δέχεσθαι,
577 444 757 495 Φεραίων
781 446 853 495 μὲν
873 442 1072 500 ἀφῄρηται
1096 444 1167 494 τὴν
1187 445 1306 485 πόλιν
1332 445 1394 486 καὶ
1419 446 1595 497 φρουρὰν

265 511 308 551 ἐν
331 511 377 566 τῇ
403 511 618 561 ἀκροπόλει
646 510 907 561 κατέστησεν,
933 513 998 552 ἵνα
1021 510 1067 562 δὴ
1095 511 1303 562 αὐτόνομοι
1332 509 1444 558 ὦσιν,
1471 513 1536 552 ἐπὶ
1559 511 1593 552 δ’
1614 530 1633 562 5

263 575 514 629 Ἀμβρακίαν
539 577 805 629 στρατεύεται,
833 579 902 620 τὰς
931 577 963 618 δ’
990 579 1033 619 ἐν
1059 579 1287 632 Κασσωπίᾳ
1314 581 1416 630 τρεῖς
1444 578 1592 626 πόλεις,

265 645 498 685 Πανδοσίαν
530 645 591 685 καὶ
625 645 804 698 Βούχετα
842 644 905 685 καὶ
933 644 1157 692 Ἐλάτειαν,
1191 645 1367 686 Ἠλείων
1399 645 1593 693 ἀποικίας,

266 710 515 752 κατακαύσας
539 711 611 762 τὴν
630 712 763 765 χώραν
784 712 846 752 καὶ
872 713 926 755 εἰς
950 713 1019 754 τὰς
1044 713 1181 754 πόλεις
1200 711 1448 763 βιασάμενος
1472 711 1592 764 παρέ-

263 779 387 818 δωκεν
406 777 655 833 Ἀλεξάνδρῳ
676 782 728 833 τῷ
751 779 919 834 κηδεστῇ
937 782 989 833 τῷ
1010 781 1148 819 ἑαυτοῦ
1169 779 1380 820 δουλεύειν.
1435 779 1595 831 σφόδρα

262 860 309 895 γε
333 844 525 894 βούλεται
548 844 638 886 τοὺς
655 844 863 895 ’Έλληνας
887 845 1116 897 ἐλευθέρους
1142 845 1241 886 εἶναι
1262 846 1324 886 καὶ
1343 845 1592 896 αὐτονόμους,
1617 861 1657 885 ιο

263 909 314 952 ὡς
338 912 455 961 δηλοῖ
475 912 524 951 τὰ
548 911 657 964 ἔργα.

330 978 431 1029 Περὶ
455 979 497 1018 δὲ
516 981 594 1018 τῶν
613 977 878 1031 ὑποσχέσεων
897 979 951 1019 ὧν
969 979 1060 1029 ὑμῖν
1080 981 1254 1020 διατελεῖ
1276 978 1594 1032 ὑπισχνούμενος

263 1043 313 1085 ὡς
331 1043 489 1096 μεγάλα
506 1045 605 1095 ὑμᾶς
624 1043 906 1097 εὐεργετήσων,
926 1045 1251 1097 καταψεύδεσθαί
1265 1044 1314 1096 μέ
1332 1049 1458 1096 φησιν
1478 1044 1596 1086 αὐτοῦ

262 1110 540 1161 διαβάλλοντα
568 1111 665 1164 πρὸς
693 1112 782 1153 τοὺς
805 1110 1024 1164 *Έλληνας
1072 1112 1184 1153 οὐδὲν
1213 1113 1287 1164 γὰρ
1314 1112 1404 1162 ὑμῖν
1435 1111 1595 1153 πώποτέ

263 1182 389 1229 φησιν
424 1179 693 1232 ὑπεσχῆσθαι.
766 1180 888 1221 οὕτως
923 1177 1083 1229 ἀναιδής
1120 1180 1231 1220 ἐστιν
1263 1180 1284 1219 ὁ
1321 1179 1363 1219 ἐν
1398 1179 1593 1235 ἐπιστολῇ
1616 1194 1654 1227 15

261 1246 486 1298 γεγραφώς,
511 1246 537 1296 ἤ
566 1247 654 1286 ἐστι
683 1249 751 1286 νῦν
781 1247 823 1286 ἐν
854 1249 905 1300 τῷ
936 1247 1220 1300 βουλευτηρίῳ,
1251 1244 1316 1286 ὅσ’
1346 1246 1594 1296 ἐπιστομιεῖν

260 1311 374 1362 ἡμᾶς,
402 1312 493 1365 ἔφη,
520 1312 611 1355 τοὺς
641 1313 743 1368 αὐτῷ
773 1312 1066 1364 ἀντιλέγοντας,
1099 1314 1167 1353 ἐὰν
1196 1313 1219 1363 ἡ
1254 1310 1385 1364 εἰρήνη
1416 1311 1590 1363 γένηται,

260 1382 434 1419 τοσαῦτα
461 1380 560 1429 ὑμᾶς
588 1380 718 1432 ἀγαθὰ
752 1378 948 1430 ποιήσειν·
989 1379 1013 1420 ἃ
1045 1379 1214 1432 γράφειν
1246 1378 1293 1419 ἂν
1326 1378 1411 1429 ἤδη,
1446 1379 1482 1419 εἰ
1507 1377 1593 1434 ᾔδει

259 1444 330 1495 τὴν
350 1445 508 1498 εἰρήνην
527 1446 735 1498 ἐσομένην,
763 1448 885 1496 δῆλον
911 1446 961 1488 ὡς
986 1445 1374 1499 προκεχειρισμένων
1401 1445 1463 1486 καὶ
1489 1447 1590 1486 ἑτοί-

259 1529 342 1562 μων
367 1514 493 1554 ὄντων
517 1517 594 1554 τῶν
620 1514 790 1565 ἀγαθῶν,
812 1513 836 1553 ἃ
861 1512 1082 1563 ἐμέλλομεν
1108 1514 1319 1553 πείσεσθαι
1343 1514 1412 1562 τῆς
1438 1511 1593 1564 εἰρήνης
1615 1527 1655 1550 20

259 1578 486 1631 γενομένης.
557 1579 772 1632 γενομένης
805 1582 847 1621 δὲ
879 1581 947 1630 τῆς
983 1578 1149 1631 εἰρήνης,
1182 1580 1206 1620 ἃ
1233 1582 1305 1630 μὲν
1333 1579 1444 1630 ἡμεῖς
1473 1578 1589 1629 ἐμέλ-

257 1651 381 1697 λομεν
406 1647 535 1699 ἀγαθὰ
561 1648 785 1693 πείσεσθαι,
807 1647 983 1687 ἐκποδών
1003 1647 1101 1694 ἐστι,
1124 1648 1254 1699 φθορὰ
1279 1648 1320 1687 δὲ
1344 1649 1422 1687 τῶν
1439 1645 1588 1696 Ἑλλή-

258 1730 337 1754 νων
361 1714 533 1764 τοσαύτη
563 1713 728 1766 γέγονεν
755 1714 856 1764 ὅσην
883 1715 991 1764 ὑμεῖς
1020 1715 1120 1754 ἴστε.
1192 1715 1283 1764 ὑμῖν
1313 1712 1346 1753 δ’
1376 1714 1418 1753 ἐν
1447 1713 1494 1769 τῇ
1523 1716 1591 1753 νῦν

258 1781 452 1837 ἐπιστολῇ
482 1782 748 1834 ὑπισχνεῖται,
780 1782 848 1822 ἐὰν
878 1784 959 1823 τοῖς
987 1783 1059 1832 μὲν
1088 1781 1205 1821 αὑτοῦ
1234 1781 1370 1833 φίλοις
1403 1780 1465 1820 καὶ
1494 1780 1590 1831 ὑπὲρ

258 1847 375 1888 αὐτοῦ
397 1847 563 1899 λέγουσι
590 1848 814 1899 πιστεύητε,
841 1848 942 1899 ἡμᾶς
967 1850 1009 1889 δὲ
1033 1847 1123 1890 τοὺς
1146 1847 1442 1898 διαβάλλοντας
1472 1846 1590 1887 αὐτὸν
1612 1861 1650 1894 25

258 1915 354 1967 πρὸς
378 1915 476 1966 ὑμᾶς
500 1914 793 1967 τιμωρήσησθε,
817 1915 867 1957 ὡς
891 1915 1048 1967 μεγάλα
1068 1913 1331 1967 εὐεργετήσει.
1389 1915 1437 1954 τὰ
1454 1912 1590 1964 μέντοι

258 1980 546 2034 εὐεργετήματα
564 1986 722 2023 τοιαῦτα
741 1982 867 2023 ἔσται·
906 1983 994 2023 οὔτε
1019 1983 1066 2022 τὰ
1090 1981 1257 2034 ὑμέτερα
1280 1982 1370 2032 ὑμῖν
1389 1980 1590 2022 ἀποδώσει

255 2047 387 2099 (αὑτοῦ
419 2048 494 2101 γάρ
528 2054 655 2102 φησιν
687 2047 812 2099 εἶναι),
847 2049 927 2089 οὔτ’
959 2050 1001 2089 ἐν
1030 2049 1075 2105 τῇ
1112 2048 1319 2104 οἰκουμένῃ
1356 2049 1395 2088 αἱ
1431 2047 1589 2099 δωρειαὶ

257 2114 430 2162 ἔσονται,
463 2116 526 2156 ἵνα
557 2116 610 2167 μὴ
641 2116 840 2172 διαβληθῇ
869 2115 965 2168 πρὸς
995 2116 1084 2158 τοὺς
1108 2114 1328 2166 ’Έλληνας,
1361 2113 1453 2155 ἀλλ’
1483 2113 1587 2164 ἄλλη

301 2235 317 2263 7
342 2225 490 2265 Βούχετα
508 2225 762 2266 Harpocration
779 2237 785 2256 ι
810 2225 979 2265 Βούχεταν
996 2225 1092 2256 codd.
1197 2222 1381 2264 Ἐλάτειαν]
1398 2222 1588 2265 Ἐλᾶτρειαν

256 2269 509 2308 Harpocration
701 2271 741 2300 16
772 2269 822 2301 30’
847 2268 1039 2299 Tournier:
1070 2268 1119 2300 ὅτ’
1145 2268 1243 2299 codd.
1437 2267 1476 2297 18
1508 2269 1586 2306 ὑμᾶς

255 2313 358 2353 ἀγαθὰ
399 2313 483 2344 SL:
525 2314 627 2354 ἀγαθὰ
666 2313 746 2353 ἡμᾶς
784 2312 873 2351 vulg.
1051 2321 1089 2341 21
1131 2311 1315 2351 ἐμέλλομεν
1353 2309 1468 2349 vulg.:
1504 2310 1586 2349 μέλ-

255 2363 355 2395 λομεν
388 2355 450 2386 SL
481 2356 544 2388 soli
721 2366 762 2393 24
802 2357 898 2388 αὑτοῦ
929 2355 1005 2386 edd.
1041 2354 1174 2386 Turic.:
1216 2355 1330 2386 ἑαυτοῦ
1363 2353 1449 2384 SL:
1489 2355 1587 2385 αὐτοῦ

255 2403 331 2430 cett.
