1731 2844
189 111 279 166 vm]
397 115 540 153 ΠΕΡΙ
588 116 716 153 ΤΩΝ
767 115 843 153 EN
893 115 1296 154 ΧΕΡΡΟΝΗΣΩΙ
1535 115 1624 171 [98]

188 220 249 260 καὶ
287 217 430 261 πάντα,
450 222 498 260 τὰ
535 220 701 267 τοιαυτί;
720 217 729 232 ’
781 217 928 272 ἀνάγκη
970 217 1142 271 φάσκειν
1181 219 1241 259 καὶ
1279 219 1502 272 ὁμολογεῖν·

186 289 371 336 ποιοῦμεν
403 288 477 339 γὰρ
506 288 639 327 ταῦτα.
712 284 819 332 ίεἶτ’,
850 283 879 325 ὦ
911 284 1070 326 πάντων
1103 285 1318 337 ἀνθρώπων
1351 287 1501 337 φαυλό-

186 368 308 399 τατοι,
343 351 436 393 δέκα
464 354 590 404 μῆνας
622 350 913 404 ἀπογενομένου
946 351 1175 403 τάνθρώπου
1209 351 1271 391 καὶ
1303 352 1408 406 νόσῳ
1442 353 1504 393 καὶ

185 421 350 472 χειμῶνι
379 420 440 460 καὶ
470 417 657 470 πολέμοις
688 417 990 470 ἀποληφθέντος
1020 418 1124 459 ὥστε
1151 417 1203 468 μὴ
1234 417 1281 458 ἂν
1311 418 1503 458 δύνασθαι

149 501 166 533 5
186 487 418 526 ἐπανελθεῖν
454 487 594 531 οἴκαδε,
628 485 715 525 οὔτε
750 484 821 534 τὴν
859 484 1036 535 Εὔβοιαν
1071 483 1382 536 ἠλευθερώσατε,
1417 484 1504 525 οὕτε
1534 490 1578 534 36

185 555 263 592 τῶν
294 550 488 603 ὑμετέρων
524 550 650 591 αὐτῶν
686 550 798 591 οὐδὲν
834 551 1087 601 ἐκομίσασθε,
1123 550 1215 591 ἀλλ’
1251 552 1396 592 ἐκεῖνος
1431 553 1503 602 μὲν

185 619 291 668 ὑμῶν
319 619 416 658 οἵκοι
447 617 657 668 μενόντων,
690 616 846 670 σχολὴν
874 617 1063 669 ἀγόντων,
1094 617 1351 669 ὑγιαινόντων
1378 615 1428 669 (εἰ
1457 617 1502 667 δὴ

184 684 274 725 τοὺς
292 684 340 723 τὰ
358 687 514 723 τοιαῦτα
535 687 741 725 ποιοῦντας
760 684 948 735 ὑγιαίνειν
969 680 1196 736 φήσαιμεν),
1215 683 1276 723 δύ’
1291 684 1333 724 ἐν
1350 684 1503 738 Εὐβοίᾳ
1533 686 1627 741 [99]

186 749 405 800 κατέστησε
435 749 656 802 τυράννους,
684 749 752 790 τὸν
781 752 852 801 μὲν
878 750 1090 802 ἀπαντικρὺ
1116 751 1183 799 τῆς
1208 749 1388 800 Ἀττικῆς
1418 751 1500 791 ἐπι-

128 829 165 853 10
183 816 374 869 τειχίσας,
395 815 462 856 τὸν
481 816 514 856 δ’
535 817 598 856 ἐπὶ
619 817 798 862 Σκίαθον,
819 817 927 867 ὑμεῖς
948 815 979 856 δ’
999 816 1087 856 οὐδὲ
1106 815 1211 855 ταῦτ’
1232 816 1501 863 ἀπελύσασθε,
1534 828 1577 864 37

185 883 218 923 εἰ
241 884 362 933 μηδὲν
387 882 477 922 ἄλλ’
498 883 731 933 ἐβούλεσθε,
754 882 845 923 ἀλλ’
867 882 1039 928 εἰάκατε;
1077 881 1280 934 ἀφέστατε
1306 884 1426 932 δῆλον
1444 884 1505 923 ὅτι

184 949 299 1002 αὐτῷ,
326 949 389 989 καὶ
414 949 586 1001 φανερὸν
610 948 846 999 πεποιήκατε
871 950 930 988 ὅτι
955 948 1034 988 οὐδ’
1060 947 1108 989 ἂν
1133 948 1286 990 δεκάκις
1311 948 1502 1005 ἀποθάνῃ,

183 1015 295 1055 οὐδὲν
313 1018 469 1065 μᾶλλον
489 1014 714 1066 κινήσεσθε.
767 1016 807 1056 τί
824 1015 890 1056 οὖν
909 1015 1153 1067 πρεσβεύετε
1174 1015 1235 1055 καὶ
1256 1018 1505 1068 κατηγορεῖτε

186 1082 247 1121 καὶ
272 1080 468 1133 πράγμαθ’
489 1082 581 1133 ἡμῖν
606 1082 817 1135 παρέχετε;
835 1081 844 1095 '
880 1081 928 1122 ἂν
948 1085 1067 1121 ταῦτα
1090 1080 1253 1134 λέγωσι,
1281 1083 1322 1122 τί
1342 1083 1504 1134 ἐροῦμεν

127 1160 162 1192 15
183 1144 206 1198 ἦ
231 1149 272 1188 τί
293 1147 487 1200 φήσομεν,
516 1148 739 1199 Ἀθηναῖοις
778 1149 856 1201 ἐγὼ
880 1150 953 1199 μὲν
976 1149 1051 1200 γὰρ
1077 1147 1150 1200 οὐχ
1175 1149 1264 1200 ὁρῶ.

251 1215 344 1255 Εἰσὶ
369 1216 499 1255 τοίνυν
523 1217 624 1257 τινὲς
650 1215 686 1255 οἳ
710 1215 790 1254 τότ’
811 1213 1038 1267 ἐξελέγχειν
1057 1214 1126 1254 τὸν
1145 1213 1321 1266 παριόντ’
1342 1215 1501 1261 οἴονται,
1534 1215 1577 1259 38

184 1281 341 1321 ἐπειδὰν
375 1280 605 1333 ἐρωτήσωσι
641 1282 706 1321 ίτί
737 1281 805 1321 οὖν
837 1280 912 1334 χρὴ
946 1283 1091 1327 ποιεῖν,·
1110 1279 1119 1293 ’
1157 1281 1215 1322 οῖς
1247 1281 1324 1333 ἐγὼ
1356 1282 1428 1332 μὲν
1460 1280 1504 1321 τὸ

183 1347 427 1388 δικαιό·.·ατον
457 1349 518 1388 καὶ
548 1347 821 1398 ἀληθέστατον
849 1346 953 1387 τοῦτ’
983 1347 1274 1399 ἀποκρινοῦμαι,
1304 1349 1424 1388 ταῦτα
1450 1347 1503 1398 μὴ

182 1417 308 1455 ποιεῖν
333 1415 356 1454 ἃ
381 1414 464 1455 νυνὶ
484 1417 642 1460 ποιεῖτε,
664 1414 708 1453 οὐ
732 1413 808 1465 μὴν
828 1414 933 1454 ἀλλὰ
953 1414 1014 1454 καὶ
1042 1412 1124 1453 καθ’
1144 1413 1311 1454 ἕκαστον
1331 1413 1504 1466 ἀκριβῶς

123 1498 162 1520 20
182 1481 267 1532 ἐρῶ.
329 1482 389 1521 καὶ
414 1480 532 1528 ὅπως,
555 1482 689 1533 ὥσπερ
714 1482 890 1532 ἐρωτῶσι
915 1479 1134 1533 προθύμως,
1163 1480 1262 1520 οὕτω
1290 1480 1351 1520 καὶ
1376 1483 1503 1521 ποιεῖν

182 1546 455 1597 ἐθελήσουσιν.
527 1551 680 1600 πρῶτον
705 1547 790 1598 μέν,
818 1545 846 1587 ὦ
872 1546 1009 1599 ἄνδρες
1034 1545 1247 1597 Ἀθηναῖοι,
1275 1550 1388 1587 τοῦτο
1413 1546 1502 1599 παρ’
1534 1559 1578 1595 39

179 1614 268 1665 ὑμῖν
287 1613 417 1656 αὐτοῖς
441 1615 621 1665 βεβαίως
640 1617 799 1667 γνῶναι,
820 1614 879 1654 ὅτι
904 1619 950 1670 τῇ
975 1613 1091 1654 πόλει
1111 1613 1312 1655 Φίλιππος
1338 1617 1507 1665 πολεμεῖ

181 1680 242 1720 καὶ
270 1679 340 1731 τὴν
371 1679 526 1732 εἰρήνην
554 1679 722 1722 λέλυκεν
749 1680 827 1732 (καὶ
857 1681 1066 1721 παύσασθε
1097 1680 1185 1732 περὶ
1218 1679 1354 1720 τούτου
1386 1697 1499 1731 κατη-

178 1751 386 1799 γοροῦντες
415 1746 618 1797 ἀλλήλων)
644 1747 705 1787 καὶ
738 1748 923 1789 κακόνους
951 1747 1023 1798 μέν
1053 1748 1140 1787 ἐστι
1170 1746 1230 1787 καὶ
1259 1746 1400 1801 ἐχθρὸς
1427 1748 1500 1803 ὅλῃ

121 1830 158 1862 ²5
177 1819 224 1871 τῇ
249 1814 364 1854 πόλει
393 1814 454 1854 καὶ
478 1818 531 1869 τῷ
555 1816 623 1864 τῆς
652 1815 806 1856 πόλεως
834 1814 986 1867 ἐδάφει,
1014 1813 1232 1866 προσθήσω
1263 1816 1305 1855 δὲ
1335 1814 1396 1854 καὶ
1421 1817 1501 1856 τοῖς
1531 1825 1577 1857 40

178 1881 220 1920 ἐν
239 1881 285 1936 τῇ
304 1882 419 1921 πόλει
438 1883 560 1922 πᾶσιν
580 1882 810 1933 ἀνθρώποις,
829 1880 890 1921 καὶ
910 1884 990 1922 τοῖς
1009 1880 1172 1932 μάλιστ’
1189 1880 1379 1933 οἰομένοις
1398 1880 1499 1935 αὐτῷ

220 2002 239 2030 4
265 1991 504 2033 ἀποληφθέντος
524 1992 546 2021 S
564 2002 651 2023 corr.
668 2004 672 2023 :
700 1991 951 2033 ἀπολειφθέντος
969 1991 1005 2023 S¹
1020 1992 1045 2022 L
1060 1991 1160 2022 Vind.
1185 2001 1197 2021 1
1289 1991 1332 2030 μὴ
1350 1990 1402 2030 ἂν]
1423 1991 1498 2020 sort.

176 2034 248 2075 μηδ’
267 2037 305 2068 ἂν
321 2035 462 2066 Voemel
622 2036 684 2074 7-8
708 2037 746 2074 δὴ
764 2059 770 2066 .
793 2059 799 2066 .
822 2060 828 2066 .
848 2035 1010 2076 φήσαιμεν
1028 2035 1204 2066 Normann
1222 2033 1294 2065 coll.
1312 2033 1448 2066 Aristid.
1467 2034 1499 2064 ix

178 2087 208 2118 p.
228 2078 370 2118 360W:
404 2080 442 2117 δὴ
469 2104 474 2110 .
495 2103 502 2110 .
524 2103 530 2109 .
556 2079 694 2119 φήσαιεν
719 2079 742 2109 S
757 2079 792 2109 L¹
818 2079 905 2109 soli:
937 2082 987 2111 δεῖ
1008 2102 1014 2110 .
1036 2103 1042 2110 .
1064 2104 1070 2111 ,
1097 2081 1198 2119 φῆσαι
1223 2077 1332 2117 vulg:
1367 2079 1415 2109 δεῖ
1439 2101 1445 2108 .
1464 2101 1470 2108 .

178 2122 315 2163 φήσαιεν
331 2123 429 2154 Vind.
450 2132 479 2161 3.
500 2133 519 2160 4
671 2132 709 2153 10
732 2122 865 2156 Σκιάθου
885 2123 907 2152 S
922 2122 967 2152 L:
994 2122 1116 2163 Σκιάθῳ
1134 2122 1223 2160 vulg.
1385 2129 1420 2151 11
1448 2122 1499 2152 καὶ

177 2170 254 2196 ante
272 2167 436 2208 ἀφέστατε
452 2166 526 2196 add.
547 2165 635 2205 vulg.
655 2177 662 2197 :
686 2175 750 2198 om.
770 2166 793 2197 S
807 2166 832 2196 L
850 2166 911 2196 soli
1059 2175 1097 2205 13
1121 2168 1207 2205 ὑμεῖς
1223 2178 1263 2206 γε
1280 2169 1356 2204 post
1371 2166 1500 2204 μᾶλλον

177 2209 251 2241 add.
268 2209 357 2248 vulg.
377 2220 382 2239 :
408 2220 471 2241 om.
494 2209 517 2239 S
531 2209 610 2239 L¹A
762 2209 959 2251 πρεσβεύετε
987 2209 1009 2239 S
1023 2209 1060 2239 L¹
1078 2209 1177 2239 Vind.
1202 2218 1215 2239 1
1237 2207 1266 2238 O
1293 2207 1348 2249 (cs.
1369 2207 1423 2238 xvi
1444 2208 1473 2247 1)
1492 2219 1499 2238 z

177 2253 393 2293 πρεσβεύεσθε
412 2252 500 2292 vulg.
681 2262 719 2291 15
743 2252 765 2284 ὦ
789 2254 899 2294 ἄνδρες
922 2258 1001 2283 ante
1019 2253 1177 2290 Ἀθηναῖοι
1201 2251 1273 2283 add.
1295 2250 1405 2291 vulg:
1429 2261 1493 2281 om.

180 2295 203 2326 S
217 2295 241 2326 L
370 2306 405 2334 17
432 2294 632 2338 ἐρωτήσωσι]
654 2296 799 2338 ἐρωτήσῃ
819 2296 842 2326 S
856 2296 893 2326 1⁴¹
1020 2305 1057 2325 21
1086 2296 1296 2333 ἐθελήσουσιν
1315 2294 1337 2325 S
1352 2295 1390 2325 L¹
1403 2293 1475 2324 AY
1491 2306 1495 2324 :

180 2340 376 2377 ἐθελήσωσιν
406 2340 494 2378 vulg.
681 2348 722 2378 23
754 2339 934 2380 παύσασθε]
963 2338 1144 2371 παύσασθαι
1171 2338 1212 2368 Α“
1245 2337 1389 2378 Dobree,
1420 2346 1497 2368 mox

179 2385 434 2424 κατηγοροῦντας
451 2383 558 2413 Cobet
