1731 2844
179 134 220 189 x]
531 138 689 175 ΚΑΤΑ
739 137 1054 175 ΦΙΛΙΠΠΟΎ
1104 139 1138 174 Δ
1527 139 1628 192 [137]

177 245 244 282 τοῦ
273 245 388 281 πλεῖν
415 241 569 282 ἄλλοσε
598 237 621 290 ἢ
651 239 836 292 πράττειν
860 239 964 279 ἄλλο
992 255 1029 279 τι
1058 243 1111 294 τῷ
1142 244 1349 294 στρατηγῷ
1379 257 1492 281 κατα-

174 308 340 348 λείπειν.
399 307 447 347 ἂν
471 308 569 347 οὕτω
594 305 786 357 ποιήσητε
812 305 874 346 καὶ
898 305 1000 345 τοῦτ’
1021 304 1230 356 ἐθελήσηθ’
1251 305 1301 347 ὡς
1326 307 1494 356 ἀληθῶς,
1526 324 1569 360 23

175 374 287 426 ἄγειν
317 372 472 426 εἰρήνην
502 374 654 414 δικαίαν
688 372 748 413 καὶ
782 371 915 423 μένειν
945 372 1009 412 ἐπὶ
1041 375 1110 411 τοῦ
1140 372 1262 413 τόπου
1292 373 1496 414 Φίλιππον

176 439 434 493 ἀναγκάσετε,
453 437 476 490 ἢ
497 438 736 490 πολεμήσετ’
757 436 803 488 ἐξ
818 440 920 479 ἴσου·
959 439 1020 478 καὶ
1040 439 1136 480 ἴσως
1155 437 1215 484 ἄν,
1233 439 1343 484 ἴσως,
1360 438 1495 491 ὥσπερ

136 519 154 551 5
176 510 244 547 νῦν
267 508 374 558 ὑμεῖς
399 505 645 547 πυνθάνεσθε
673 505 714 545 τί
736 509 842 545 ποιεῖ
865 506 1068 546 Φίλιππος
1099 505 1161 544 καὶ
1185 509 1255 544 ποῖ
1277 506 1492 557 πορεύεται,

175 574 297 615 οὕτως
320 572 369 613 ἂν
393 574 541 614 ἐκεῖνος
561 572 775 624 φροντίσαι
800 575 870 612 ποῖ
893 570 981 612 ποθ’
1001 571 1023 622 ἡ
1049 573 1117 622 τῆς
1140 572 1296 614 πόλεως
1321 572 1495 624 ἀπῆρκεν

173 639 268 679 δύνα
301 656 333 681 ις
358 639 419 679 καὶ
444 642 519 679 ποῦ
543 637 778 690 φανήσεται.

241 706 290 745 Εἰ
321 704 364 745 δέ
395 722 447 759 τῳ
481 707 588 745 δοκεῖ
616 708 737 745 ταῦτα
772 704 833 744 καὶ
869 704 1045 755 δαπάνης
1075 706 1229 754 πολλῆς
1267 705 1328 744 καὶ
1362 704 1494 745 πόνων
1525 719 1570 753 24

173 775 335 812 πολλῶν
361 772 422 812 καὶ
453 771 719 824 πραγματείας
749 771 860 817 εἶναι,
889 772 951 812 καὶ
979 770 1072 822 μάλ’
1097 772 1221 823 ὀρθῶς
1250 774 1366 811 δοκεῖ·
1403 770 1493 810 ἀλλ’

113 850 153 874 10
172 839 240 878 ἐὰν
274 839 487 890 λογίσηται
523 839 570 878 τὰ
606 844 653 895 τῇ
689 838 804 879 πόλει
839 839 936 888 μετὰ
971 841 1092 877 ταῦτα
1127 837 1390 889 γενησόμενα,
1425 838 1494 877 ἐὰν

170 907 290 944 ταῦτα
312 904 364 955 μὴ
385 903 504 961 ἐθέλῃ
524 908 663 950 ποιεῖν,
686 902 843 955 εὑρήσει
867 907 1105 944 λυσιτελοῦν
1123 903 1168 943 τὸ
1188 904 1349 944 ἑκόντας
1367 906 1495 944 ποιεῖν

169 972 218 1010 τὰ
250 970 400 1011 δέοντα.
471 971 504 1011 εἷ
535 973 608 1021 μὲν
639 970 714 1022 γάρ
748 970 838 1010 ἐστί
867 986 925 1012 τις
958 969 1151 1022 ἐγγυητὴς
1180 970 1270 1020 ὑμῖν
1303 971 1403 1009 θεῶν
1434 968 1494 1022 (οὐ

171 1038 246 1089 γὰρ
278 1037 494 1089 ἀνθρώπων
526 1036 563 1089 γ’
596 1036 721 1078 οὐδεὶς
753 1036 801 1077 ἂν
832 1035 977 1089 γένοιτ’
1011 1035 1226 1089 ἀξιόχρεως
1261 1036 1493 1086 τηλικούτου

171 1101 414 1155 πράγματος)
446 1103 510 1149 ὡς,
549 1104 616 1143 ἐὰν
651 1102 765 1155 ἄγηθ’
800 1102 976 1156 ἡσυχίαν
1013 1103 1075 1143 καὶ
1111 1102 1265 1143 ἅπαντα
1299 1104 1489 1153 προῆσθε,
1524 1103 1629 1159 [138]

113 1185 150 1218 15
171 1170 239 1210 οὐκ
266 1169 326 1210 ἐπ’
351 1170 490 1212 αὐτοὺς
518 1170 616 1220 ὑμᾶς
639 1172 832 1210 τελευτῶν
857 1171 1006 1211 ἐκεῖνος
1030 1168 1129 1220 ἥξει,
1157 1168 1325 1222 αἰσχρὸν
1348 1170 1421 1219 μὲν
1445 1168 1491 1218 νὴ
1522 1183 1565 1220 25

171 1235 238 1276 τὸν
265 1237 343 1277 Δία
368 1236 430 1276 καὶ
455 1235 604 1277 πάντας
630 1236 741 1278 θεοὺς
770 1235 832 1276 καὶ
861 1234 1022 1286 ἀνάξιον
1046 1237 1154 1287 ὑμῶν
1182 1235 1244 1275 καὶ
1268 1238 1346 1275 τῶν
1368 1235 1490 1287 ὑπαρ-

170 1302 324 1355 χόντων
348 1303 393 1358 τῇ
419 1303 534 1343 πόλει
561 1303 623 1342 καὶ
642 1301 928 1354 πεπραγμένων
952 1305 1033 1344 τοῖς
1058 1302 1280 1354 προγόνοις,
1301 1303 1370 1351 τῆς
1395 1302 1494 1343 ἰδίας

168 1369 358 1422 ῥᾳθυμίας
382 1369 496 1409 ἕνεκα
520 1368 609 1411 τοὺς
634 1368 781 1410 ἄλλους
805 1367 980 1410 ἅπαντας
999 1367 1206 1418 ’Έλληνας
1233 1369 1288 1410 εἷς
1311 1369 1493 1408 δουλείαν

169 1434 376 1487 προέσθαι,
398 1435 459 1475 καὶ
485 1434 751 1495 ἔγωγεύαύτὸς
775 1437 848 1486 μὲν
872 1434 1057 1476 τεθνάναι
1080 1437 1238 1485 μᾶλλον
1263 1433 1311 1475 ἂν
1335 1431 1358 1484 ἢ
1384 1433 1492 1474 ταῦτ’

112 1518 151 1540 20
170 1501 363 1554 εἰρηκέναι
393 1489 710 1554 βουλοίμηψίού
741 1501 819 1552 μὴν
851 1501 942 1542 ἀλλ’
973 1503 1010 1543 εἴ
1039 1518 1097 1544 τις
1129 1500 1254 1543 ἄλλος
1284 1500 1396 1553 λέγει
1430 1501 1492 1541 καὶ
1522 1509 1568 1544 26

168 1569 267 1619 ὑμᾶς
294 1570 434 1619 πείθει,
465 1556 663 1620 ἕστωῘῖὴ
698 1569 907 1620 ἀμύνεσθε,
943 1567 1098 1610 ἅπαντα
1127 1568 1312 1620 πρόεσθε.
1384 1568 1418 1608 εἶ
1450 1569 1492 1608 δὲ

168 1636 305 1686 μηδενὶ
339 1640 452 1676 τοῦτο
487 1639 605 1681 δοκεῖ,
639 1635 868 1676 τούναντίον
905 1637 947 1676 δὲ
982 1636 1177 1687 πρόϊσμεν
1210 1634 1380 1676 ἅπαντες
1415 1635 1488 1680 ὅτι,

169 1703 251 1756 ὅσῳ
277 1701 326 1742 ἂν
343 1703 540 1743 πλειόνων
559 1702 739 1753 ἐάσωμεν
766 1703 917 1743 ἐκεῖνον
935 1701 1125 1754 γενέσθαι
1150 1702 1294 1754 κύριον,
1314 1701 1490 1755 τοσούτῳ

168 1768 431 1824 χαλεπωτέρῳ
459 1770 519 1810 καὶ
550 1768 790 1824 ἰσχυροτέρῳ
816 1768 1034 1822 χρησόμεθ’
1060 1769 1202 1823 ἐχθρῷ,
1228 1771 1299 1809 ποῖ
1324 1768 1488 1808 ἀναδυό-

110 1851 148 1882 25
168 1838 279 1885 μεθα,
319 1832 342 1886 ἢ
384 1836 424 1876 τί
461 1835 680 1887 μέλλομεν;
730 1833 753 1886 ἢ
797 1835 896 1882 πότ’,
936 1833 966 1875 ὦ
1008 1834 1147 1887 ἄνδρες
1186 1834 1402 1885 Ἀθηναῖοι,
1442 1836 1490 1874 τὰ

169 1901 307 1942 δέοντα
331 1905 457 1943 ποιεῖν
483 1901 745 1954 ἐθελήσομεν,·
784 1903 878 1942 ὅταν
903 1901 949 1952 νὴ
972 1901 1041 1942 Δί’
1062 1902 1276 1954 ἀναγκαῖον
1300 1900 1337 1956 ᾗ.
1397 1899 1489 1940 ἀλλ’
1521 1909 1563 1943 27

168 1967 216 2018 ἢν
240 1970 312 2019 μὲν
337 1968 383 2009 ἄν
402 1985 460 2011 τις
485 1969 699 2022 ἐλευθέρων
724 1969 941 2019 ἀνθρώπων
966 1968 1141 2021 ἀνάγκην
1162 1970 1277 2013 εἴποι,
1299 1966 1343 2007 οὐ
1366 1967 1489 2018 μόνον

168 2034 240 2086 ἤδη
277 2035 479 2088 πάρεστιν,
519 2037 624 2076 ἀλλὰ
662 2036 723 2076 καὶ
760 2035 886 2076 πάλαι
923 2034 1188 2087 παρελήλυθε,
1226 2033 1296 2083 τὴν
1333 2035 1374 2074 δὲ
1412 2037 1488 2073 τῶν

169 2102 319 2142 δούλων
338 2103 583 2156 ἀπεύχεσθαι
607 2101 729 2153 δήπου
754 2102 805 2153 μὴ
825 2102 1013 2155 γενέσθαι
1037 2105 1105 2142 δεῖ.
1161 2099 1339 2152 διαφέρει
1365 2101 1406 2140 δὲ
1431 2099 1487 2146 τί,-

212 2222 232 2242 2
256 2211 440 2251 ἐθελήσηθ’]
454 2211 573 2249 ἕλησθε
586 2211 617 2241 Y
628 2224 679 2253 γρ.
768 2221 788 2250 3
811 2213 868 2243 τοῦ
880 2210 981 2243 τόπου
995 2211 1018 2241 S
1033 2209 1125 2241 solus
1140 2220 1145 2238 :
1171 2210 1230 2246 τῆς
1243 2209 1340 2240 αὑτοῦ
1353 2207 1441 2247 vulg.
1456 2211 1489 2238 et

169 2255 224 2285 viii
242 2265 281 2294 47
375 2266 393 2293 4
418 2259 494 2294 post
510 2254 654 2285 alterum
670 2259 747 2287 ἴσως
763 2255 838 2286 add.
860 2255 882 2286 ὦ
901 2255 1009 2296 ἄνδρες
1027 2253 1184 2290 Ἀθηναῖοι
1201 2251 1290 2290 vulg.
1308 2263 1314 2282 :
1340 2261 1404 2281 om.
1424 2251 1489 2281 SA

174 2308 208 2328 11
242 2299 335 2337 prius
358 2301 460 2330 ποιεῖν
484 2308 547 2329 om.
569 2298 593 2328 S
605 2298 631 2328 L
648 2298 679 2327 in
697 2298 755 2328 viii
772 2299 814 2336 48
992 2307 1029 2327 12
1062 2298 1132 2335 ὑμῖν
1156 2305 1220 2325 om.
1244 2295 1267 2325 S
1280 2294 1306 2324 L
1324 2295 1357 2324 in
1375 2294 1429 2324 viii
1447 2295 1489 2332 48

173 2351 211 2379 15
243 2344 359 2374 ἐκεῖνος
384 2352 448 2372 οῐῃ.
474 2341 498 2371 S
656 2342 694 2371 16
723 2342 797 2374 τοὺς
822 2346 901 2372 ante
925 2341 1014 2373 θεοὺς
1037 2340 1114 2370 add.
1140 2338 1255 2377 vulga:
1287 2347 1351 2368 om.
1381 2337 1488 2367 SAY

170 2394 210 2422 24
235 2387 291 2415 ποῖ
305 2384 329 2414 S
341 2384 372 2414 A
388 2384 452 2414 FY
467 2395 473 2414 ε
495 2385 529 2416 τί
545 2384 648 2423 vulg„
666 2385 706 2415 cs.
723 2385 779 2414 viii
797 2394 840 2423 50
971 2385 1013 2413 26
1038 2384 1211 2423 ἀναγκαῖον
1228 2381 1252 2413 S
1269 2393 1275 2412 z
1301 2380 1424 2421 ἀνάγκη
1441 2394 1489 2412 τις

170 2431 260 2464 cett„
279 2427 322 2458 cs.
338 2427 370 2456 iv
390 2436 440 2464 10,
458 2428 512 2457 viii
529 2437 567 2466 51
