1731 2844
450 775 753 817 AIBANIOT
800 768 1151 818 ΤΠΟΘΕΣΕΙΣ

499 908 581 935 ΤΩΝ
611 907 747 934 ΛΟΓΩΝ
781 907 835 933 ΔΗ
842 905 1103 935 ΜΟΣΘΕΝΟΤΣ,

192 982 354 1032 Ἐπειδή,
391 981 553 1031 κράτιστ’
592 981 805 1018 ἀνθυπάτων
844 980 993 1023 Μόντιε,
1035 980 1127 1016 κατὰ
1164 978 1228 1016 τὸν
1265 976 1465 1027 Ὁμηρικὸν

140 1037 409 1087 Ἀστεροπαῖον
434 1035 633 1085 περιδέξιος
661 1036 706 1072 τὰ
735 1036 784 1074 εἷς
812 1035 948 1086 λόγους
977 1033 1025 1071 ὢν
1049 1033 1242 1082 πρωτεύεις
1267 1034 1334 1081 μὲν
1361 1035 1398 1069 ἐν
1420 1034 1466 1082 τῇ

138 1092 325 1142 Ῥωμαίων
356 1092 461 1140 φωνῇ
493 1090 551 1126 καὶ
584 1092 648 1138 τῆς
678 1089 762 1138 παρ’
793 1090 939 1128 ἐκείνοις
970 1087 1133 1127 παιδείας
1164 1086 1468 1137 ὁμολογουμένως

139 1148 180 1184 τὸ
201 1146 404 1195 πρεσβεῖον
424 1143 617 1195 ἀνῄρησαι,
640 1144 786 1192 ἀμελεῖς
810 1141 839 1180 δ’
865 1142 946 1180 οὐδὲ
972 1144 1036 1191 τῆς
1061 1141 1294 1190 “Ελληνικῆς,
1317 1141 1379 1178 ἅτε
1409 1140 1468 1177 καὶ

100 1217 117 1249 5
140 1203 178 1239 ἐν
203 1202 295 1250 αὐτῇ
324 1199 382 1236 διὰ
409 1199 451 1236 τὸ
477 1200 540 1247 τῆς
567 1198 713 1246 φύσεως
738 1197 893 1248 μέγεθος
919 1196 1108 1246 ὑπερέχειν
1134 1195 1339 1244 δυνάμενος,
1368 1195 1469 1231 ἀλλὰ

138 1255 225 1304 περί
253 1270 293 1292 τε
322 1252 406 1293 τοὺς
437 1253 575 1292 ἄλλους
609 1251 808 1300 διατρίβεις
843 1251 902 1288 καὶ
934 1250 1017 1300 περὶ
1049 1250 1113 1287 τὸν
1142 1249 1368 1287 τελεώτατον
1397 1251 1469 1286 τῶν

138 1308 368 1357 Ἑλληνικῶν
381 1306 554 1356 ῥητόρων,
570 1306 633 1344 τὸν
646 1305 904 1355 Δημοσθένην,
923 1304 982 1342 καὶ
1002 1304 1046 1352 δὴ
1068 1303 1127 1341 καὶ
1147 1304 1242 1352 ἡμᾶς
1258 1302 1470 1352 ἐβουλήθης

139 1364 203 1404 τὰς
231 1361 425 1401 ὗποθέσεις
451 1363 523 1399 τῶν
550 1360 680 1398 τούτου
710 1360 833 1411 λόγων
856 1358 1147 1411 ἀναγράψασθαί
1172 1374 1245 1395 σοι·
1287 1357 1469 1408 δεχόμεθα

139 1418 206 1467 μὲν
235 1417 388 1466 ἅσμενοι
417 1416 459 1453 τὸ
487 1415 712 1466 πρόσταγμα
740 1412 865 1463 (ἴσμεν
890 1415 962 1465 γὰρ
990 1413 1045 1451 ὅτι
1072 1413 1188 1450 πλείω
1216 1412 1283 1460 τὴν
1310 1412 1419 1460 τιμὴν
1446 1410 1469 1460 ἦ

83 1488 120 1510 10
139 1472 252 1509 πόνον
281 1469 382 1521 ἔχει),
414 1469 598 1519 ἀρξόμεθα
632 1469 669 1506 δὲ
702 1471 767 1506 τοῦ
801 1469 1057 1520 συντάγματος
1090 1467 1162 1504 ἀπὸ
1195 1468 1260 1504 τοῦ
1288 1466 1376 1515 βίου
1404 1468 1469 1503 τοῦ

138 1526 301 1575 ῥήτορος,
330 1526 398 1575 οὐχ
426 1523 516 1561 ὅλον
543 1524 652 1561 αὐτὸν
678 1522 867 1569 διεξιόντες
891 1521 1076 1572 (περιττὸν
1104 1522 1176 1572 γὰρ
1204 1518 1340 1570 τοῦτο),
1368 1520 1468 1557 ἀλλὰ

138 1579 326 1617 τοσούτων
347 1579 633 1628 μνημονεύοντες
660 1577 734 1615 ὅσα
760 1578 859 1616 δοκεῖ
883 1576 942 1613 καὶ
967 1576 1057 1626 πρὸς
1088 1576 1296 1625 κατάληψιν
1320 1574 1468 1624 ἀκριβε-

139 1634 276 1683 στέραν
294 1636 365 1672 τῶν
383 1633 506 1685 λόγων
525 1634 726 1671 συντελεῖν.

195 1687 428 1737 Δημοσθένει
456 1688 577 1725 τοίνυν
605 1691 655 1738 τῷ
684 1687 810 1736 ῥήτορι
838 1685 960 1734 πατὴρ
988 1684 1033 1733 ἢν
1062 1683 1319 1733 Δημοσθένης,
1350 1682 1470 1720 ἀνεπί-

83 1757 119 1788 15
140 1744 281 1791 ληπτος
309 1745 358 1793 τῷ
386 1742 482 1793 γένει
512 1741 636 1788 δοκῶν,
669 1743 716 1781 ὡς
748 1739 807 1777 καὶ
837 1740 1019 1790 Αἰσχίνης
1047 1738 1178 1789 ἐχθρὸς
1208 1737 1255 1776 ὢν
1283 1737 1469 1786 μαρτυρεῖ·

141 1797 278 1846 εἴρηται
307 1799 396 1848 γοῦν
422 1796 533 1836 οὕτως
557 1797 678 1836 αὐτοῖς
706 1795 849 1845 ῥήμασι
877 1794 1013 1844 ‘'rofi-ny
1039 1792 1161 1842 πατὴρ
1184 1793 1251 1841 μὲν
1275 1792 1321 1840 ἢν
1345 1795 1472 1840 Δημο-

141 1851 276 1900 σθένης
308 1853 328 1888 ὃ
367 1851 571 1895 Παιανιεύς,
607 1850 698 1900 ἀνὴρ
734 1849 934 1899 ἐλεύθερος
993 1849 1034 1885 οὗ
1062 1848 1134 1899 γὰρ
1164 1846 1218 1884 δεῖ
1244 1844 1470 1896 ψεύδεσθαι·’

141 1905 385 1957 ἐργαστήριον
414 1904 442 1942 δ’
477 1907 624 1943 οἰκετῶν
652 1906 929 1956 μαχαιροποιῶν
964 1901 1182 1951 κεκτημένος
1215 1899 1378 1939 ἐντεῦθεν
1405 1899 1472 1947 τὴν

140 1962 205 1997 τοῦ
228 1961 497 2010 μαχαιροποιοῦ
523 1961 658 2007 κλῆσιν
683 1959 811 2008 ἔλαβε.
869 1958 911 1995 τὸ
937 1956 1061 2006 μέντοι
1086 1958 1256 2006 μητρῷον
1277 1954 1383 2006 γένος
1407 1956 1473 1991 τοῦ

83 2028 122 2049 20
140 2014 293 2063 ῥήτορος
313 2016 378 2052 οὐκ
396 2013 451 2062 ἢν,
471 2014 516 2054 ὥς
536 2016 644 2061 φασι,
663 2013 828 2062 καθαρῶς
849 2012 1029 2054 Ἀττικόν,
1048 2011 1217 2049 Γύλωνος
1235 2011 1300 2046 τοῦ
1319 2008 1472 2045 πάππου

140 2070 205 2106 τοῦ
221 2067 486 2117 Δημοσθένους
506 2068 689 2120 φυγόντος
708 2069 775 2117 μὲν
796 2067 836 2112 ἐξ
853 2066 1018 2115 Ἀθηνῶν
1039 2064 1098 2102 ἐπὶ
1117 2063 1318 2113 προδοσίας
1339 2063 1473 2113 ἐγκλή-

140 2139 239 2171 ματι,
261 2123 478 2172 οἰκήσαντος
504 2121 541 2159 δὲ
567 2122 649 2171 περὶ
675 2122 739 2160 τὸν
762 2121 918 2164 Πόντον,
943 2121 1046 2157 κάκεῖ
1069 2116 1211 2171 γυναῖκ’
1240 2117 1472 2169 ἀγαγομένου

142 2176 277 2216 Σκύθιν
295 2177 338 2214 τὸ
357 2177 472 2228 γένος,
489 2177 530 2222 ἐξ
547 2175 590 2225 ἧς
608 2175 654 2225 ἦν
673 2178 737 2213 τοῦ
758 2174 1023 2224 Δημοσθένους
1043 2175 1066 2222 ἡ
1085 2174 1207 2222 μήτηρ
1229 2170 1470 2220 Κλεοβούλη.

142 2232 191 2270 εἷς
219 2233 326 2268 τοῦτο
354 2233 444 2282 γοῦν
470 2231 582 2267 ἄλλοι
609 2247 649 2268 τε
677 2229 965 2278 λελοιδορήκασι
993 2228 1052 2265 καὶ
1080 2228 1272 2278 Αἰσχίνης,
1295 2226 1403 2263 εἰπὼν
1426 2225 1472 2264 ὡς

85 2296 121 2327 25
143 2284 197 2333 ἄρ’
226 2285 280 2333 εἵη
310 2284 465 2333 Σκύθης,
495 2285 692 2334 βάρβαρος
721 2284 922 2332 ἑλληνίζων
949 2285 995 2332 τῇ
1029 2284 1145 2332 φωνῇ.
1203 2280 1286 2330 περὶ
1314 2280 1381 2329 μὲν
1409 2277 1472 2316 οὖν

141 2341 206 2375 τοῦ
224 2339 351 2390 γένους
370 2340 480 2376 αὑτοῦ
499 2338 650 2376 τοσαῦτ’
671 2337 841 2387 εἰρήσθω·
885 2337 1044 2386 ὀρφανὸς
1065 2336 1101 2373 δὲ
1124 2333 1381 2382 καταλειφθεὶς
1400 2332 1471 2369 ὑπὸ

142 2394 206 2430 τοῦ
234 2393 370 2441 πατρὸς
400 2392 531 2442 κομιδῇ
559 2393 636 2433 νέος
663 2391 708 2441 ἦν
734 2392 811 2441 μέν,
837 2392 883 2431 ὥς
909 2394 1039 2439 φασιν,
1063 2389 1221 2438 ἀσθενὴς
1249 2392 1298 2438 τῷ
1329 2387 1471 2435 σώματι

231 2465 415 2493 DEMOSTH.‚
436 2465 511 2486 VOL.
532 2465 553 2487 1.
1321 2453 1337 2481 1

186 2676 210 2724 &70

215 2667 236 2723 0-

1497 979 1546 1034 [Ι]

1498 1515 1556 1570 [2]
