<?xml version="1.0" encoding="UTF-8"?>
<!DOCTYPE html PUBLIC "-//W3C//DTD XHTML 1.0 Transitional//EN"
    "http://www.w3.org/TR/xhtml1/DTD/xhtml1-transitional.dtd">
<html xmlns="http://www.w3.org/1999/xhtml" xml:lang="en" lang="en">
 <head>
  <title>
</title>
<meta http-equiv="Content-Type" content="text/html;charset=utf-8" />
  <meta name='ocr-system' content='tesseract 3.04.00' />
  <meta name='ocr-capabilities' content='ocr_page ocr_carea ocr_par ocr_line ocrx_word'/>
</head>
<body>
  <div class='ocr_page' id='page_1' title='image "./orationesrecogno01demouoft_0041.png"; bbox 0 0 1731 2844; ppageno 0'>
   <div class='ocr_carea' id='block_1_1' title="bbox 123 127 1548 187">
    <p class='ocr_par' dir='ltr' id='par_1_1' title="bbox 123 127 1548 187">
     <span class='ocr_line' id='line_1_1' title="bbox 123 127 1548 187; baseline 0.004 -19"><span class='ocrx_word' id='word_1_1' title='bbox 123 127 153 180; x_wconf 88' lang='lat'>1]</span> <span class='ocrx_word' id='word_1_2' title='bbox 529 131 942 169; x_wconf 66' lang='grc' dir='ltr'>οΛΎΝΘιΑΚοΣ</span> <span class='ocrx_word' id='word_1_3' title='bbox 991 132 1023 169; x_wconf 76' lang='grc' dir='ltr'>Α</span> <span class='ocrx_word' id='word_1_4' title='bbox 1471 134 1548 187; x_wconf 83' lang='lat'>[14]</span> 
     </span>
    </p>
   </div>
   <div class='ocr_carea' id='block_1_2' title="bbox 49 232 1529 2150">
    <p class='ocr_par' dir='ltr' id='par_1_2' title="bbox 117 232 1512 488">
     <span class='ocr_line' id='line_1_2' title="bbox 121 232 1438 286; baseline 0.002 -13"><span class='ocrx_word' id='word_1_5' title='bbox 121 233 270 273; x_wconf 82' lang='grc' dir='ltr'>ἐκείνου</span> <span class='ocrx_word' id='word_1_6' title='bbox 302 232 436 286; x_wconf 82' lang='grc' dir='ltr'>χώραν</span> <span class='ocrx_word' id='word_1_7' title='bbox 470 237 593 274; x_wconf 88' lang='grc' dir='ltr'>κακῶς</span> <span class='ocrx_word' id='word_1_8' title='bbox 627 236 751 273; x_wconf 99' lang='grc' dir='ltr'>ποιεῖν</span> <span class='ocrx_word' id='word_1_9' title='bbox 783 234 844 273; x_wconf 86' lang='grc' dir='ltr'>καὶ</span> <span class='ocrx_word' id='word_1_10' title='bbox 877 232 1053 285; x_wconf 81' lang='grc' dir='ltr'>τριήρεσι</span> <span class='ocrx_word' id='word_1_11' title='bbox 1087 234 1149 273; x_wconf 81' lang='grc' dir='ltr'>καὶ</span> <span class='ocrx_word' id='word_1_12' title='bbox 1184 236 1438 286; x_wconf 82' lang='grc' dir='ltr'>στρατιώταις</span> 
     </span>
     <span class='ocr_line' id='line_1_3' title="bbox 119 298 1512 351; baseline 0.002 -11"><span class='ocrx_word' id='word_1_13' title='bbox 119 298 279 350; x_wconf 83' lang='grc' dir='ltr'>ἑτέροις·</span> <span class='ocrx_word' id='word_1_14' title='bbox 318 300 351 339; x_wconf 84' lang='grc' dir='ltr'>εἰ</span> <span class='ocrx_word' id='word_1_15' title='bbox 371 302 411 350; x_wconf 85' lang='grc' dir='ltr'>δὲ</span> <span class='ocrx_word' id='word_1_16' title='bbox 432 298 593 350; x_wconf 87' lang='grc' dir='ltr'>θατέρου</span> <span class='ocrx_word' id='word_1_17' title='bbox 612 299 761 340; x_wconf 86' lang='grc' dir='ltr'>τούτων</span> <span class='ocrx_word' id='word_1_18' title='bbox 780 298 1059 351; x_wconf 84' lang='grc' dir='ltr'>ὀλιγωρήσετε,</span> <span class='ocrx_word' id='word_1_19' title='bbox 1081 301 1181 340; x_wconf 86' lang='grc' dir='ltr'>ὀκνῶ</span> <span class='ocrx_word' id='word_1_20' title='bbox 1205 300 1257 350; x_wconf 82' lang='grc' dir='ltr'>μὴ</span> <span class='ocrx_word' id='word_1_21' title='bbox 1278 301 1439 351; x_wconf 88' lang='grc' dir='ltr'>μάταιος</span> <span class='ocrx_word' id='word_1_22' title='bbox 1472 309 1512 343; x_wconf 87' lang='grc'>18</span> 
     </span>
     <span class='ocr_line' id='line_1_4' title="bbox 117 364 1438 418; baseline 0.002 -12"><span class='ocrx_word' id='word_1_23' title='bbox 117 365 210 416; x_wconf 84' lang='grc' dir='ltr'>ἡμῖν</span> <span class='ocrx_word' id='word_1_24' title='bbox 233 365 256 415; x_wconf 84' lang='grc' dir='ltr'>ἡ</span> <span class='ocrx_word' id='word_1_25' title='bbox 283 366 468 417; x_wconf 85' lang='grc' dir='ltr'>στρατεία</span> <span class='ocrx_word' id='word_1_26' title='bbox 487 364 658 417; x_wconf 86' lang='grc' dir='ltr'>γένηται.</span> <span class='ocrx_word' id='word_1_27' title='bbox 719 367 795 407; x_wconf 84' lang='grc' dir='ltr'>εἴτε</span> <span class='ocrx_word' id='word_1_28' title='bbox 820 367 894 418; x_wconf 77' lang='grc' dir='ltr'>γὰρ</span> <span class='ocrx_word' id='word_1_29' title='bbox 914 367 1020 417; x_wconf 86' lang='grc' dir='ltr'>ὑμῶν</span> <span class='ocrx_word' id='word_1_30' title='bbox 1045 365 1116 416; x_wconf 80' lang='grc' dir='ltr'>τὴν</span> <span class='ocrx_word' id='word_1_31' title='bbox 1142 367 1289 407; x_wconf 85' lang='grc' dir='ltr'>ἐκείνου</span> <span class='ocrx_word' id='word_1_32' title='bbox 1315 372 1438 410; x_wconf 88' lang='grc' dir='ltr'>κακῶς</span> 
     </span>
     <span class='ocr_line' id='line_1_5' title="bbox 119 431 1438 488; baseline 0.002 -16"><span class='ocrx_word' id='word_1_33' title='bbox 119 432 345 478; x_wconf 84' lang='grc' dir='ltr'>ποιούντων,</span> <span class='ocrx_word' id='word_1_34' title='bbox 373 433 582 483; x_wconf 77' lang='grc' dir='ltr'>ὑπομείνας</span> <span class='ocrx_word' id='word_1_35' title='bbox 611 432 713 472; x_wconf 71' lang='grc' dir='ltr'>τοῦτ’</span> <span class='ocrx_word' id='word_1_36' title='bbox 733 431 936 473; x_wconf 86' lang='grc' dir='ltr'>’Όλυνθον</span> <span class='ocrx_word' id='word_1_37' title='bbox 960 432 1272 485; x_wconf 87' lang='grc' dir='ltr'>παραστήσεται,</span> <span class='ocrx_word' id='word_1_38' title='bbox 1297 435 1438 488; x_wconf 75' lang='grc' dir='ltr'>ῥαδίως</span> 
     </span>
    </p>

    <p class='ocr_par' dir='ltr' id='par_1_3' title="bbox 79 497 1437 814">
     <span class='ocr_line' id='line_1_6' title="bbox 79 497 1437 551; baseline 0.003 -13"><span class='ocrx_word' id='word_1_39' title='bbox 79 515 96 547; x_wconf 84' lang='grc'>5</span> <span class='ocrx_word' id='word_1_40' title='bbox 118 498 181 539; x_wconf 84' lang='grc' dir='ltr'>ἐπὶ</span> <span class='ocrx_word' id='word_1_41' title='bbox 210 497 281 548; x_wconf 78' lang='grc' dir='ltr'>τὴν</span> <span class='ocrx_word' id='word_1_42' title='bbox 307 499 454 539; x_wconf 86' lang='grc' dir='ltr'>οἰκείαν</span> <span class='ocrx_word' id='word_1_43' title='bbox 483 499 609 539; x_wconf 87' lang='grc' dir='ltr'>ἐλθὼν</span> <span class='ocrx_word' id='word_1_44' title='bbox 639 499 852 549; x_wconf 86' lang='grc' dir='ltr'>ἀμυνεῖται·</span> <span class='ocrx_word' id='word_1_45' title='bbox 891 501 969 540; x_wconf 80' lang='grc' dir='ltr'>εἴτε</span> <span class='ocrx_word' id='word_1_46' title='bbox 998 499 1288 550; x_wconf 80' lang='grc' dir='ltr'>βοηθησάντων</span> <span class='ocrx_word' id='word_1_47' title='bbox 1315 501 1437 551; x_wconf 88' lang='grc' dir='ltr'>μόνον</span> 
     </span>
     <span class='ocr_line' id='line_1_7' title="bbox 115 564 1434 619; baseline 0.002 -14"><span class='ocrx_word' id='word_1_48' title='bbox 115 565 222 615; x_wconf 86' lang='grc' dir='ltr'>ὑμῶν</span> <span class='ocrx_word' id='word_1_49' title='bbox 247 566 301 607; x_wconf 82' lang='grc' dir='ltr'>εἰς</span> <span class='ocrx_word' id='word_1_50' title='bbox 320 564 533 611; x_wconf 84' lang='grc' dir='ltr'>’Όλυνθον,</span> <span class='ocrx_word' id='word_1_51' title='bbox 561 566 773 607; x_wconf 78' lang='grc' dir='ltr'>ἀκινδύνως</span> <span class='ocrx_word' id='word_1_52' title='bbox 802 566 901 618; x_wconf 87' lang='grc' dir='ltr'>ὁρῶν</span> <span class='ocrx_word' id='word_1_53' title='bbox 927 565 1071 619; x_wconf 80' lang='grc' dir='ltr'>ἔχοντα</span> <span class='ocrx_word' id='word_1_54' title='bbox 1095 568 1143 606; x_wconf 83' lang='grc' dir='ltr'>τὰ</span> <span class='ocrx_word' id='word_1_55' title='bbox 1172 568 1282 613; x_wconf 81' lang='grc' dir='ltr'>οἴκοι,</span> <span class='ocrx_word' id='word_1_56' title='bbox 1311 583 1434 619; x_wconf 92' lang='grc' dir='ltr'>προσ-</span> 
     </span>
     <span class='ocr_line' id='line_1_8' title="bbox 116 632 1436 689; baseline 0.002 -18"><span class='ocrx_word' id='word_1_57' title='bbox 116 633 336 672; x_wconf 80' lang='grc' dir='ltr'>καθεδεῖται</span> <span class='ocrx_word' id='word_1_58' title='bbox 371 632 432 672; x_wconf 87' lang='grc' dir='ltr'>καὶ</span> <span class='ocrx_word' id='word_1_59' title='bbox 465 632 750 684; x_wconf 84' lang='grc' dir='ltr'>προσεδρεύσει</span> <span class='ocrx_word' id='word_1_60' title='bbox 781 635 863 674; x_wconf 90' lang='grc' dir='ltr'>τοῖς</span> <span class='ocrx_word' id='word_1_61' title='bbox 896 632 1114 684; x_wconf 84' lang='grc' dir='ltr'>πράγμασι,</span> <span class='ocrx_word' id='word_1_62' title='bbox 1146 632 1351 685; x_wconf 83' lang='grc' dir='ltr'>περιέσται</span> <span class='ocrx_word' id='word_1_63' title='bbox 1383 638 1436 689; x_wconf 83' lang='grc' dir='ltr'>τῷ</span> 
     </span>
     <span class='ocr_line' id='line_1_9' title="bbox 115 697 1436 757; baseline 0.002 -20"><span class='ocrx_word' id='word_1_64' title='bbox 115 698 244 752; x_wconf 79' lang='grc' dir='ltr'>χρόνῳ</span> <span class='ocrx_word' id='word_1_65' title='bbox 275 702 352 738; x_wconf 90' lang='grc' dir='ltr'>τῶν</span> <span class='ocrx_word' id='word_1_66' title='bbox 381 697 734 750; x_wconf 86' lang='grc' dir='ltr'>πολιορκουμένων.</span> <span class='ocrx_word' id='word_1_67' title='bbox 805 701 866 739; x_wconf 86' lang='grc' dir='ltr'>δεῖ</span> <span class='ocrx_word' id='word_1_68' title='bbox 893 698 937 749; x_wconf 82' lang='grc' dir='ltr'>δὴ</span> <span class='ocrx_word' id='word_1_69' title='bbox 968 698 1126 749; x_wconf 78' lang='grc' dir='ltr'>πολλὴν</span> <span class='ocrx_word' id='word_1_70' title='bbox 1156 700 1217 740; x_wconf 87' lang='grc' dir='ltr'>καὶ</span> <span class='ocrx_word' id='word_1_71' title='bbox 1247 703 1338 757; x_wconf 83' lang='grc' dir='ltr'>διχῇ</span> <span class='ocrx_word' id='word_1_72' title='bbox 1365 700 1436 751; x_wconf 80' lang='grc' dir='ltr'>τὴν</span> 
     </span>
     <span class='ocr_line' id='line_1_10' title="bbox 113 762 439 814; baseline 0.003 -10"><span class='ocrx_word' id='word_1_73' title='bbox 113 762 304 814; x_wconf 87' lang='grc' dir='ltr'>βοήθειαν</span> <span class='ocrx_word' id='word_1_74' title='bbox 329 765 439 805; x_wconf 81' lang='grc' dir='ltr'>εῖναι.</span> 
     </span>
    </p>

    <p class='ocr_par' dir='ltr' id='par_1_4' title="bbox 57 831 1508 1150">
     <span class='ocr_line' id='line_1_11' title="bbox 57 831 1508 884; baseline 0.005 -17"><span class='ocrx_word' id='word_1_75' title='bbox 57 844 95 868; x_wconf 91' lang='lat'>10</span> <span class='ocrx_word' id='word_1_76' title='bbox 182 831 257 871; x_wconf 89' lang='grc' dir='ltr'>Καὶ</span> <span class='ocrx_word' id='word_1_77' title='bbox 293 831 380 882; x_wconf 89' lang='grc' dir='ltr'>περὶ</span> <span class='ocrx_word' id='word_1_78' title='bbox 415 834 487 882; x_wconf 84' lang='grc' dir='ltr'>μὲν</span> <span class='ocrx_word' id='word_1_79' title='bbox 523 833 591 881; x_wconf 84' lang='grc' dir='ltr'>τῆς</span> <span class='ocrx_word' id='word_1_80' title='bbox 627 831 814 882; x_wconf 80' lang='grc' dir='ltr'>βοηθείας</span> <span class='ocrx_word' id='word_1_81' title='bbox 849 835 969 871; x_wconf 80' lang='grc' dir='ltr'>ταῦτα</span> <span class='ocrx_word' id='word_1_82' title='bbox 1004 832 1226 883; x_wconf 84' lang='grc' dir='ltr'>γιγνώσκω·</span> <span class='ocrx_word' id='word_1_83' title='bbox 1271 833 1358 884; x_wconf 89' lang='grc' dir='ltr'>περὶ</span> <span class='ocrx_word' id='word_1_84' title='bbox 1393 835 1433 873; x_wconf 83' lang='grc' dir='ltr'>δὲ</span> <span class='ocrx_word' id='word_1_85' title='bbox 1468 850 1508 884; x_wconf 88' lang='lat'>19</span> 
     </span>
     <span class='ocr_line' id='line_1_12' title="bbox 112 895 1432 951; baseline 0.002 -15"><span class='ocrx_word' id='word_1_86' title='bbox 112 895 324 949; x_wconf 84' lang='grc' dir='ltr'>χρημάτων</span> <span class='ocrx_word' id='word_1_87' title='bbox 353 898 486 949; x_wconf 86' lang='grc' dir='ltr'>πόρου,</span> <span class='ocrx_word' id='word_1_88' title='bbox 518 898 639 944; x_wconf 80' lang='grc' dir='ltr'>ἔστιν,</span> <span class='ocrx_word' id='word_1_89' title='bbox 671 897 700 938; x_wconf 75' lang='grc' dir='ltr'><em>ὦ</em></span> <span class='ocrx_word' id='word_1_90' title='bbox 730 897 867 949; x_wconf 80' lang='grc' dir='ltr'>ἄνδρες</span> <span class='ocrx_word' id='word_1_91' title='bbox 892 897 1106 948; x_wconf 85' lang='grc' dir='ltr'>Ἀθηναῖοι,</span> <span class='ocrx_word' id='word_1_92' title='bbox 1135 898 1305 951; x_wconf 74' lang='grc' dir='ltr'>χρήμαθ’</span> <span class='ocrx_word' id='word_1_93' title='bbox 1331 900 1432 949; x_wconf 85' lang='grc' dir='ltr'>ὑμῖν,</span> 
     </span>
     <span class='ocr_line' id='line_1_13' title="bbox 112 962 1435 1017; baseline 0.002 -15"><span class='ocrx_word' id='word_1_94' title='bbox 112 962 224 1003; x_wconf 81' lang='grc' dir='ltr'>ἔστιν</span> <span class='ocrx_word' id='word_1_95' title='bbox 248 963 310 1003; x_wconf 89' lang='grc' dir='ltr'>ὅσ’</span> <span class='ocrx_word' id='word_1_96' title='bbox 330 964 456 1005; x_wconf 87' lang='grc' dir='ltr'>οὐδενὶ</span> <span class='ocrx_word' id='word_1_97' title='bbox 481 968 558 1004; x_wconf 87' lang='grc' dir='ltr'>τῶν</span> <span class='ocrx_word' id='word_1_98' title='bbox 582 964 717 1005; x_wconf 81' lang='grc' dir='ltr'>ἄλλων</span> <span class='ocrx_word' id='word_1_99' title='bbox 743 964 957 1016; x_wconf 82' lang='grc' dir='ltr'>ἀνθρώπων</span> <span class='ocrx_word' id='word_1_100' title='bbox 977 963 1279 1017; x_wconf 46' lang='lat' dir='ltr'>[aa-paramum&amp;</span> <span class='ocrx_word' id='word_1_101' title='bbox 1317 969 1435 1005; x_wconf 79' lang='grc' dir='ltr'>ταῦτα</span> 
     </span>
     <span class='ocr_line' id='line_1_14' title="bbox 112 1028 1434 1082; baseline 0.003 -14"><span class='ocrx_word' id='word_1_102' title='bbox 112 1028 145 1068; x_wconf 83' lang='grc' dir='ltr'>δ’</span> <span class='ocrx_word' id='word_1_103' title='bbox 172 1031 279 1080; x_wconf 84' lang='grc' dir='ltr'>ὑμεῖς</span> <span class='ocrx_word' id='word_1_104' title='bbox 304 1031 424 1072; x_wconf 80' lang='grc' dir='ltr'>οὕτως</span> <span class='ocrx_word' id='word_1_105' title='bbox 451 1031 501 1073; x_wconf 81' lang='grc' dir='ltr'>ὡς</span> <span class='ocrx_word' id='word_1_106' title='bbox 525 1031 727 1081; x_wconf 86' lang='grc' dir='ltr'>βούλεσθε</span> <span class='ocrx_word' id='word_1_107' title='bbox 750 1030 1002 1081; x_wconf 84' lang='grc' dir='ltr'>λαμβάνετε.,</span> <span class='ocrx_word' id='word_1_108' title='bbox 1065 1032 1098 1071; x_wconf 86' lang='grc' dir='ltr'>εἰ</span> <span class='ocrx_word' id='word_1_109' title='bbox 1123 1033 1195 1082; x_wconf 81' lang='grc' dir='ltr'>μὲν</span> <span class='ocrx_word' id='word_1_110' title='bbox 1222 1031 1290 1071; x_wconf 72' lang='grc' dir='ltr'>οὖν</span> <span class='ocrx_word' id='word_1_111' title='bbox 1314 1035 1434 1072; x_wconf 84' lang='grc' dir='ltr'>ταῦτα</span> 
     </span>
     <span class='ocr_line' id='line_1_15' title="bbox 112 1096 1431 1150; baseline 0.003 -16"><span class='ocrx_word' id='word_1_112' title='bbox 112 1099 194 1137; x_wconf 89' lang='grc' dir='ltr'>τοῖς</span> <span class='ocrx_word' id='word_1_113' title='bbox 219 1096 543 1148; x_wconf 83' lang='grc' dir='ltr'>στρατευομένοις</span> <span class='ocrx_word' id='word_1_114' title='bbox 568 1097 809 1142; x_wconf 83' lang='grc' dir='ltr'>ἀποδώσετε,</span> <span class='ocrx_word' id='word_1_115' title='bbox 831 1097 988 1138; x_wconf 80' lang='grc' dir='ltr'>οὐδενὸς</span> <span class='ocrx_word' id='word_1_116' title='bbox 1007 1097 1096 1147; x_wconf 87' lang='grc' dir='ltr'>ὑμῖν</span> <span class='ocrx_word' id='word_1_117' title='bbox 1116 1100 1282 1150; x_wconf 87' lang='grc' dir='ltr'>προσδεῖ</span> <span class='ocrx_word' id='word_1_118' title='bbox 1299 1098 1431 1149; x_wconf 88' lang='grc' dir='ltr'>πόρου,</span> 
     </span>
    </p>

    <p class='ocr_par' dir='ltr' id='par_1_5' title="bbox 54 1162 1506 1479">
     <span class='ocr_line' id='line_1_16' title="bbox 54 1162 1436 1216; baseline 0.001 -14"><span class='ocrx_word' id='word_1_119' title='bbox 54 1178 90 1211; x_wconf 85' lang='lat'>15</span> <span class='ocrx_word' id='word_1_120' title='bbox 112 1163 146 1202; x_wconf 83' lang='grc' dir='ltr'>εἰ</span> <span class='ocrx_word' id='word_1_121' title='bbox 174 1164 215 1203; x_wconf 82' lang='grc' dir='ltr'>δὲ</span> <span class='ocrx_word' id='word_1_122' title='bbox 239 1162 304 1213; x_wconf 89' lang='grc' dir='ltr'>μή,</span> <span class='ocrx_word' id='word_1_123' title='bbox 332 1166 507 1215; x_wconf 86' lang='grc' dir='ltr'>προσδεῖ,</span> <span class='ocrx_word' id='word_1_124' title='bbox 534 1166 689 1213; x_wconf 76' lang='grc' dir='ltr'>μᾶλλον</span> <span class='ocrx_word' id='word_1_125' title='bbox 715 1163 746 1203; x_wconf 79' lang='grc' dir='ltr'>δ’</span> <span class='ocrx_word' id='word_1_126' title='bbox 767 1162 939 1205; x_wconf 81' lang='grc' dir='ltr'>ἅπαντος</span> <span class='ocrx_word' id='word_1_127' title='bbox 964 1165 1070 1204; x_wconf 84' lang='grc' dir='ltr'>ἐνδεῖ</span> <span class='ocrx_word' id='word_1_128' title='bbox 1089 1167 1157 1203; x_wconf 79' lang='grc' dir='ltr'>τοῦ</span> <span class='ocrx_word' id='word_1_129' title='bbox 1181 1164 1320 1216; x_wconf 68' lang='grc' dir='ltr'>πόρου,</span> <span class='ocrx_word' id='word_1_130' title='bbox 1371 1167 1380 1182; x_wconf 86' lang='lat'><em>‘</em></span> <span class='ocrx_word' id='word_1_131' title='bbox 1397 1166 1436 1205; x_wconf 86' lang='grc' dir='ltr'>τί</span> 
     </span>
     <span class='ocr_line' id='line_1_17' title="bbox 111 1228 1432 1283; baseline 0.002 -15"><span class='ocrx_word' id='word_1_132' title='bbox 111 1228 198 1275; x_wconf 77' lang='grc' dir='ltr'>οῧν;</span> <span class='ocrx_word' id='word_1_133' title='bbox 213 1228 222 1243; x_wconf 85' lang='grc'><em>’</em></span> <span class='ocrx_word' id='word_1_134' title='bbox 255 1229 303 1270; x_wconf 83' lang='grc' dir='ltr'>ἄν</span> <span class='ocrx_word' id='word_1_135' title='bbox 321 1246 379 1271; x_wconf 89' lang='grc' dir='ltr'>τις</span> <span class='ocrx_word' id='word_1_136' title='bbox 395 1231 508 1275; x_wconf 80' lang='grc' dir='ltr'>εἴποι,</span> <span class='ocrx_word' id='word_1_137' title='bbox 530 1233 537 1247; x_wconf 89' lang='lat'>‘</span> <span class='ocrx_word' id='word_1_138' title='bbox 552 1230 602 1270; x_wconf 88' lang='grc' dir='ltr'>σὺ</span> <span class='ocrx_word' id='word_1_139' title='bbox 618 1229 784 1282; x_wconf 86' lang='grc' dir='ltr'>γράφεις</span> <span class='ocrx_word' id='word_1_140' title='bbox 800 1229 906 1269; x_wconf 80' lang='grc' dir='ltr'>ταῦτ’</span> <span class='ocrx_word' id='word_1_141' title='bbox 924 1229 1022 1270; x_wconf 80' lang='grc' dir='ltr'>εῖναι</span> <span class='ocrx_word' id='word_1_142' title='bbox 1040 1229 1321 1283; x_wconf 45' lang='grc' dir='ltr'>στρατιωτικά,</span> <span class='ocrx_word' id='word_1_143' title='bbox 1338 1230 1347 1244; x_wconf 85' lang='grc'>’</span> <span class='ocrx_word' id='word_1_144' title='bbox 1379 1232 1432 1281; x_wconf 77' lang='grc' dir='ltr'>μα</span> 
     </span>
     <span class='ocr_line' id='line_1_18' title="bbox 112 1295 1506 1354; baseline 0.002 -19"><span class='ocrx_word' id='word_1_145' title='bbox 112 1295 182 1336; x_wconf 89' lang='grc' dir='ltr'>Δί’</span> <span class='ocrx_word' id='word_1_146' title='bbox 201 1295 268 1336; x_wconf 85' lang='grc' dir='ltr'>οὐκ</span> <span class='ocrx_word' id='word_1_147' title='bbox 288 1295 424 1348; x_wconf 78' lang='grc' dir='ltr'>ἔγωγε.</span> <span class='ocrx_word' id='word_1_148' title='bbox 484 1297 560 1348; x_wconf 86' lang='grc' dir='ltr'>ἐγὼ</span> <span class='ocrx_word' id='word_1_149' title='bbox 579 1298 650 1346; x_wconf 82' lang='grc' dir='ltr'>μὲν</span> <span class='ocrx_word' id='word_1_150' title='bbox 670 1297 744 1348; x_wconf 79' lang='grc' dir='ltr'>γὰρ</span> <span class='ocrx_word' id='word_1_151' title='bbox 763 1296 931 1347; x_wconf 83' lang='grc' dir='ltr'>ἡγοῦμαι</span> <span class='ocrx_word' id='word_1_152' title='bbox 951 1297 1195 1347; x_wconf 83' lang='grc' dir='ltr'>στρατιώτας</span> <span class='ocrx_word' id='word_1_153' title='bbox 1214 1300 1294 1337; x_wconf 87' lang='grc' dir='ltr'>δεῖν</span> <span class='ocrx_word' id='word_1_154' title='bbox 1315 1313 1428 1354; x_wconf 17' lang='grc' dir='ltr'>καταό-</span> <span class='ocrx_word' id='word_1_155' title='bbox 1461 1313 1506 1338; x_wconf 84' lang='lat'>20</span> 
     </span>
     <span class='ocr_line' id='line_1_19' title="bbox 110 1359 1430 1414; baseline 0.002 -13"><span class='ocrx_word' id='word_1_156' title='bbox 110 1364 377 1412; x_wconf 85' lang='grc' dir='ltr'>σκευασθῆναι</span> <span class='ocrx_word' id='word_1_157' title='bbox 395 1359 473 1414; x_wconf 85' lang='grc' dir='ltr'>[καὶ</span> <span class='ocrx_word' id='word_1_158' title='bbox 495 1362 600 1403; x_wconf 81' lang='grc' dir='ltr'>ταῦτ’</span> <span class='ocrx_word' id='word_1_159' title='bbox 620 1362 719 1403; x_wconf 81' lang='grc' dir='ltr'>εῖναι</span> <span class='ocrx_word' id='word_1_160' title='bbox 745 1360 1019 1414; x_wconf 80' lang='grc' dir='ltr'>στρατιωτικὰ]</span> <span class='ocrx_word' id='word_1_161' title='bbox 1039 1364 1101 1403; x_wconf 86' lang='grc' dir='ltr'>καὶ</span> <span class='ocrx_word' id='word_1_162' title='bbox 1125 1364 1218 1413; x_wconf 91' lang='grc' dir='ltr'>μίαν</span> <span class='ocrx_word' id='word_1_163' title='bbox 1244 1363 1430 1414; x_wconf 81' lang='grc' dir='ltr'>σύνταξιν</span> 
     </span>
     <span class='ocr_line' id='line_1_20' title="bbox 109 1427 1429 1479; baseline 0.002 -11"><span class='ocrx_word' id='word_1_164' title='bbox 109 1427 209 1469; x_wconf 78' lang='grc' dir='ltr'>εἶναι</span> <span class='ocrx_word' id='word_1_165' title='bbox 232 1428 303 1479; x_wconf 78' lang='grc' dir='ltr'>τὴν</span> <span class='ocrx_word' id='word_1_166' title='bbox 328 1428 448 1479; x_wconf 78' lang='grc' dir='ltr'>αὐτὴν</span> <span class='ocrx_word' id='word_1_167' title='bbox 467 1433 536 1469; x_wconf 82' lang='grc' dir='ltr'>τοῦ</span> <span class='ocrx_word' id='word_1_168' title='bbox 560 1446 602 1469; x_wconf 91' lang='grc' dir='ltr'>τε</span> <span class='ocrx_word' id='word_1_169' title='bbox 626 1428 851 1479; x_wconf 80' lang='grc' dir='ltr'>λαμβάνειν</span> <span class='ocrx_word' id='word_1_170' title='bbox 879 1429 941 1469; x_wconf 89' lang='grc' dir='ltr'>καὶ</span> <span class='ocrx_word' id='word_1_171' title='bbox 966 1433 1033 1469; x_wconf 85' lang='grc' dir='ltr'>τοῦ</span> <span class='ocrx_word' id='word_1_172' title='bbox 1056 1433 1183 1469; x_wconf 89' lang='grc' dir='ltr'>ποιεῖν</span> <span class='ocrx_word' id='word_1_173' title='bbox 1203 1431 1251 1469; x_wconf 80' lang='grc' dir='ltr'>τὰ</span> <span class='ocrx_word' id='word_1_174' title='bbox 1276 1429 1429 1477; x_wconf 74' lang='grc' dir='ltr'>δέοντα,</span> 
     </span>
    </p>

    <p class='ocr_par' dir='ltr' id='par_1_6' title="bbox 51 1494 1529 1815">
     <span class='ocr_line' id='line_1_21' title="bbox 51 1494 1426 1548; baseline 0.003 -16"><span class='ocrx_word' id='word_1_175' title='bbox 51 1510 89 1532; x_wconf 89' lang='lat'>20</span> <span class='ocrx_word' id='word_1_176' title='bbox 107 1495 215 1546; x_wconf 84' lang='grc' dir='ltr'>ὑμεῖς</span> <span class='ocrx_word' id='word_1_177' title='bbox 234 1496 267 1535; x_wconf 92' lang='grc' dir='ltr'>δ’</span> <span class='ocrx_word' id='word_1_178' title='bbox 286 1496 386 1536; x_wconf 84' lang='grc' dir='ltr'>οὕτω</span> <span class='ocrx_word' id='word_1_179' title='bbox 406 1513 487 1538; x_wconf 85' lang='grc' dir='ltr'>πως</span> <span class='ocrx_word' id='word_1_180' title='bbox 503 1495 595 1537; x_wconf 84' lang='grc' dir='ltr'>ἄνευ</span> <span class='ocrx_word' id='word_1_181' title='bbox 614 1494 854 1548; x_wconf 87' lang='grc' dir='ltr'>πραγμάτων</span> <span class='ocrx_word' id='word_1_182' title='bbox 873 1495 1098 1546; x_wconf 87' lang='grc' dir='ltr'>λαμβάνειν</span> <span class='ocrx_word' id='word_1_183' title='bbox 1117 1497 1172 1537; x_wconf 83' lang='grc' dir='ltr'>εἰς</span> <span class='ocrx_word' id='word_1_184' title='bbox 1190 1497 1259 1538; x_wconf 78' lang='grc' dir='ltr'>τὰς</span> <span class='ocrx_word' id='word_1_185' title='bbox 1279 1496 1426 1548; x_wconf 84' lang='grc' dir='ltr'>ἑορτάς.</span> 
     </span>
     <span class='ocr_line' id='line_1_22' title="bbox 108 1561 1529 1619; baseline 0.002 -18"><span class='ocrx_word' id='word_1_186' title='bbox 108 1561 193 1602; x_wconf 81' lang='grc' dir='ltr'>ἔστι</span> <span class='ocrx_word' id='word_1_187' title='bbox 227 1562 272 1612; x_wconf 80' lang='grc' dir='ltr'>δὴ</span> <span class='ocrx_word' id='word_1_188' title='bbox 302 1564 456 1609; x_wconf 90' lang='grc' dir='ltr'>λοιπόν,</span> <span class='ocrx_word' id='word_1_189' title='bbox 491 1563 611 1614; x_wconf 76' lang='grc' dir='ltr'>οἶμαι,</span> <span class='ocrx_word' id='word_1_190' title='bbox 641 1562 789 1604; x_wconf 84' lang='grc' dir='ltr'>πάντας</span> <span class='ocrx_word' id='word_1_191' title='bbox 822 1561 1038 1615; x_wconf 84' lang='grc' dir='ltr'>εἰσφέρειν,</span> <span class='ocrx_word' id='word_1_192' title='bbox 1068 1562 1116 1603; x_wconf 79' lang='grc' dir='ltr'>ἂν</span> <span class='ocrx_word' id='word_1_193' title='bbox 1149 1562 1313 1603; x_wconf 82' lang='grc' dir='ltr'>πολλῶν</span> <span class='ocrx_word' id='word_1_194' title='bbox 1345 1562 1424 1619; x_wconf 86' lang='grc' dir='ltr'>δέῃ,</span> <span class='ocrx_word' id='word_1_195' title='bbox 1457 1564 1529 1619; x_wconf 88' lang='lat'><strong>[15]</strong></span> 
     </span>
     <span class='ocr_line' id='line_1_23' title="bbox 108 1628 1428 1682; baseline 0.002 -14"><span class='ocrx_word' id='word_1_196' title='bbox 108 1628 254 1675; x_wconf 92' lang='grc' dir='ltr'>πολλά,</span> <span class='ocrx_word' id='word_1_197' title='bbox 275 1629 324 1669; x_wconf 80' lang='grc' dir='ltr'>ἂν</span> <span class='ocrx_word' id='word_1_198' title='bbox 342 1630 502 1682; x_wconf 85' lang='grc' dir='ltr'>ὀλίγων,</span> <span class='ocrx_word' id='word_1_199' title='bbox 521 1631 649 1682; x_wconf 86' lang='grc' dir='ltr'>ὀλίγα.</span> <span class='ocrx_word' id='word_1_200' title='bbox 705 1632 765 1670; x_wconf 85' lang='grc' dir='ltr'>δεῖ</span> <span class='ocrx_word' id='word_1_201' title='bbox 782 1631 823 1669; x_wconf 82' lang='grc' dir='ltr'>δὲ</span> <span class='ocrx_word' id='word_1_202' title='bbox 842 1628 1068 1682; x_wconf 80' lang='grc' dir='ltr'>χρημάτων,</span> <span class='ocrx_word' id='word_1_203' title='bbox 1089 1630 1150 1669; x_wconf 83' lang='grc' dir='ltr'>καὶ</span> <span class='ocrx_word' id='word_1_204' title='bbox 1170 1629 1261 1670; x_wconf 83' lang='grc' dir='ltr'>ἄνευ</span> <span class='ocrx_word' id='word_1_205' title='bbox 1280 1629 1428 1670; x_wconf 86' lang='grc' dir='ltr'>τούτων</span> 
     </span>
     <span class='ocr_line' id='line_1_24' title="bbox 107 1694 1428 1748; baseline 0.002 -14"><span class='ocrx_word' id='word_1_206' title='bbox 107 1694 217 1736; x_wconf 82' lang='grc' dir='ltr'>οὐδὲν</span> <span class='ocrx_word' id='word_1_207' title='bbox 242 1696 328 1737; x_wconf 85' lang='grc' dir='ltr'>ἔστι</span> <span class='ocrx_word' id='word_1_208' title='bbox 351 1696 538 1748; x_wconf 87' lang='grc' dir='ltr'>γενέσθαι</span> <span class='ocrx_word' id='word_1_209' title='bbox 567 1700 645 1736; x_wconf 86' lang='grc' dir='ltr'>τῶν</span> <span class='ocrx_word' id='word_1_210' title='bbox 672 1696 853 1736; x_wconf 87' lang='grc' dir='ltr'>δεόντων.</span> <span class='ocrx_word' id='word_1_211' title='bbox 923 1695 1091 1747; x_wconf 88' lang='grc' dir='ltr'>λέγουσι</span> <span class='ocrx_word' id='word_1_212' title='bbox 1119 1698 1160 1736; x_wconf 84' lang='grc' dir='ltr'>δὲ</span> <span class='ocrx_word' id='word_1_213' title='bbox 1191 1696 1253 1736; x_wconf 84' lang='grc' dir='ltr'>καὶ</span> <span class='ocrx_word' id='word_1_214' title='bbox 1283 1696 1428 1738; x_wconf 83' lang='grc' dir='ltr'>ἄλλους</span> 
     </span>
     <span class='ocr_line' id='line_1_25' title="bbox 106 1762 1425 1815; baseline 0.002 -14"><span class='ocrx_word' id='word_1_215' title='bbox 106 1763 213 1803; x_wconf 81' lang='grc' dir='ltr'>τινὰς</span> <span class='ocrx_word' id='word_1_216' title='bbox 241 1762 359 1803; x_wconf 85' lang='grc' dir='ltr'>ἄλλοι</span> <span class='ocrx_word' id='word_1_217' title='bbox 386 1764 541 1815; x_wconf 89' lang='grc' dir='ltr'>πόρους,</span> <span class='ocrx_word' id='word_1_218' title='bbox 569 1764 622 1803; x_wconf 82' lang='grc' dir='ltr'>ῶν</span> <span class='ocrx_word' id='word_1_219' title='bbox 653 1762 786 1804; x_wconf 84' lang='grc' dir='ltr'>ἕλεσθ’</span> <span class='ocrx_word' id='word_1_220' title='bbox 812 1764 922 1804; x_wconf 84' lang='grc' dir='ltr'>ὅστις</span> <span class='ocrx_word' id='word_1_221' title='bbox 951 1763 1040 1813; x_wconf 84' lang='grc' dir='ltr'>ὑμῖν</span> <span class='ocrx_word' id='word_1_222' title='bbox 1066 1762 1283 1815; x_wconf 84' lang='grc' dir='ltr'>συμφέρειν</span> <span class='ocrx_word' id='word_1_223' title='bbox 1309 1766 1425 1804; x_wconf 87' lang='grc' dir='ltr'>δοκεῖ·</span> 
     </span>
    </p>

    <p class='ocr_par' dir='ltr' id='par_1_7' title="bbox 49 1828 1225 1885">
     <span class='ocr_line' id='line_1_26' title="bbox 49 1828 1225 1885; baseline 0.003 -18"><span class='ocrx_word' id='word_1_224' title='bbox 49 1842 85 1874; x_wconf 85' lang='lat'>25</span> <span class='ocrx_word' id='word_1_225' title='bbox 108 1828 266 1885; x_wconf 38' lang='lat' dir='ltr'>192*ng</span> <span class='ocrx_word' id='word_1_226' title='bbox 291 1830 378 1869; x_wconf 84' lang='grc' dir='ltr'>ἐστὶ</span> <span class='ocrx_word' id='word_1_227' title='bbox 404 1830 546 1882; x_wconf 91' lang='grc' dir='ltr'>καιρός,</span> <span class='ocrx_word' id='word_1_228' title='bbox 574 1828 845 1880; x_wconf 86' lang='grc' dir='ltr'>ἀντιλάβεσθε</span> <span class='ocrx_word' id='word_1_229' title='bbox 869 1833 947 1869; x_wconf 89' lang='grc' dir='ltr'>τῶν</span> <span class='ocrx_word' id='word_1_230' title='bbox 973 1828 1225 1881; x_wconf 89' lang='grc' dir='ltr'>πραγμάτων.</span> 
     </span>
    </p>

    <p class='ocr_par' dir='ltr' id='par_1_8' title="bbox 105 1891 1497 2150">
     <span class='ocr_line' id='line_1_27' title="bbox 113 1891 1497 1952; baseline 0.002 -17"><span class='ocrx_word' id='word_1_231' title='bbox 113 1891 137 1914; x_wconf 57' lang='grc'>”’</span> <span class='ocrx_word' id='word_1_232' title='bbox 164 1895 305 1952; x_wconf 59' lang='grc' dir='ltr'>’Ἄξιον</span> <span class='ocrx_word' id='word_1_233' title='bbox 336 1895 368 1936; x_wconf 85' lang='grc' dir='ltr'>δ’</span> <span class='ocrx_word' id='word_1_234' title='bbox 402 1897 663 1947; x_wconf 83' lang='grc' dir='ltr'>ἐνθυμηθῆναι</span> <span class='ocrx_word' id='word_1_235' title='bbox 700 1897 762 1936; x_wconf 88' lang='grc' dir='ltr'>καὶ</span> <span class='ocrx_word' id='word_1_236' title='bbox 798 1897 1045 1948; x_wconf 89' lang='grc' dir='ltr'>λογίσασθαι</span> <span class='ocrx_word' id='word_1_237' title='bbox 1076 1897 1124 1935; x_wconf 81' lang='grc' dir='ltr'>τὰ</span> <span class='ocrx_word' id='word_1_238' title='bbox 1155 1895 1350 1947; x_wconf 79' lang='grc' dir='ltr'>πράγματ’</span> <span class='ocrx_word' id='word_1_239' title='bbox 1385 1897 1427 1936; x_wconf 83' lang='grc' dir='ltr'>ἐν</span> <span class='ocrx_word' id='word_1_240' title='bbox 1457 1911 1497 1938; x_wconf 89' lang='lat'>21</span> 
     </span>
     <span class='ocr_line' id='line_1_28' title="bbox 105 1960 1426 2016; baseline 0.001 -14"><span class='ocrx_word' id='word_1_241' title='bbox 105 1960 134 2016; x_wconf 80' lang='grc' dir='ltr'>ᾧ</span> <span class='ocrx_word' id='word_1_242' title='bbox 163 1961 379 2013; x_wconf 91' lang='grc' dir='ltr'>καθέστηκε</span> <span class='ocrx_word' id='word_1_243' title='bbox 411 1963 493 2003; x_wconf 83' lang='grc' dir='ltr'>νυνὶ</span> <span class='ocrx_word' id='word_1_244' title='bbox 526 1965 574 2002; x_wconf 82' lang='grc' dir='ltr'>τὰ</span> <span class='ocrx_word' id='word_1_245' title='bbox 605 1963 820 2004; x_wconf 89' lang='grc' dir='ltr'>Φιλίππου.</span> <span class='ocrx_word' id='word_1_246' title='bbox 892 1963 980 2002; x_wconf 80' lang='grc' dir='ltr'>οὔτε</span> <span class='ocrx_word' id='word_1_247' title='bbox 1013 1961 1101 2014; x_wconf 90' lang='grc' dir='ltr'>γάρ,</span> <span class='ocrx_word' id='word_1_248' title='bbox 1136 1962 1187 2004; x_wconf 82' lang='grc' dir='ltr'>ὡς</span> <span class='ocrx_word' id='word_1_249' title='bbox 1223 1965 1330 2003; x_wconf 91' lang='grc' dir='ltr'>δοκεῖ</span> <span class='ocrx_word' id='word_1_250' title='bbox 1365 1963 1426 2003; x_wconf 87' lang='grc' dir='ltr'>καὶ</span> 
     </span>
     <span class='ocr_line' id='line_1_29' title="bbox 105 2027 1426 2081; baseline 0.001 -13"><span class='ocrx_word' id='word_1_251' title='bbox 105 2027 250 2080; x_wconf 84' lang='grc' dir='ltr'>φήσειέ</span> <span class='ocrx_word' id='word_1_252' title='bbox 281 2045 339 2071; x_wconf 91' lang='grc' dir='ltr'>τις</span> <span class='ocrx_word' id='word_1_253' title='bbox 372 2029 421 2070; x_wconf 84' lang='grc' dir='ltr'>ἃν</span> <span class='ocrx_word' id='word_1_254' title='bbox 451 2029 502 2080; x_wconf 78' lang='grc' dir='ltr'>μὴ</span> <span class='ocrx_word' id='word_1_255' title='bbox 538 2033 697 2070; x_wconf 84' lang='grc' dir='ltr'>σκοπῶν</span> <span class='ocrx_word' id='word_1_256' title='bbox 731 2030 916 2081; x_wconf 84' lang='grc' dir='ltr'>ἀκριβῶς,</span> <span class='ocrx_word' id='word_1_257' title='bbox 951 2028 1145 2080; x_wconf 82' lang='grc' dir='ltr'>εὐτρεπῶς</span> <span class='ocrx_word' id='word_1_258' title='bbox 1181 2028 1258 2069; x_wconf 80' lang='grc' dir='ltr'>οὐδ’</span> <span class='ocrx_word' id='word_1_259' title='bbox 1293 2029 1343 2070; x_wconf 85' lang='grc' dir='ltr'>ὡς</span> <span class='ocrx_word' id='word_1_260' title='bbox 1379 2028 1426 2069; x_wconf 81' lang='grc' dir='ltr'>ἂν</span> 
     </span>
     <span class='ocr_line' id='line_1_30' title="bbox 106 2094 1426 2150; baseline 0.002 -16"><span class='ocrx_word' id='word_1_261' title='bbox 106 2094 287 2135; x_wconf 87' lang='grc' dir='ltr'>κάλλιστ’</span> <span class='ocrx_word' id='word_1_262' title='bbox 308 2096 410 2150; x_wconf 81' lang='grc' dir='ltr'>αὐτῷ</span> <span class='ocrx_word' id='word_1_263' title='bbox 429 2098 477 2136; x_wconf 81' lang='grc' dir='ltr'>τὰ</span> <span class='ocrx_word' id='word_1_264' title='bbox 496 2096 657 2147; x_wconf 91' lang='grc' dir='ltr'>παρόντ’</span> <span class='ocrx_word' id='word_1_265' title='bbox 674 2095 769 2150; x_wconf 81' lang='grc' dir='ltr'>ἔχει,</span> <span class='ocrx_word' id='word_1_266' title='bbox 792 2095 871 2136; x_wconf 83' lang='grc' dir='ltr'>οὔτ’</span> <span class='ocrx_word' id='word_1_267' title='bbox 891 2095 938 2136; x_wconf 79' lang='grc' dir='ltr'>ἂν</span> <span class='ocrx_word' id='word_1_268' title='bbox 958 2094 1143 2147; x_wconf 77' lang='grc' dir='ltr'>ἐξήνεγκε</span> <span class='ocrx_word' id='word_1_269' title='bbox 1163 2095 1230 2135; x_wconf 87' lang='grc' dir='ltr'>τὸν</span> <span class='ocrx_word' id='word_1_270' title='bbox 1250 2096 1426 2146; x_wconf 88' lang='grc' dir='ltr'>πόλεμόν</span> 
     </span>
    </p>
   </div>
   <div class='ocr_carea' id='block_1_3' title="bbox 110 1940 212 1948">
    <p class='ocr_par' dir='ltr' id='par_1_9' title="bbox 110 1940 212 1948">
     <span class='ocr_line' id='line_1_31' title="bbox 110 1940 212 1948; baseline 0 896"><span class='ocrx_word' id='word_1_271' title='bbox 110 1940 212 1948; x_wconf 95' lang='lat' dir='ltr'> </span> 
     </span>
    </p>
   </div>
   <div class='ocr_carea' id='block_1_4' title="bbox 104 2203 1423 2460">
    <p class='ocr_par' dir='ltr' id='par_1_10' title="bbox 104 2203 1423 2460">
     <span class='ocr_line' id='line_1_32' title="bbox 147 2203 1422 2244; baseline -0.002 -8"><span class='ocrx_word' id='word_1_272' title='bbox 147 2213 166 2243; x_wconf 87' lang='grc'>5</span> <span class='ocrx_word' id='word_1_273' title='bbox 191 2204 369 2244; x_wconf 79' lang='grc' dir='ltr'>ἀμυνεῖται]</span> <span class='ocrx_word' id='word_1_274' title='bbox 389 2205 502 2244; x_wconf 78' lang='grc' dir='ltr'>ἀμῦναι</span> <span class='ocrx_word' id='word_1_275' title='bbox 520 2204 552 2235; x_wconf 79' lang='lat' dir='ltr'>S*</span> <span class='ocrx_word' id='word_1_276' title='bbox 724 2215 763 2235; x_wconf 91' lang='lat'>12</span> <span class='ocrx_word' id='word_1_277' title='bbox 788 2205 891 2237; x_wconf 79' lang='grc' dir='ltr'>οὐδενὶ</span> <span class='ocrx_word' id='word_1_278' title='bbox 909 2204 1005 2235; x_wconf 86' lang='lat' dir='ltr'>codd.</span> <span class='ocrx_word' id='word_1_279' title='bbox 1026 2204 1082 2242; x_wconf 89' lang='lat' dir='ltr'>(cf.</span> <span class='ocrx_word' id='word_1_280' title='bbox 1100 2203 1181 2234; x_wconf 81' lang='lat' dir='ltr'>xviii</span> <span class='ocrx_word' id='word_1_281' title='bbox 1200 2213 1251 2242; x_wconf 75' lang='lat'>23,</span> <span class='ocrx_word' id='word_1_282' title='bbox 1271 2204 1328 2233; x_wconf 83' lang='lat' dir='ltr'>xix</span> <span class='ocrx_word' id='word_1_283' title='bbox 1346 2206 1422 2244; x_wconf 84' lang='lat'>50):</span> 
     </span>
     <span class='ocr_line' id='line_1_33' title="bbox 105 2246 1423 2289; baseline 0 -11"><span class='ocrx_word' id='word_1_284' title='bbox 105 2246 212 2279; x_wconf 87' lang='grc' dir='ltr'>οὐδέσι</span> <span class='ocrx_word' id='word_1_285' title='bbox 231 2248 385 2286; x_wconf 86' lang='lat' dir='ltr'>Dindorf,</span> <span class='ocrx_word' id='word_1_286' title='bbox 403 2248 441 2278; x_wconf 91' lang='lat' dir='ltr'>cf.</span> <span class='ocrx_word' id='word_1_287' title='bbox 459 2258 479 2277; x_wconf 92' lang='lat' dir='ltr'>v</span> <span class='ocrx_word' id='word_1_288' title='bbox 496 2257 515 2286; x_wconf 88' lang='lat'>5</span> <span class='ocrx_word' id='word_1_289' title='bbox 599 2248 815 2289; x_wconf 81' lang='grc' dir='ltr'>στρατιωτικά</span> <span class='ocrx_word' id='word_1_290' title='bbox 832 2247 911 2278; x_wconf 85' lang='lat' dir='ltr'>secl.</span> <span class='ocrx_word' id='word_1_291' title='bbox 931 2247 1078 2286; x_wconf 75' lang='lat' dir='ltr'>Madvig,</span> <span class='ocrx_word' id='word_1_292' title='bbox 1099 2247 1208 2277; x_wconf 85' lang='lat' dir='ltr'>Cobet</span> <span class='ocrx_word' id='word_1_293' title='bbox 1310 2248 1349 2277; x_wconf 89' lang='lat'>18</span> <span class='ocrx_word' id='word_1_294' title='bbox 1373 2248 1423 2278; x_wconf 80' lang='grc' dir='ltr'>καὶ</span> 
     </span>
     <span class='ocr_line' id='line_1_34' title="bbox 105 2290 1423 2332; baseline 0.002 -12"><span class='ocrx_word' id='word_1_295' title='bbox 105 2314 111 2320; x_wconf 98' lang='grc'>.</span> <span class='ocrx_word' id='word_1_296' title='bbox 130 2315 136 2321; x_wconf 92' lang='grc'>.</span> <span class='ocrx_word' id='word_1_297' title='bbox 155 2314 161 2320; x_wconf 93' lang='grc'>.</span> <span class='ocrx_word' id='word_1_298' title='bbox 181 2291 396 2332; x_wconf 80' lang='grc' dir='ltr'>στρατιωτικά</span> <span class='ocrx_word' id='word_1_299' title='bbox 412 2290 492 2322; x_wconf 83' lang='lat' dir='ltr'>secl.</span> <span class='ocrx_word' id='word_1_300' title='bbox 513 2290 647 2322; x_wconf 82' lang='lat' dir='ltr'>Dobrce</span> <span class='ocrx_word' id='word_1_301' title='bbox 736 2292 827 2323; x_wconf 83' lang='grc' dir='ltr'>ταῦτ’</span> <span class='ocrx_word' id='word_1_302' title='bbox 845 2291 923 2322; x_wconf 81' lang='lat' dir='ltr'>secl.</span> <span class='ocrx_word' id='word_1_303' title='bbox 942 2290 1079 2321; x_wconf 82' lang='lat' dir='ltr'><strong>Bekker</strong></span> <span class='ocrx_word' id='word_1_304' title='bbox 1179 2301 1220 2320; x_wconf 84' lang='lat'>20</span> <span class='ocrx_word' id='word_1_305' title='bbox 1244 2290 1423 2330; x_wconf 82' lang='grc' dir='ltr'>λαμβάνειν</span> 
     </span>
     <span class='ocr_line' id='line_1_35' title="bbox 105 2333 1423 2375; baseline 0 -11"><span class='ocrx_word' id='word_1_306' title='bbox 105 2334 130 2364; x_wconf 89' lang='lat' dir='ltr'>S</span> <span class='ocrx_word' id='word_1_307' title='bbox 143 2333 168 2364; x_wconf 82' lang='lat' dir='ltr'>F</span> <span class='ocrx_word' id='word_1_308' title='bbox 179 2333 217 2364; x_wconf 91' lang='lat' dir='ltr'>B¹</span> <span class='ocrx_word' id='word_1_309' title='bbox 235 2346 241 2364; x_wconf 90' lang='lat'>:</span> <span class='ocrx_word' id='word_1_310' title='bbox 266 2333 451 2373; x_wconf 77' lang='grc' dir='ltr'>λαμβάνετε</span> <span class='ocrx_word' id='word_1_311' title='bbox 469 2333 558 2373; x_wconf 85' lang='lat' dir='ltr'>vulg.</span> <span class='ocrx_word' id='word_1_312' title='bbox 685 2345 724 2373; x_wconf 86' lang='lat'>24</span> <span class='ocrx_word' id='word_1_313' title='bbox 750 2334 924 2375; x_wconf 76' lang='grc' dir='ltr'>συμφέρειν</span> <span class='ocrx_word' id='word_1_314' title='bbox 940 2336 1029 2366; x_wconf 83' lang='grc' dir='ltr'>δοκεῖ</span> <span class='ocrx_word' id='word_1_315' title='bbox 1044 2334 1067 2364; x_wconf 82' lang='lat' dir='ltr'>S</span> <span class='ocrx_word' id='word_1_316' title='bbox 1081 2333 1108 2363; x_wconf 88' lang='grc' dir='ltr'><em>Β</em></span> <span class='ocrx_word' id='word_1_317' title='bbox 1120 2333 1149 2363; x_wconf 77' lang='lat' dir='ltr'>Y</span> <span class='ocrx_word' id='word_1_318' title='bbox 1163 2345 1168 2363; x_wconf 90' lang='lat'>:</span> <span class='ocrx_word' id='word_1_319' title='bbox 1196 2335 1233 2365; x_wconf 74' lang='grc' dir='ltr'>ἂν</span> <span class='ocrx_word' id='word_1_320' title='bbox 1251 2333 1423 2375; x_wconf 84' lang='grc' dir='ltr'>συμφέρειν</span> 
     </span>
     <span class='ocr_line' id='line_1_36' title="bbox 104 2376 1422 2419; baseline -0.002 -11"><span class='ocrx_word' id='word_1_321' title='bbox 104 2378 181 2419; x_wconf 80' lang='grc' dir='ltr'>δοκῇ</span> <span class='ocrx_word' id='word_1_322' title='bbox 198 2376 287 2416; x_wconf 79' lang='lat' dir='ltr'>vulg.</span> <span class='ocrx_word' id='word_1_323' title='bbox 392 2379 433 2408; x_wconf 79' lang='lat'>28</span> <span class='ocrx_word' id='word_1_324' title='bbox 458 2380 612 2418; x_wconf 78' lang='grc' dir='ltr'>εὐτρεπῶς</span> <span class='ocrx_word' id='word_1_325' title='bbox 631 2378 654 2408; x_wconf 88' lang='lat' dir='ltr'>S</span> <span class='ocrx_word' id='word_1_326' title='bbox 668 2377 694 2408; x_wconf 86' lang='lat' dir='ltr'>B</span> <span class='ocrx_word' id='word_1_327' title='bbox 710 2389 714 2408; x_wconf 92' lang='lat'>:</span> <span class='ocrx_word' id='word_1_328' title='bbox 742 2380 902 2419; x_wconf 82' lang='grc' dir='ltr'>εὐπρεπῶς</span> <span class='ocrx_word' id='word_1_329' title='bbox 919 2377 1006 2416; x_wconf 83' lang='lat' dir='ltr'>vulg.</span> <span class='ocrx_word' id='word_1_330' title='bbox 1122 2387 1164 2415; x_wconf 80' lang='lat'>29</span> <span class='ocrx_word' id='word_1_331' title='bbox 1189 2378 1258 2416; x_wconf 77' lang='grc' dir='ltr'>ἔχει</span> <span class='ocrx_word' id='word_1_332' title='bbox 1275 2377 1361 2415; x_wconf 83' lang='lat' dir='ltr'>Aug.</span> <span class='ocrx_word' id='word_1_333' title='bbox 1380 2386 1399 2415; x_wconf 84' lang='lat'><strong>3</strong></span> <span class='ocrx_word' id='word_1_334' title='bbox 1416 2386 1422 2406; x_wconf 72' lang='grc' dir='ltr'>ι</span> 
     </span>
     <span class='ocr_line' id='line_1_37' title="bbox 105 2419 504 2460; baseline 0 -10"><span class='ocrx_word' id='word_1_335' title='bbox 105 2419 178 2458; x_wconf 80' lang='grc' dir='ltr'>ἔχηι</span> <span class='ocrx_word' id='word_1_336' title='bbox 196 2419 220 2450; x_wconf 90' lang='lat' dir='ltr'>S</span> <span class='ocrx_word' id='word_1_337' title='bbox 237 2419 325 2458; x_wconf 70' lang='lat' dir='ltr'>vulg,</span> <span class='ocrx_word' id='word_1_338' title='bbox 345 2430 351 2449; x_wconf 90' lang='lat'><strong>:</strong></span> <span class='ocrx_word' id='word_1_339' title='bbox 378 2420 446 2460; x_wconf 84' lang='grc' dir='ltr'>ἔχοι</span> <span class='ocrx_word' id='word_1_340' title='bbox 465 2421 504 2450; x_wconf 87' lang='lat' dir='ltr'>al.</span> 
     </span>
    </p>
   </div>
  </div>
 </body>
</html>
