1747 2844
149 860 187 883 10

146 1527 186 1549 20

146 1862 183 1893 25

211 133 296 177 xlx]
436 137 577 176 ΠΕΡΙ
626 137 748 176 ΤΗΣ
798 135 1317 175 ΠΑΡΑΠΙ)ΕΣΒΕ1ΑΣ

770 238 968 267 ΨΗΦΙΣΜΑ.

274 307 396 348 Ταῦθ’
420 309 538 359 ὑμεῖς,
567 306 595 347 ὦ
622 307 757 359 ἄνδρες
784 307 978 352 δικασταί,
1007 307 1131 358 ὀρθῶς
1158 307 1219 346 καὶ
1254 310 1381 348 καλῶς
1413 310 1536 346 πᾶσιν

200 374 382 425 ’Έλλησι
424 375 485 415 καὶ
532 373 755 427 βαρβάροις
799 372 938 413 δοκεῖτ’
982 373 1214 424 ἐψηφίσθαι
1258 372 1339 412 κατ’
1384 374 1534 424 ἀνδρῶν

208 445 409 493 προδοτῶν
435 440 497 481 καὶ
526 444 628 482 θεοῖς
659 442 824 493 ἐχθρῶν.
898 439 1032 489 ἐπειδὴ
1068 440 1199 480 τοίνυν
1229 439 1273 479 τὸ
1304 442 1536 491 δωροδοκεῖν

206 509 397 560 πρότερον
422 511 489 548 τοῦ
513 509 561 547 τὰ
586 510 746 547 τοιαῦτα
771 510 898 547 ποιεῖν
924 508 1013 546 ἐστι
1040 506 1100 546 καὶ
1127 505 1176 546 δι’
1205 507 1331 547 ἐκεῖνο
1360 506 1422 545 καὶ
1446 505 1536 546 τάδε

207 574 429 628 πράττουσί
457 591 572 620 τινες,
606 573 651 615 ὃν
684 573 745 619 ἄν,
778 572 807 613 ὦ
840 573 979 624 ἄνδρες
1011 572 1227 623 Ἀθηναῖοι,
1260 572 1536 625 δωροδοκοῦντ’

206 643 327 692 ἰ’ὃητε,
364 645 503 682 τοῦτον
541 641 602 681 καὶ
640 641 836 692 προδότην
873 640 972 680 εῖναι
1009 640 1200 691 νομίζετε.
1274 641 1307 680 εἰ
1344 640 1376 679 δ’
1411 641 1431 679 ὁ
1464 642 1537 691 μὲν

208 708 374 760 καιρούς,
410 709 430 747 ὁ
463 710 505 749 δὲ
537 707 761 760 πράγματα,
795 708 815 746 ὁ
848 708 890 747 δὲ
924 706 1170 758 στρατιώτας
1203 707 1455 758 προδίδωσιν,
1481 708 1536 747 ὧν

206 774 254 817 ἂν
279 775 462 822 ἕκαστος,
490 775 609 826 οἶμαι,
634 775 763 826 κύριος
788 773 962 826 γένηται,
984 777 1107 813 ταῦτα
1133 775 1367 826 διαφθείρει·
1403 778 1536 824 μισεῖν

206 841 238 882 δ’
264 842 406 893 ὁμοίως
439 842 529 883 τοὺς
558 841 758 883 τοιούτους
788 840 938 882 πάντας
971 839 1178 892 προσήκει.
1250 840 1339 880 ἔστι
1370 840 1403 879 δ’
1430 842 1533 890 ὑμῖν,

206 907 235 949 ὦ
261 908 398 961 ἄνδρες
419 909 636 959 Ἀθηναῖοι,
665 908 752 960 περὶ
779 908 929 948 τούτων
953 908 1088 958 μόνοις
1109 911 1187 947 τῶν
1207 906 1365 948 πάντων
1385 907 1534 959 ἀνθρώ-

207 992 291 1016 πων
328 977 486 1018 οἰκείοις
522 978 698 1029 χρῆσθαι
737 975 1043 1027 παραδείγμασι,
1081 974 1142 1014 καὶ
1178 974 1269 1016 τοὺς
1305 975 1534 1026 προγόνους,

207 1041 271 1084 οὓς
297 1044 494 1083 ἐπαινεῖτε
518 1043 690 1088 δικαίως,
720 1043 820 1097 ἔργῳ
847 1044 1066 1093 μιμεῖσθαι.
1139 1041 1201 1081 καὶ
1228 1043 1302 1093 γὰρ
1329 1043 1362 1081 εἰ
1379 1040 1442 1097 μὴ
1468 1042 1537 1083 τὰς

205 1108 336 1162 μάχας
359 1111 457 1160 μηδὲ
482 1110 551 1151 τὰς
578 1110 788 1161 στρατείας
813 1111 910 1160 μηδὲ
936 1109 1025 1150 τοὺς
1053 1108 1265 1154 κινδύνους,
1288 1109 1330 1148 ἐν
1356 1108 1414 1149 οῖς
1433 1107 1537 1158 ἦσαν

207 1177 350 1217 ἐκεῖνοι
391 1177 578 1228 λαμπροί,
627 1177 843 1227 συμβαίνει
888 1176 1032 1228 καιρός,
1078 1174 1169 1215 ἀλλ’
1213 1174 1323 1226 ἄγεθ’
1365 1175 1536 1227 ἡσυχίαν

205 1243 313 1293 ὑμεῖς
339 1244 381 1283 ἐν
401 1246 452 1297 τῷ
474 1244 650 1295 παρόντι,
676 1244 783 1283 ἀλλὰ
809 1243 854 1283 τό
879 1242 915 1295 γ’
938 1242 978 1283 εὖ
999 1246 1163 1295 φρονεῖν
1184 1241 1310 1284 αὐτῶν
1334 1243 1529 1292 μιμεῖσθε.

205 1310 343 1350 τούτου
380 1311 454 1361 γὰρ
488 1313 693 1363 πανταχοῦ
731 1311 859 1363 χρεία,
890 1311 952 1350 καὶ
986 1309 1098 1350 οὐδέν
1129 1310 1216 1349 ἐστι
1253 1307 1532 1360 πραγματωδέ-

207 1393 349 1428 στερον
375 1376 452 1416 οὐδ’
480 1378 748 1430 ὀχληρότερον
776 1376 820 1416 τὸ
848 1381 977 1418 καλῶς
997 1379 1163 1429 φρονεῖν
1188 1379 1256 1415 τοῦ
1284 1379 1420 1421 κακῶς,
1444 1374 1535 1415 ἀλλ’

205 1445 246 1483 ἐν
276 1447 327 1498 τῷ
360 1445 433 1498 ἴσῳ
468 1444 597 1498 χρόνῳ
625 1444 708 1484 νυνὶ
744 1443 960 1494 καθήμενος
990 1445 1096 1494 ὑμῶν
1131 1444 1308 1488 ἕκαστος,
1336 1442 1384 1482 ἂν
1416 1444 1488 1493 μὲν
1514 1442 1537 1481 δ,

204 1509 280 1563 χρὴ
306 1511 510 1566 γιγνώσκῃ
537 1511 625 1563 περὶ
651 1514 729 1551 τῶν
757 1510 997 1562 πραγμάτων
1034 1510 1096 1550 καὶ
1123 1510 1358 1562 ψηφίζηται,
1385 1510 1535 1560 βελτίω

205 1579 252 1616 τὰ
278 1579 389 1617 κοινὰ
414 1576 573 1627 ποιήσει
598 1583 645 1634 τῇ
675 1578 791 1618 πόλει
824 1578 886 1617 καὶ
917 1576 1007 1627 ἄξια
1037 1580 1114 1617 τῶν
1148 1577 1354 1628 προγόνων
1383 1574 1533 1627 πράξει,

205 1643 252 1684 ἂν
278 1644 311 1684 δ’
336 1644 360 1684 ἃ
384 1644 436 1695 μὴ
462 1647 532 1690 δεῖ,
561 1645 801 1696 φαυλότερα,
832 1644 893 1684 καὶ
921 1643 1061 1694 ἀνάξια
1086 1647 1162 1683 τῶν
1189 1644 1396 1695 προγόνων
1421 1641 1533 1692 ποιή-

205 1728 281 1751 σει.
351 1712 392 1752 τί
421 1712 490 1752 οὖν
519 1713 662 1752 ἐκεῖνοι
694 1712 783 1763 περὶ
813 1711 961 1751 τούτων
998 1712 1212 1763 ἐφρόνουν;
1252 1710 1361 1750 ταυτὶ
1395 1710 1537 1760 λαβὼν

205 1777 417 1830 ἀνάγνωθι,
439 1781 679 1830 γραμματεῦ·
719 1781 779 1819 δεῖ
802 1780 877 1831 γὰρ
896 1779 995 1829 ὑμᾶς
1016 1779 1112 1818 ἰδεῖν
1138 1779 1199 1817 ὅτι
1219 1777 1283 1817 ἐπὶ
1306 1781 1388 1818 τοῖς
1407 1776 1533 1817 τοιού-

204 1861 286 1886 τοις
319 1844 448 1897 ἔργοις
484 1845 704 1899 ῥᾳθυμεῖτε,
740 1846 794 1885 ὧν
831 1844 1001 1886 θάνατον
1037 1844 1334 1897 κατεγνώκασιν
1367 1845 1402 1884 οἱ
1439 1844 1533 1895 πρό-

204 1927 329 1963 γονοι.
401 1911 509 1964 λέγε.

789 1977 935 2006 ΣΤΗΛΗ.

271 2044 459 2091 Ἀκούετ’,
487 2044 515 2085 ὦ
541 2045 680 2098 ἄνδρες
705 2045 923 2096 Ἀθηναῖοι,
952 2050 1031 2087 τῶν
1061 2044 1302 2099 γραμμάτων
1332 2044 1535 2096 λεγόντων

198 2110 391 2163 ’Ἄρθμιον
427 2111 496 2152 τὸν
529 2113 793 2155 Πυθώνακτος
830 2112 898 2153 τὸν
932 2115 1124 2163 Ζελείτην
1162 2111 1307 2165 ἐχθρὸν
1340 2110 1439 2151 εἶναι
1475 2110 1536 2150 καὶ

247 2234 269 2264 9
293 2226 378 2264 ὑμῶν
394 2228 471 2264 post
490 2223 626 2256 ἕκαστος
643 2224 718 2255 add.
737 2223 761 2254 S
775 2224 800 2254 L
816 2223 921 2263 vulg.:
946 2234 1011 2254 om.
1034 2223 1065 2253 A
1078 2223 1107 2253 O
1121 2223 1160 2254 P:
1188 2224 1260 2261 ὑμῖν
1278 2219 1534 2252 Rauchenstein

208 2277 246 2308 13
269 2269 320 2300 καὶ
337 2269 399 2309 γὰρ
416 2272 495 2298 ante
514 2268 542 2299 εἶ
557 2267 632 2298 add.
654 2267 679 2297 L
693 2267 722 2298 O
736 2267 759 2298 S
772 2280 822 2309 γρ.
842 2279 849 2298 :
873 2278 937 2298 om.
959 2267 982 2298 S
998 2267 1062 2305 FQ
1075 2267 1105 2296 Y
1119 2266 1155 2296 P¹
1302 2274 1340 2304 15
1366 2264 1535 2305 συμβαίνει

206 2311 311 2353 καιρός
328 2311 352 2343 S
365 2311 431 2350 FQ
443 2311 474 2341 Y
486 2311 537 2341 1³²:
563 2313 597 2342 ἐν
614 2313 680 2343 τοῖς
698 2314 752 2343 νῦν
771 2312 939 2350 συμβαίνει
957 2310 1062 2352 καιρός
1080 2310 1130 2341 L¹:
1159 2312 1193 2342 εἶν
1209 2312 1276 2341 τοῖς
1294 2311 1348 2341 νῦν
1366 2308 1534 2348 συμβαίνει

206 2358 323 2396 καιροῖς
343 2355 367 2386 S
385 2365 490 2393 marg.
509 2354 535 2384 L
554 2364 636 2385 corr.
656 2366 663 2384 τ
697 2356 731 2386 ἐν
752 2357 819 2386 τοῖς
841 2357 897 2387 νῦν
921 2354 1090 2394 συμβαίνει
1115 2356 1277 2393 μιμεῖσθαι
1303 2355 1419 2393 καιροῖς
1444 2352 1532 2391 vulg.

205 2409 245 2428 22
271 2398 397 2436 ποιήσει
417 2398 496 2429 secl.
518 2397 674 2428 Dobree:
710 2397 763 2428 vel
784 2398 926 2428 fortasse
947 2397 1053 2439 πράξει
1076 2398 1192 2436 (supra
1212 2398 1267 2431 21)
1290 2396 1533 2426 secludendum

208 2441 330 2482 (weil)
464 2451 503 2480 27
529 2442 577 2471 tit.
599 2445 733 2473 ΣΤΗΛΗ
752 2440 806 2472 At
831 2446 1051 2473 ΓΡΑΜΜΑΤΑ
1070 2443 1258 2473 ΕΚΛΟΓΗΣ
1276 2439 1299 2470 S
1314 2438 1423 2469 LYO

1569 134 1679 189 [427]

1569 234 1679 287 [427]

1568 312 1634 345 268

1567 843 1636 886 269

1568 1317 1636 1352 270

1567 1964 1681 2020 [428]

1567 2054 1631 2087 271
