1731 2844
153 140 212 194 1x]
510 142 668 180 ΚΑΤΑ
716 141 1038 178 mmmmm?
1088 141 1115 177 F
1509 138 1612 191 [128]

153 244 356 286 Ὀλύνθιοι
379 249 459 291 νῦν,
481 245 505 285 ἃ
523 244 602 285 τότ’
622 246 655 285 εἰ
680 244 918 295 προείδοντο,
941 241 1007 281 οὐκ
1032 241 1079 282 ἂν
1098 241 1318 281 ἀπώλοντο·
1356 241 1474 282 πόλλ’

153 312 201 352 ἂν
217 311 406 363 Ὠρεῖται,
428 313 560 352 πολλὰ
579 313 741 357 Φωκεῖς,
763 310 897 350 πολλὰ
913 312 991 349 τῶν
1011 308 1280 349 ἀπολωλότων
1300 308 1473 348 ἕκαστοι.

154 378 260 417 ἀλλὰ
284 378 323 418 τί
345 378 491 418 τούτων
516 379 663 430 ὄφελος
687 376 835 423 αὐτοῖς,·
873 375 945 417 ἕως
969 374 1017 415 ἂν
1043 372 1211 429 σῴζηται
1235 374 1279 414 τὸ
1305 373 1472 426 σκάφος,
1504 380 1550 424 69

154 443 201 484 ἄν
234 460 276 484 τε
311 444 443 495 μεῖζον
477 444 525 484 ἄν
560 443 593 483 τ’
626 443 792 484 ἔλαττον
827 441 859 498 ᾗ,
899 442 987 482 τότε
1021 441 1096 494 χρὴ
1135 442 1197 481 καὶ
1233 441 1377 491 ναύτην
1415 441 1476 481 καὶ

117 524 134 555 5
157 509 399 563 κυβερνήτην
425 511 486 551 καὶ
511 509 623 550 πάντ’
650 509 756 561 ἄνδρ’
782 506 872 558 ἑξῆς
901 508 1120 560 προθύμους
1145 506 1256 554 εἶναι,
1284 508 1347 548 καὶ
1372 508 1477 549 ὅπως

154 575 244 627 μήθ’
275 577 371 617 ἑκὼν
397 575 485 627 μήτ’
516 576 621 616 ἄκων
650 576 784 626 μηδεὶς
817 574 1046 626 ἀνατρέψει,
1078 578 1192 614 τοῦτο
1226 576 1476 614 σκοπεῖσθαι·

156 644 313 684 ἐπειδὰν
349 641 381 683 δ’
417 643 439 693 ἡ
476 641 651 682 θάλαττα
685 641 880 697 ὑπέρσχῃ,
919 641 1081 692 μάταιος
1117 641 1139 692 ἡ
1177 640 1342 691 σπουδή.
1416 640 1477 680 καὶ
1507 651 1553 686 70

155 709 265 760 ἡμεῖς
292 709 438 755 τοίνυν,
472 707 502 748 ὦ
533 708 670 761 ἄνδρες
700 708 915 758 Ἀθηναῖοι,
952 708 1025 749 ἕως
1057 709 1180 758 ἐσμὲν
1213 711 1323 762 σῷοι,
1360 707 1478 748 πόλιν

153 775 345 827 μεγίστην
382 776 553 828 ἔχοντες,
591 776 773 827 ἀφορμὰς
809 775 1015 820 πλείστας,
1054 773 1205 824 ἀξίωμα
1244 773 1475 820 κάλλιστον,

98 854 135 876 10
154 842 194 881 τί
222 845 411 892 ποιῶμεν;
457 841 581 882 πάλαι
610 858 668 884 τις
699 840 821 891 ἡδέως
858 840 905 881 ἂν
938 842 1037 883 ἴσως
1068 839 1268 892 ἐρωτήσας
1300 840 1474 890 κάθηται.

155 908 231 959 ἐγὼ
260 908 306 957 νὴ
338 907 407 948 Δί’
435 910 524 959 ἐρῶ,
556 909 618 948 καὶ
647 907 790 960 γράψω
823 907 876 954 δέ,
908 906 1003 947 ὥστ’
1033 906 1081 947 ἂν
1111 907 1316 957 βούλησθε
1344 923 1474 959 χειρο-
1507 902 1615 958 [129]

155 972 356 1023 τονήσετε.
416 975 527 1015 αὐτοὶ
552 978 703 1026 πρῶτον
728 974 963 1024 ἀμυνόμενοι
989 974 1051 1014 καὶ
1075 974 1474 1024 παρασκευαζόμενοι,

156 1039 331 1092 τριήρεσι
365 1042 426 1081 καὶ
458 1040 638 1094 χρήμασι
670 1040 732 1080 καὶ
764 1040 1022 1092 στρατιώταις
1056 1039 1176 1091 λέγω·
1225 1041 1288 1080 καὶ
1322 1041 1397 1091 γὰρ
1429 1039 1477 1080 ἂν

156 1107 326 1148 ἅπαντες
353 1106 477 1157 δήπου
506 1107 706 1148 δουλεύειν
735 1106 1054 1159 συγχωρήσωσιν
1083 1108 1118 1146 οἱ
1151 1106 1282 1152 ἄλλοι,
1316 1107 1408 1157 ἡμῖν
1440 1106 1477 1158 γ’

99 1185 135 1217 15
156 1175 251 1224 ὑπὲρ
293 1175 360 1223 τῆς
403 1175 625 1225 ἐλευθερίας
661 1172 917 1225 ἀγωνιστέον·
967 1176 1087 1213 ταῦτα
1128 1172 1171 1222 δὴ
1215 1171 1327 1213 πάντ’
1369 1172 1477 1213 αὐτοὶ
1507 1183 1549 1219 71

157 1239 521 1292 παρεσκευασμένοι
553 1240 614 1280 καὶ
650 1240 888 1291 ποιήσαντες
921 1241 1074 1291 φανερὰ
1105 1239 1193 1281 τοὺς
1225 1239 1372 1280 ἄλλους
1404 1239 1477 1289 ἤδη

158 1310 456 1358 παρακαλῶμεν,
486 1306 548 1346 καὶ
577 1306 667 1348 τοὺς
699 1310 819 1346 ταῦτα
847 1304 1074 1356 διδάξοντας
1100 1304 1359 1356 ἐκπέμπωμεν
1385 1304 1476 1357 πρέ-

157 1378 274 1425 σβεις
297 1376 489 1425 πανταχοῖ,
506 1376 554 1414 εἷς
570 1375 874 1423 Πελοπόννησον,
892 1376 940 1414 εἷς
954 1372 1092 1418 Ῥόδον,
1109 1375 1158 1414 εἷς
1177 1374 1281 1418 Χίον,
1301 1375 1348 1414 ὡς
1366 1375 1480 1422 βασι-

155 1435 224 1472 λέα
250 1435 346 1486 λέγω
374 1432 473 1483 (οὐδὲ
499 1435 571 1485 γὰρ
596 1436 668 1472 τῶν
695 1434 816 1484 ἐκείνῳ
846 1433 1110 1483 συμφερόντων
1140 1434 1330 1483 ἀφέστηκε
1358 1434 1399 1472 τὸ
1428 1431 1481 1482 μὴ

98 1515 136 1536 20
154 1500 284 1537 τοῦτον
317 1501 426 1536 ἐᾶσαι
457 1498 578 1536 πάντα
612 1494 967 1547 καταστρέψασθαι),
1005 1493 1053 1534 ἵν’
1091 1495 1159 1535 ἐὰν
1193 1496 1265 1545 μὲν
1301 1494 1477 1544 πείσητε,

158 1562 364 1606 κοινωνοὺς
389 1563 505 1616 ἔχητε
531 1563 593 1603 καὶ
617 1566 695 1603 τῶν
721 1562 907 1603 κινδύνων
935 1561 997 1602 καὶ
1021 1564 1097 1602 τῶν
1122 1560 1405 1612 ἀναλωμάτων,
1431 1559 1480 1601 ἄν

156 1647 193 1670 τι
228 1630 308 1686 δέῃ,
346 1631 379 1671 εἶ
421 1632 462 1670 δὲ
504 1628 568 1680 μή,
606 1629 772 1682 χρόνους
811 1628 848 1681 γ’
885 1629 1072 1679 ἐμποιῆτε
1113 1631 1194 1669 τοῖς
1235 1627 1477 1680 πράγμασιν.

157 1696 288 1747 ἐπειδὴ
322 1695 395 1749 γάρ
429 1697 518 1736 ἐστι
533 1695 627 1748 πρὸς
660 1695 781 1748 ἄνδρα
815 1695 878 1736 καὶ
908 1694 997 1748 οὐχὶ
1033 1694 1290 1744 συνεστώσης
1326 1695 1479 1736 πόλεως
1509 1703 1554 1738 72

159 1763 276 1815 ἰσχὺν
312 1763 333 1802 ὁ
367 1763 552 1814 πόλεμος,
592 1762 680 1803 οὐδὲ
716 1761 820 1803 τοῦτ’
857 1761 1073 1815 ἄχρηστον,
1115 1760 1195 1801 οὐδ’
1237 1763 1276 1802 αἱ
1313 1760 1480 1813 πέρυσιν

99 1844 136 1877 ²5
158 1832 370 1882 πρεσβεῖαι
402 1830 489 1881 περὶ
521 1829 592 1880 τὴν
624 1829 941 1879 Πελοπόννησον
972 1829 1117 1868 ἐκεῖναι
1146 1827 1208 1868 καὶ
1237 1829 1477 1879 κατηγορίαι,

158 1896 203 1937 ἃς
231 1896 308 1948 ἐγὼ
338 1896 399 1936 καὶ
424 1896 672 1938 Πολύευκτος
701 1897 721 1935 ὁ
751 1895 967 1946 βέλτιστος
992 1894 1163 1935 ἐκεινοσὶ
1190 1894 1252 1935 καὶ
1276 1892 1476 1946 εΗγήσιπ-

159 1979 230 2004 πος
267 1963 329 2003 καὶ
363 1964 400 2003 οἱ
436 1962 552 2003 ἄλλοι
588 1961 780 2015 πρέσβεις
821 1960 1097 2013 περιήλθομεν,
1136 1961 1198 2001 καὶ
1239 1959 1479 2011 ἐποιήσαμεν

202 2081 221 2110 5
254 2073 323 2112 ἑξῆς
341 2071 514 2112 προθύμους
539 2070 666 2102 SLA:
699 2073 813 2113 ἐφεξῆς
837 2071 996 2113 πρόθυμον
1019 2070 1107 2109 vulg.
1258 2071 1279 2100 6
1310 2067 1478 2109 ἀνατρέψει

160 2115 331 2154 Schaefer,
348 2115 487 2145 Aristid.
509 2115 529 2144 ii
548 2116 611 2153 625
628 2127 634 2145 :
659 2115 830 2157 ἀνάτρεψηι
848 2115 958 2149 οοάἀ.,
980 2114 1019 2145 cf.
1043 2116 1079 2151 ἐξ
1099 2123 1151 2152 5ῐ,
1172 2114 1223 2152 56,
1240 2122 1287 2151 75,
1305 2113 1337 2142 iii
1358 2122 1384 2150 1,
1400 2123 1420 2142 v
1440 2122 1477 2151 14

162 2168 201 2188 10
231 2160 306 2190 ἴσως
330 2168 393 2189 om.
415 2158 486 2189 BY
503 2159 543 2189 al.
667 2164 744 2198 post
766 2161 843 2190 ἴσως
868 2158 983 2189 deficit
1009 2157 1046 2188 L¹
1064 2167 1169 2196 usque
1193 2157 1234 2186 ad
1260 2167 1281 2185 x
1306 2166 1337 2194 2,
1356 2156 1478 2186 omissa

160 2201 295 2241 supplet
326 2211 392 2233 rec.
423 2212 464 2232 m.
497 2203 530 2232 in
564 2211 668 2241 marg.
816 2202 977 2243 ἐρωτήσας
1009 2201 1135 2232 Cobet:
1178 2199 1346 2240 ἐρωτήσων
1377 2199 1475 2230 codd.

163 2253 195 2274 11
222 2245 519 2286 χειροτονήσατεΑ
612 2256 648 2285 15
673 2247 761 2277 αὐτοὶ
775 2255 838 2276 om.
854 2245 942 2284 vulg.
961 2257 965 2275 z
992 2245 1064 2275 add.
1084 2243 1148 2274 SA
1240 2244 1279 2273 16
1302 2255 1476 2284 παρεσκευ-

160 2288 290 2326 ασμένοι
316 2289 361 2319 S:
392 2288 708 2331 παρασκευασάμενοι
730 2289 819 2328 vulg.
921 2290 1042 2329 φανερὰ
1068 2287 1103 2318 Sl
1121 2286 1234 2317 solus:
1266 2287 1386 2327 φανερὰ
1409 2289 1477 2318 τοῖς

154 2329 295 2369 ’Ἕλλησι
315 2333 338 2362 S
356 2342 440 2363 corr.
458 2343 464 2362 :
488 2335 554 2364 τοῖς
566 2332 710 2371 ’Ἕλλησι
727 2333 846 2373 φανερὰ
862 2332 952 2370 vulg.
1104 2332 1142 2360 18
1169 2341 1210 2360 20
1234 2333 1399 2369 πανταχοῖ
1414 2353 1420 2360 .
1442 2355 1447 2361 .
1467 2352 1474 2360 .

161 2374 439 2415 καταστρέψασθαι
456 2386 520 2406 om.
543 2375 579 2405 S¹
596 2376 689 2406 solus
853 2386 892 2413 27
919 2376 970 2407 καὶ
989 2373 1213 2414 Κλειτόμαχος
1231 2374 1281 2405 καὶ
1297 2375 1475 2414 Λυκοῦργος

160 2421 236 2456 post
253 2418 451 2458 Ἡγήσιππος
468 2419 541 2449 add.
561 2419 649 2457 vulg.
669 2430 675 2449 :
698 2428 763 2449 om.
783 2419 806 2449 S
819 2418 843 2449 F
854 2418 884 2448 Y
897 2419 927 2449 Ο
1309 2457 1347 2491 8*
