1731 2844
167 134 241 188 vn]
534 136 674 173 ΠΕΡΙ
728 136 1114 173 ΑΛΟΝΝΗΣΟΎ

164 241 209 296 τῇ
257 239 444 295 θαλάττῃ,
488 239 531 279 οὗ
579 240 679 291 φατὲ
728 238 892 291 ἰσχύειν,
943 237 994 288 μὴ
1043 240 1327 289 διαγωνιεῖσθε,
1378 239 1483 278 ἀλλὰ

163 305 394 352 δικάσεσθε,·

223 371 314 412 ’Έτι
346 372 433 424 περὶ
468 372 685 423 συμβόλων
718 371 821 423 φησὶ
854 369 1106 423 πεπομφέναι
1139 369 1233 421 πρὸς
1266 371 1362 420 ὑμᾶς
1395 371 1484 413 τοὺς

164 437 461 489 ποιησομένους,
493 442 614 478 ταῦτα
646 439 687 478 δὲ
718 437 828 489 κύρια
860 437 1038 483 ἔσεσθαι,
1071 436 1138 476 οὐκ
1172 437 1331 477 ἐπειδὰν
1361 437 1402 476 ἐν
1432 441 1482 490 τῷ

125 523 143 554 5
163 505 398 559 δικαστηρίῳ
428 508 480 558 τῷ
514 503 604 556 παρ’
632 505 721 554 ὑμῖν
755 504 917 559 κυρωθῇ,
949 503 1083 555 ὥσπερ
1118 503 1137 542 ὁ
1168 503 1286 553 νόμος
1318 503 1480 548 κελεύει,

163 571 255 612 ἀλλ’
296 572 454 611 ἐπειδὰν
493 571 543 612 ὡς
582 570 719 610 ἑαυτὸν
761 570 1018 625 ἐπανενεχθῇ,
1057 568 1252 621 ἐφέσιμον
1288 569 1359 619 τὴν
1395 568 1484 620 παρ’

163 638 267 689 ὑμῶν
299 636 515 689 γενομένην
544 640 693 689 γνῶσιν
724 636 774 678 ὡς
807 636 944 677 ἑαυτὸν
978 635 1222 687 ποιούμενος.
1292 636 1483 686 βούλεται

163 705 237 755 γὰρ
260 704 366 754 ὑμῶν
390 707 502 744 τοῦτο
527 707 746 754 προλαβεῖν
773 703 834 743 καὶ
864 703 1181 755 ὁμολογούμενον
1207 703 1248 743 ἐν
1273 706 1354 744 τοῖς
1384 719 1480 753 συμ-

163 770 302 820 βόλοις
335 771 594 820 καταστῆσαι,
629 771 689 809 ὅτι
721 774 798 810 τῶν
826 769 914 821 περὶ
945 769 1182 809 Ποτείδαιαν
1211 767 1484 821 γεγενημένων

107 854 144 876 10
163 836 409 887 ἀδικημάτων
451 836 561 877 οὐδὲν
597 837 801 889 ἐγκαλεῖτε
843 836 944 891 αὐτῷ
987 835 1038 877 ὡς
1079 836 1338 886 ἀδικούμενοι,
1377 835 1484 876 ἀλλὰ

162 906 377 954 βεβαιοῦτε
407 904 562 944 δικαίως
590 903 710 952 αὐτὴν
735 904 883 943 ἐκεῖνον
910 904 972 943 καὶ
995 906 1141 952 λαβεῖν
1168 903 1229 942 καὶ
1260 903 1483 952 κεκτῆσθαι.

164 970 288 1010 καίτοι
319 969 539 1019 Ἀθηναίων
570 971 606 1009 οἱ
638 971 680 1010 ἐν
711 970 923 1023 Ποτειδαίᾳ
956 972 1240 1014 κατοικοῦντες,
1272 968 1341 1008 οὐκ
1373 970 1485 1010 ὄντος

164 1036 292 1078 αὐτοῖς
318 1035 492 1087 πολέμου
518 1035 613 1087 πρὸς
632 1037 847 1082 Φίλιππον,
875 1036 981 1076 ἀλλὰ
1007 1036 1245 1088 συμμαχίας,
1274 1035 1336 1075 καὶ
1360 1036 1486 1087 ὅρκων

163 1102 467 1153 ὀμωμοσμένων,
507 1103 572 1144 οὓς
611 1104 812 1143 Φίλιππος
853 1107 933 1143 τοῖς
976 1104 1148 1142 οἰκοῦσιν
1189 1104 1229 1142 ἐν
1272 1103 1486 1155 Ποτειδαίᾳ

107 1184 142 1216 15
164 1169 330 1219 ὤμοσεν,
354 1168 612 1225 ἀφῃρέθησαν
631 1168 695 1209 ὑπ’
716 1168 831 1209 αὐτοῦ
856 1170 903 1207 τὰ
928 1168 1114 1219 κτήματα.
1175 1172 1292 1208 ταῦτα
1317 1168 1362 1218 δὴ
1388 1167 1483 1219 βού-

162 1241 274 1276 λεται
303 1235 543 1286 τάδικήματα
576 1240 785 1288 πανταχῶς
821 1234 910 1287 παρ’
943 1236 1033 1286 ὑμῖν
1066 1235 1391 1286 βεβαιώσασθαι,
1427 1235 1486 1274 ὅτι

163 1301 243 1342 οὔτ’
276 1303 479 1354 ἐγκαλεῖτε
513 1301 593 1343 οὔθ’
624 1302 787 1354 ἡγεῖσθε
820 1302 1050 1342 ἀδικεῖσθαι·
1100 1302 1185 1342 ἐπεὶ
1217 1302 1277 1341 ὅτι
1308 1318 1353 1353 γε
1388 1317 1483 1351 συμ-

162 1369 300 1419 βόλων
323 1368 434 1409 οὐδὲν
459 1368 613 1409 δέονται
639 1368 865 1409 Μακεδόνες
889 1368 985 1420 πρὸς
1004 1367 1247 1419 Ἀθηναίους,
1270 1368 1290 1407 ὁ
1314 1373 1484 1419 παρελη-

162 1436 290 1477 λυθὼς
318 1436 408 1486 ὑμῖν
431 1436 573 1488 χρόνος
602 1433 808 1487 τεκμήριον
839 1433 1032 1487 γενέσθω·
1070 1435 1158 1476 οὔτε
1187 1436 1262 1487 γὰρ
1291 1433 1487 1485 Ἀμύντας

107 1501 184 1540 2οὸ
217 1500 342 1553 πατὴρ
380 1502 400 1541 ὁ
435 1502 638 1542 Φιλίππου
674 1501 755 1542 οὔθ’
790 1503 825 1542 οἱ
862 1500 979 1541 ἄλλοι
1014 1505 1202 1552 βασιλεῖς
1238 1500 1487 1542 οὐδεπώποτε

164 1568 351 1619 σύμβολα
376 1568 615 1619 ἐποιήσαντο
640 1568 737 1617 πρὸς
761 1567 831 1619 τὴν
857 1568 974 1609 πόλιν
998 1567 1069 1618 τὴν
1093 1567 1299 1620 ἡμετέραν.
1364 1568 1487 1608 καίτοι

163 1636 324 1678 πλείους
354 1652 399 1687 γε
432 1635 535 1686 ἦσαν
567 1637 606 1676 αἱ
639 1634 848 1686 ἐπιμειξίαι
880 1636 969 1676 τότε
1002 1635 1099 1686 πρὸς
1132 1633 1332 1685 ἀλλήλους
1364 1630 1387 1684 ἢ
1419 1638 1487 1674 νῦν

165 1702 280 1742 εἰσίν·
316 1701 384 1753 ὑφ’
403 1702 494 1753 ἡμῖν
512 1704 587 1755 γὰρ
607 1701 653 1752 ἦν
672 1703 694 1753 ἡ
716 1702 944 1742 Μακεδονία
970 1701 1030 1742 καὶ
1051 1702 1196 1754 φόρους
1214 1701 1307 1752 ἡμῖν
1328 1700 1484 1753 ἔφερον,

166 1768 227 1808 καὶ
258 1772 340 1810 τοῖς
370 1769 570 1821 ἐμπορίοις
602 1769 691 1810 τότε
722 1772 878 1820 μᾶλλον
911 1765 934 1820 ἢ
967 1772 1034 1809 νῦν
1067 1769 1178 1819 ἡμεῖς
1213 1785 1256 1809 τε
1291 1772 1373 1811 τοῖς
1409 1769 1491 1808 ἐκεῖ

107 1848 145 1880 25
166 1835 336 1876 κάκεῖνοι
367 1839 448 1878 τοῖς
477 1835 566 1889 παρ’
599 1836 691 1887 ἡμῖν
724 1837 911 1890 ἐχρῶντο,
948 1836 1010 1877 καὶ
1043 1836 1250 1888 ἐμπορικαὶ
1280 1836 1382 1876 δίκαι
1418 1835 1486 1875 οὐκ

165 1899 281 1951 ἦσαν,
312 1902 446 1954 ὥσπερ
478 1906 559 1949 νῦν,
591 1903 783 1955 ἀκριβεῖς,
814 1904 854 1944 αἱ
883 1904 981 1943 κατὰ
1007 1904 1124 1954 μῆνα,
1155 1905 1338 1943 ποιοῦσαι
1367 1903 1486 1952 μηδὲν

165 1970 319 2008 δεῖσθαι
342 1970 558 2020 συμβόλων
578 1969 667 2011 τοὺς
685 1973 877 2010 τοσοῦτον
897 1968 1088 2020 ἀλλήλων
1107 1968 1342 2023 ἀπέχοντας.
1396 1966 1487 2007 ἀλλ’

165 2035 268 2085 ὅμως
298 2034 454 2077 οὐδενὸς
481 2036 656 2077 τοιούτου
684 2038 797 2079 ὄντος
825 2036 927 2082 τότε,
955 2036 1022 2076 οὐκ
1052 2035 1275 2077 ἐλυσιτέλει
1300 2035 1488 2086 σύμβολα

165 2101 453 2153 ποιησαμένους
495 2102 574 2142 οὔτ’
616 2104 658 2143 ἐκ
701 2104 950 2145 Μακεδονίας
991 2107 1108 2144 πλεῖν
1149 2101 1338 2152 Ἀθήναζε
1380 2102 1488 2142 δίκας

209 2220 227 2240 2
253 2210 421 2243 δικάσεσθε
445 2211 468 2241 S
482 2211 525 2241 L:
553 2210 769 2251 διαδικάζεσθε
789 2211 856 2251 (vel
874 2213 1001 2244 -ffeo-Od
1023 2212 1108 2251 vulg.
1244 2211 1266 2240 6
1291 2211 1487 2252 ἐπανενεχθῇ

167 2251 191 2283 S
204 2253 229 2283 L
246 2253 332 2292 vulg.
353 2265 360 2285 z
386 2257 551 2296 ἐπαναχθῇ
568 2255 598 2285 Α
610 2255 640 2284 Y
802 2257 839 2285 16
862 2259 1035 2296 πανταχῶς
1052 2255 1083 2285 Α
1096 2255 1123 2284 Β
1139 2265 1143 2285 :
1170 2254 1358 2293 πανταχόσε
1377 2253 1463 2292 vulg,
1479 2263 1486 2282 :

166 2296 323 2329 πολλάκις
340 2298 527 2338 πανταχόσε
547 2298 570 2329 S
586 2298 611 2328 L
787 2309 828 2329 20
854 2299 1050 2331 Μακεδονίας
1069 2303 1145 2337 post
1163 2298 1258 2329 ἄλλοι
1276 2297 1349 2327 add.
1372 2296 1460 2334 vulg.
1479 2310 1484 2326 :

166 2349 229 2370 om.
251 2340 273 2371 S
287 2340 322 2370 L¹
336 2340 408 2371 AY
521 2352 557 2371 21
585 2355 623 2382 γε
643 2346 719 2380 post
737 2342 839 2374 καίτοι
857 2343 932 2372 add.
955 2342 977 2372 S
991 2342 1028 2371 L¹
1046 2352 1051 2370 :
1076 2351 1141 2371 om.
1162 2340 1249 2379 vulg.
1369 2351 1409 2379 23
1435 2339 1485 2379 ὑφ’

167 2382 293 2413 Cobet:
320 2385 369 2423 ἐφ’
388 2385 497 2416 codd..
513 2385 550 2415 cs.
566 2395 586 2414 x
605 2386 646 2415 62
737 2385 850 2425 ἔφερον
868 2386 891 2415 5
905 2385 950 2414 L:
979 2384 1071 2425 ἔφερε
1089 2383 1178 2421 vulg.
1291 2394 1331 2422 29
1356 2395 1485 2420 ποιησα-

167 2425 276 2462 μένους
295 2428 388 2458 codd.
406 2438 410 2457 :
438 2427 662 2467 ποιησαμένοις
681 2428 846 2458 Bcnselcr

1514 135 1598 189 [⁷8]

1515 636 1604 692 [79]

1520 983 1561 1009 10

1521 1316 1558 1341 11

1520 1578 1560 1605 12

1521 1981 1561 2016 13
