1763 2828
140 142 239 196 [πει]

198 262 237 287 12

131 379 237 434 [162]

197 729 238 764 13

200 1189 241 1223 14

201 1720 241 1758 15

132 2041 240 2097 [163]

757 138 1103 194 [ΦΙΛΙΠΠΟΎ]
1515 139 1592 193 [xu

337 248 386 287 Εἰ
414 249 546 288 τοίνυν
570 250 631 288 δεῖ
656 249 753 299 μηδὲ
781 251 894 287 τοῦτο
924 249 1173 299 παραλιπεῖν,
1201 247 1257 288 εἰς
1285 249 1476 288 τοσοῦτον
1502 248 1592 297 ἐλη-

268 313 415 354 λύθατε
451 313 683 364 πλεονεξίας
717 315 823 355 ὥστε
859 314 1048 366 πρότερον
1082 315 1154 365 μὲν
1188 312 1412 356 ἐνεκαλεῖτέ
1445 330 1512 364 μοι
1546 314 1596 353 τὰ

269 380 532 433 προειρημένα
554 381 688 431 μόνον,
710 382 758 420 τὰ
784 380 816 420 δ’
840 381 1104 432 ὑπογυιότατα
1124 380 1390 431 Πεπαρηθίων
1415 380 1594 432 φασκόν-

268 464 346 488 των
370 448 477 488 δεινᾶ
502 447 742 488 πεπονθέναι
767 444 1038 499 προσετάξατε
1062 450 1115 501 τῷ
1142 449 1348 500 στρατηγῷ
1374 447 1485 497 δίκην
1503 445 1596 498 παρ’

270 515 363 564 ἐμοῦ
389 517 534 564 λαβεῖν
560 515 656 566 ὑπὲρ
682 515 854 560 ἐκείνων,
875 514 940 555 οὓς
965 514 1043 565 ἐγὼ
1067 515 1138 564 μὲν
1164 512 1466 564 ἐτιμωρησάμην
1492 514 1597 554 ἐνὸε-
1616 532 1634 563 5

269 579 440 632 εστέρως
465 577 488 630 ἢ
513 583 726 632 προσῆκεν,
748 581 890 620 ἐκεῖνοι
915 579 947 619 δ’
974 579 1128 631 εἰρήνης
1153 580 1275 629 οὔσης
1300 579 1597 630 καταλαβόντες

268 645 518 696 Ἀλόννησον
545 647 633 686 οὔτε
657 646 701 686 τὸ
725 647 872 699 χωρίον
897 647 985 687 οὔτε
1015 646 1104 688 τοὺς
1135 645 1329 699 φρουροὺς
1354 646 1597 687 ἀπεδίδοσαν

269 712 503 765 πέμψαντος
534 713 630 764 ὑπὲρ
663 713 790 753 αὐτῶν
823 714 917 764 ἐμοῦ
950 712 1156 754 πολλάκις.
1226 714 1335 763 ὑμεῖς
1370 712 1403 752 δ’
1437 713 1491 752 ὧν
1525 714 1599 762 μὲν

268 779 462 829 ἠδίκησαν
488 780 556 830 ἐμὲ
582 777 842 830 Πεπαρήθιοι,
875 780 1022 820 τούτων
1050 781 1122 829 μὲν
1152 779 1265 819 οὐδὲν
1295 778 1595 831 ἐπεσκέψασθε,

269 845 340 895 τὴν
370 846 412 885 δὲ
442 845 642 897 τιμωρίαν,
676 846 850 897 ἀκριβῶς
881 846 1038 888 εἰδότες.
1100 846 1223 886 καίτοι
1255 845 1326 895 τὴν
1358 848 1483 896 νῆσον
1517 845 1597 885 οὔτ’
1621 863 1660 884 ιο

270 912 441 953 ἐκείνους
466 911 546 952 οὔθ’
567 912 665 962 ὑμᾶς
691 912 928 964 ἀφειλόμην,
950 913 1056 952 ἀλλὰ
1079 911 1147 952 τὸν
1172 911 1329 968 λῃστὴν
1349 912 1597 964 Σώστρατον.

271 979 305 1019 εἰ
329 980 400 1030 μὲν
420 978 487 1019 οῦν
506 978 619 1019 αὐτοί
640 983 741 1030 φατε
761 981 1000 1030 παραδοῦναι
1019 977 1253 1032 Σωστράτῳ,
1275 979 1428 1034 λῃστὰς
1453 979 1596 1028 ὁμολο-

272 1049 378 1097 γεῖτε
409 1045 688 1096 καταπέμπειν·
733 1047 766 1085 εἰ
797 1044 830 1084 δ’
857 1046 1031 1086 ἀκόντων
1056 1046 1162 1096 ὑμῶν
1192 1046 1340 1087 ἐκεῖνος
1370 1044 1535 1096 ἐκράτει,
1561 1046 1603 1086 τί

271 1111 400 1152 δεινὸν
418 1112 641 1152 πεπόνθατε
659 1111 860 1162 λαβόντος
880 1113 973 1163 ἐμοῦ
993 1112 1054 1152 καὶ
1078 1111 1147 1152 τὸν
1165 1112 1288 1152 τόπον
1305 1116 1387 1154 τοῖς
1405 1111 1600 1152 πλέουσιν

271 1179 438 1230 ἀσφαλῆ
465 1177 727 1231 παρέχοντος,·
766 1178 963 1229 τοσαύτην
988 1177 1030 1218 δέ
1053 1195 1128 1229 μου
1153 1178 1388 1229 ποιουμένου
1413 1179 1600 1230 πρόνοιαν
1623 1196 1660 1227 15

271 1247 340 1295 τῆς
370 1244 559 1297 ὑμετέρας
590 1246 756 1291 πόλεως,
786 1245 848 1285 καὶ
880 1246 1056 1287 διδόντος
1085 1244 1181 1301 αὐτῇ
1209 1245 1282 1295 τὴν
1305 1247 1442 1295 νῆσον,
1471 1247 1507 1285 οἱ.
1530 1243 1597 1296 ῥή-

271 1327 382 1363 τορες
406 1311 631 1362 λαμβάνειν
653 1313 726 1362 μὲν
750 1311 818 1352 οὑκ
844 1312 946 1358 εἴων,
974 1312 1200 1362 ἀπολαβεῖν
1223 1313 1266 1352 δὲ
1291 1311 1598 1362 συνεβούλευον,

271 1378 377 1420 ὅπως
401 1378 614 1429 ὑπομείνας
638 1380 711 1428 μὲν
729 1378 775 1418 τὸ
799 1378 1144 1430 προσταττόμενον
1163 1377 1234 1428 τὴν
1253 1378 1468 1430 ἀλλοτρίαν
1493 1377 1600 1430 ἔχειν

271 1445 467 1497 ὁμολογῶ,
498 1444 550 1495 μὴ
580 1443 794 1496 προέμενος
825 1447 866 1485 δὲ
895 1444 939 1484 τὸ
964 1446 1110 1498 χωρίον
1139 1446 1313 1486 ὕποπτος
1342 1444 1516 1496 γένωμαι
1546 1447 1599 1498 τῷ

271 1510 425 1561 πλήθει.
485 1511 603 1563 γνοὺς
628 1511 705 1562 ἐγὼ
729 1514 852 1551 ταῦτα
875 1511 1177 1563 προύκαλούμην
1197 1513 1374 1563 κριθῆναι
1399 1511 1487 1562 περὶ
1512 1511 1598 1550 τού-
1622 1527 1662 1549 20

270 1594 349 1618 των
373 1577 468 1629 πρὸς
492 1577 605 1628 ἡμᾶς,
633 1576 682 1618 ἵν’
709 1578 777 1618 ἐὰν
801 1579 873 1628 μὲν
898 1577 970 1628 ἐμὴ
996 1580 1171 1635 γνωσθῇ,
1198 1577 1289 1631 παρ’
1315 1579 1409 1628 ἐμοῦ
1434 1578 1529 1633 δοθῇ
1554 1577 1600 1617 τὸ

271 1645 418 1697 χωρίον
450 1645 552 1694 ὑμῖν,
587 1645 655 1684 ἐὰν
687 1643 720 1683 δ’
754 1643 921 1695 ὑμετέρα
953 1645 1076 1701 κριθῇ,
1109 1643 1188 1685 τότ’
1223 1646 1355 1685 ἀποδῶ
1387 1647 1440 1699 τῷ
1477 1643 1598 1698 δήμῳ.

272 1714 392 1750 ταῦτα
418 1709 449 1750 δ’
477 1712 570 1761 ἐμοῦ
593 1709 788 1753 πολλάκις
813 1710 1027 1762 ἀξιοῦντος,
1048 1712 1157 1762 ὑμεῖς
1181 1713 1253 1762 μὲν
1279 1710 1323 1751 οὑ
1348 1712 1597 1763 προσείχετε,

273 1776 520 1829 Πεπαρήθιοι
555 1779 597 1817 δὲ
632 1776 702 1827 τὴν
738 1779 864 1827 νῆσον
904 1778 1140 1829 κατέλαβον.
1211 1779 1252 1818 τί
1290 1778 1359 1818 οῦν
1394 1779 1517 1830 ἐχρῆν
1551 1793 1600 1827 με

272 1847 419 1890 ποιεῖν;
470 1843 515 1883 οὐ
549 1844 660 1894 δίκην
695 1847 841 1895 λαβεῖν
878 1847 981 1896 παρὰ
1022 1848 1099 1886 τῶν
1139 1845 1476 1896 ὑπερβεβηκότων
1510 1842 1600 1885 τοὺς
1621 1858 1659 1891 ²5

272 1910 428 1961 ὅρκους,·
465 1909 510 1949 οὑ
534 1908 835 1962 τιμωρήσασθαι
860 1910 949 1953 τοὺς
974 1913 1096 1953 οὕτως
1119 1910 1381 1963 ὑπερηφάνως
1406 1911 1597 1962 ἀσελγαί-

272 1992 430 2023 νοντας,·
469 1977 532 2017 καὶ
564 1978 639 2029 γὰρ
672 1978 705 2017 εἰ
737 1979 1000 2029 Πεπαρηθίων
1033 1978 1081 2029 ἦν
1108 1978 1131 2029 ἡ
1165 1980 1300 2028 νῆσος,
1331 1978 1371 2018 τί
1399 1978 1599 2029 προσῆκεν

273 2043 452 2083 ἀπαιτεῖν
478 2042 729 2094 Ἀθηναίους,·
767 2045 801 2084 εἶ
831 2043 864 2084 δ’
889 2044 1068 2095 ὑμετέρα,
1098 2047 1180 2087 πῶς
1209 2043 1276 2084 οὐκ
1301 2045 1465 2085 ἐκείνοις
1489 2044 1596 2094 ὀργί-

274 2109 389 2158 ζεσθε
415 2113 688 2161 καταλαβοῦσι
711 2109 782 2160 τὴν
806 2110 1041 2161 ἀλλοτρίαν;

315 2227 336 2256 9
361 2217 580 2259 ἐπεσκέψασθε
598 2218 695 2248 codd.
713 2216 866 2248 nonnulli
884 2228 889 2247 z
916 2218 1141 2257 ἐπεσκήψασθε
1157 2217 1246 2257 vulg.
1405 2226 1444 2247 10
1467 2226 1596 2248 comma

273 2266 351 2299 post
366 2262 518 2302 τιμωρίαν
535 2262 647 2301 posuit
663 2260 755 2291 Weil
861 2260 992 2292 εἰδότες.
1040 2262 1144 2292 καίτοι
1161 2261 1256 2291 codd.
1273 2270 1279 2290 :
1306 2259 1426 2292 εἰδότες
1444 2260 1493 2292 ὅτι
1512 2260 1595 2290 Feli-

272 2304 406 2334 cianus:
425 2307 537 2336 εἴδετε.
581 2305 684 2336 καίτοι
697 2304 811 2335 Blass:
831 2302 1005 2343 ἐξετάζετε.
1051 2305 1154 2336 καίτοι
1166 2303 1249 2334 coni.
1261 2303 1354 2334 Weil
1454 2312 1492 2341 13
1509 2301 1595 2343 ἐκρά·

272 2360 320 2379 τει
340 2347 364 2377 F
377 2347 404 2377 B
421 2347 520 2378 Vind.
544 2359 556 2378 1
572 2359 577 2378 :
604 2347 792 2386 κατεκράτει
809 2346 898 2385 vulg.
1007 2357 1046 2386 19
1069 2346 1240 2388 προέμενος
1257 2346 1366 2377 Cobet
1382 2357 1388 2376 :
1413 2345 1596 2387 προειμένος

272 2390 369 2421 codd.
497 2401 539 2421 20
561 2391 654 2431 γνοὺς
671 2388 744 2433 (δ’)
762 2390 888 2422 Reiske
1023 2400 1061 2420 21
1089 2391 1170 2429 ἡμᾶς
1189 2389 1378 2421 Richards:
1404 2391 1479 2429 ὑμᾶς
1497 2389 1592 2419 codd.

273 2434 315 2464 28
338 2431 510 2475 ὠργίζεσθε
529 2433 625 2464 Blass
