1763 2828
104 130 208 185 [313]

101 506 207 562 [314]

139 641 204 676 261

139 975 206 1010 262

138 1508 206 1553 263

664 127 1148 166 ΔῘΙΜΟΣΘΕΝΟΎΣ
1443 122 1564 177 [xvm

240 237 292 288 τῷ
321 232 481 288 μαράθῳ
512 233 574 273 καὶ
606 238 653 290 τῇ
682 233 816 289 λεύκῃ,
841 232 930 274 τοὺς
959 233 1073 285 ὄφεις
1100 232 1190 275 τοὺς
1219 232 1382 284 παρείας
1410 234 1566 284 θλίβων

241 301 303 341 καὶ
332 301 430 352 ὑπὲρ
459 302 526 351 τῆς
557 302 735 352 κεφαλῆς
765 301 930 351 αἰωρῶν,
964 301 1026 340 καὶ
1054 303 1164 350 βοῶν
1190 301 1200 317 ‘
1218 299 1302 340 εὐοῖ
1328 299 1478 350 σαβοῖ,’
1505 301 1566 341 καὶ

241 367 531 420 ἐπορχούμενος
556 369 566 385 ‘
582 368 652 418 ὑῆς
678 367 794 417 ἄττης
813 366 931 417 ἄττης
950 365 1044 417 ὑῆς,’
1065 366 1233 420 ἔξαρχος
1252 366 1314 407 καὶ
1333 367 1566 418 προηγεμὼν

242 435 303 475 καὶ
331 434 561 486 κιττοφόρος
588 434 648 474 καὶ
673 434 914 486 λικνοφόρος
942 434 1003 474 καὶ
1027 433 1174 474 τοιαῦθ’
1194 432 1270 474 ὑπὸ
1294 436 1372 473 τῶν
1397 434 1567 487 γρᾳδίων

239 501 644 553 προσαγορευόμενος,
674 500 819 551 μισθὸν
851 500 1071 552 λαμβάνων
1099 500 1249 541 τούτων
1278 499 1472 552 ἔνθρυπτα
1505 500 1568 540 καὶ
1587 517 1606 550 5

240 568 456 620 στρεπτοὺς
483 568 545 608 καὶ
569 566 754 617 νεήλατα,
776 567 841 619 ἐφ’
860 568 918 609 οἷς
942 568 1000 609 τίς
1025 567 1093 608 οὐκ
1118 567 1165 608 ἂν
1191 567 1242 609 ὡς
1268 567 1424 617 ἀληθῶς
1449 566 1567 607 αὐτὸν

239 635 524 686 εὐδαιμονίσειε
552 634 613 674 καὶ
637 633 709 684 τὴν
729 635 845 674 αὑτοῦ
869 634 1012 688 τύχην,·
1052 634 1184 684 ἐπειδὴ
1211 633 1243 675 δ’
1263 635 1318 676 εἷς
1337 633 1427 675 τοὺς
1447 633 1564 684 δημό-

238 718 307 743 τας
349 700 571 753 ἐνεγράφης
618 699 891 751 ὁπωσδήποτε,
934 699 1000 753 (ἐῶ
1048 703 1123 753 γὰρ
1163 698 1308 751 τοῦτο,)
1347 698 1480 750 ἐπειδή
1530 699 1566 752 γ’

240 767 473 821 ἐνεγράφης,
502 766 644 809 εὐθέως
669 767 713 807 τὸ
740 766 957 808 κάλλιστον
983 766 1152 819 ἐξελέξω
1178 771 1255 808 τῶν
1281 767 1418 820 ἔργων,
1441 783 1563 819 γραμ-

237 835 418 886 ματεύειν
453 835 514 875 καὶ
547 835 754 887 ὑπηρετεῖν
788 838 870 877 τοῖς
906 835 1109 887 ἀρχιδίοις.
1182 834 1232 876 ὡς
1265 834 1298 874 δ’
1331 833 1566 886 ἀπηλλάγης
1589 849 1628 874 10

238 904 332 943 ποτὲ
359 902 420 942 καὶ
445 901 596 948 τούτου,
624 900 739 942 πάνθ’
760 901 784 942 ἃ
807 905 884 941 τῶν
903 900 1039 942 ἄλλων
1061 904 1288 953 κατηγορεῖς
1313 899 1428 943 αὐτὸς
1453 899 1564 951 ποιή-

238 986 325 1014 σας,
357 968 402 1008 οὐ
436 955 689 1024 κατῄσχυνας
717 969 772 1019 μὰ
803 967 871 1008 Δί’
897 968 1011 1009 οὐδὲν
1039 972 1117 1009 τῶν
1147 965 1484 1020 προϋπηργμένων
1513 971 1566 1022 τῷ

237 1036 335 1090 μετὰ
364 1038 486 1075 ταῦτα
514 1036 605 1090 βίῳ,
633 1036 741 1075 ἀλλὰ
773 1034 982 1086 μισθώσας
1014 1034 1161 1076 σαυτὸν
1192 1037 1274 1077 τοῖς
1303 1034 1567 1086 βαρυστόνοις

237 1101 560 1153 ἐπικαλουμένοις
591 1098 782 1154 [ἐκείνοις]
815 1103 1040 1153 ὑποκριταῖς
1072 1102 1222 1155 Σιμύκᾳ
1260 1101 1321 1142 καὶ
1352 1100 1564 1153 Σωκράτει,

238 1170 592 1221 ἐτριταγωνίστεις,
611 1172 711 1209 σῦκα
732 1169 794 1209 καὶ
813 1169 958 1221 βότρυς
979 1169 1041 1209 καὶ
1062 1167 1182 1210 ἐλάας
1203 1167 1413 1221 συλλέγων
1433 1168 1568 1219 ὥσπερ
1590 1179 1627 1214 15

237 1236 447 1288 ὀπωρώνης
473 1237 515 1276 ἐκ
545 1239 622 1277 τῶν
648 1236 871 1287 ἀλλοτρίων
896 1236 1065 1288 χωρίων,
1092 1236 1217 1276 πλείω
1244 1234 1465 1286 λαμβάνων
1490 1233 1567 1275 ἀπὸ

236 1303 383 1343 τούτων
416 1299 439 1353 ἢ
471 1306 550 1343 τῶν
583 1302 758 1355 ἀγώνων,
795 1302 861 1345 οὓς
893 1303 1001 1353 ὑμεῖς
1032 1303 1121 1354 περὶ
1151 1304 1219 1353 τῆς
1253 1304 1389 1356 ψυχῆς
1422 1301 1564 1354 ἠγωνί-

239 1369 365 1419 ζεσθε·
403 1368 450 1419 ἦν
469 1370 544 1421 γὰρ
563 1368 762 1411 ἄσπονδος
784 1369 844 1410 καὶ
864 1368 1077 1421 ἀκήρυκτος
1096 1370 1185 1421 ὑμῖν
1206 1369 1302 1422 πρὸς
1320 1368 1409 1411 τοὺς
1427 1369 1568 1410 θεατὰς

238 1436 425 1487 πόλεμος,
464 1435 531 1488 ὑφ’
568 1437 621 1476 ὧν
659 1437 793 1477 πολλὰ
834 1435 1018 1489 τραύματ’
1057 1437 1234 1488 εἰληφὼς
1279 1437 1437 1478 εἰκότως
1477 1435 1567 1477 τοὺς

238 1502 421 1555 ἀπείρους
440 1506 518 1544 τῶν
537 1502 722 1544 τοιούτων
743 1502 929 1544 κινδύνων
949 1503 999 1545 ὡς
1019 1503 1172 1545 δειλοὺς
1194 1503 1399 1545 σκώπτεις.
1461 1503 1568 1543 ἀλλὰ
1588 1516 1629 1539 20

238 1570 312 1622 γὰρ
342 1569 477 1622 παρεὶς
506 1570 560 1610 ὧν
590 1568 661 1619 τὴν
685 1571 822 1611 πενίαν
848 1568 1060 1610 αἰτιάσαιτ’
1086 1569 1133 1610 ἄν
1165 1587 1235 1616 τις,
1267 1570 1363 1622 πρὸς
1394 1570 1491 1611 αὐτὰ
1519 1570 1567 1609 τὰ

238 1640 305 1677 τοῦ
340 1636 485 1688 τρόπου
524 1653 597 1676 σου
634 1639 848 1687 βαδιοῦμαι
886 1636 1198 1689 κατηγορήματα.
1270 1638 1454 1688 τοιαύτην
1491 1637 1566 1689 γὰρ

239 1704 348 1744 εἵλου
372 1704 590 1749 πολιτείαν,
619 1701 752 1753 ἐπειδή
778 1719 872 1744 ποτε
901 1704 962 1744 καὶ
988 1703 1090 1744 τοῦτ’
1119 1703 1267 1754 ἐπῆλθέ
1297 1722 1363 1745 σοι
1387 1706 1564 1755 ποιῆσαι,

238 1769 286 1810 δι’
310 1769 359 1820 ἢν
385 1769 626 1824 εὐτυχούσης
650 1772 721 1821 μὲν
746 1772 814 1819 τῆς
843 1771 1029 1821 πατρίδος
1064 1772 1175 1823 λαγὼ
1200 1773 1293 1822 βίον
1321 1771 1407 1821 ἔζης
1433 1770 1567 1811 δεδιὼς

238 1837 301 1877 καὶ
326 1836 477 1889 τρέμων
505 1837 566 1877 καὶ
596 1837 656 1878 ἀεὶ
686 1837 967 1890 πληγήσεσθαι
1003 1841 1236 1890 προσδοκῶν
1262 1838 1326 1891 ἐφ’
1353 1838 1411 1880 οἷς
1436 1839 1565 1890 σαυτῷ
1589 1849 1626 1882 25

281 1960 300 1988 4
333 1949 523 1992 κιττοφόρος
548 1950 668 1981 codd.:
705 1950 895 1992 κιστοφόρος
922 1949 1111 1988 Rubenius,
1130 1950 1193 1981 v.l.
1222 1961 1275 1990 ap.
1302 1950 1468 1990 Harpocr.
1497 1959 1566 1980 s.V.

239 1992 429 2034 κιττοφόρος
590 1995 653 2033 6-7
680 1995 776 2026 αὑτὸν
794 2018 800 2025 .
822 2019 828 2024 .
847 2018 854 2024 .
876 1996 971 2026 αὑτοῦ
990 1993 1142 2025 Bekker:
1170 1996 1266 2026 αὐτὸν
1283 2019 1289 2025 .
1308 2017 1315 2025 .
1338 2018 1345 2025 .
1363 1995 1460 2025 αὐτοῦ
1475 1993 1566 2032 vulg.

238 2037 258 2066 8
282 2035 378 2068 τοῦτό
393 2050 433 2077 ’γε
450 2036 481 2067 Α
586 2038 694 2076 ἐπειδή
711 2038 742 2078 ’γ’
761 2037 784 2068 S
801 2037 836 2067 L¹
854 2038 957 2076 vulg:
984 2039 1092 2076 ἐπειδὴ
1110 2037 1136 2069 δ’
1155 2038 1185 2068 O
1203 2049 1210 2068 :
1235 2038 1344 2075 ἐπειδὴ
1361 2037 1388 2069 δ’
1406 2036 1460 2068 οὖν
1476 2035 1565 2075 Aug.

238 2089 269 2117 2,
289 2079 329 2110 cs.
351 2079 494 2112 Aristid.
514 2081 533 2111 ii
551 2083 636 2120 316:
663 2082 771 2119 ἐπειδὴ
789 2103 798 2111 .
820 2105 826 2113 .
846 2105 853 2112 .
876 2080 1054 2122 ἐνεγράφης
1072 2091 1137 2112 om.
1155 2080 1187 2111 A
1287 2092 1308 2120 9
1330 2079 1566 2121 ’γραμματεύειν

239 2122 263 2153 S
277 2122 314 2152 L¹
325 2122 356 2153 Α
367 2123 397 2162 Q
411 2138 417 2155 :
445 2124 744 2166 ὑπογραμματεύειν
759 2125 847 2163 vulg.
1001 2134 1038 2163 13
1064 2124 1198 2165 σαυτὸν]
1218 2124 1314 2156 αὑτὸν
1333 2124 1356 2154 S
1369 2123 1405 2154 F¹
1421 2135 1427 2154 :
1453 2124 1567 2155 ἑαυτὸν

239 2166 405 2206 Harpocr.
425 2177 450 2199 s.
464 2179 493 2198 v.
513 2169 651 2208 Σιμύλος
800 2178 837 2206 14
864 2168 994 2200 ἐκείνοις
1012 2174 1089 2207 post
1107 2167 1366 2207 ἐπικαλουμένοις
1381 2166 1404 2198 S
1418 2167 1443 2197 L
1460 2166 1564 2205 vulg.:

238 2215 318 2241 ante
337 2211 597 2251 ἐπικαλουμένοις
614 2212 668 2242 A:
694 2222 756 2242 om.
780 2212 851 2242 cod.
870 2221 956 2241 unus
972 2222 978 2240 :
1002 2211 1125 2242 seclusi
1226 2210 1347 2253 Σιμύκᾳ
1366 2210 1391 2240 F
1409 2209 1564 2249 (Voemcl

239 2255 313 2286 coll.
333 2255 458 2286 Athen.
478 2256 544 2288 viii.
565 2266 598 2295 p.
617 2255 682 2294 348
700 2254 745 2293 A}
764 2266 769 2286 :
796 2255 948 2295 Σιμύκκαι
968 2255 990 2285 S
1003 2255 1032 2293 Q
1050 2266 1055 2284 :
1083 2255 1225 2294 Σιμύκκα
1241 2255 1288 2285 L:
1312 2253 1440 2294 Σιμύλῳ
1466 2253 1489 2283 S
1511 2266 1562 2294 γρ.

238 2298 270 2329 Α
286 2299 375 2339 vulg.
396 2299 563 2339 Harpocr.
748 2309 784 2337 17
810 2298 976 2340 τραύματα
993 2304 1069 2337 post
1085 2298 1210 2330 τούτων
1226 2298 1300 2329 add.
1322 2297 1347 2327 L
1363 2297 1452 2336 vulg.
1467 2308 1473 2326 :
1498 2306 1562 2327 om.

241 2342 277 2373 S¹
295 2343 388 2374 solus
497 2344 536 2373 18
560 2345 576 2375 ὁ
593 2347 671 2373 ante
689 2342 763 2383 πρὸς
781 2342 855 2373 add.
875 2342 906 2372 A
918 2342 942 2372 F
958 2342 1046 2381 vulg.
1064 2353 1070 2372 :
1096 2352 1160 2372 om.
1182 2341 1206 2373 S
1219 2341 1245 2371 L
1349 2351 1391 2372 20
1415 2339 1566 2373 κινδύνων

241 2396 305 2418 om.
324 2386 356 2416 A
491 2397 528 2417 21
557 2388 590 2427 ἐξ
605 2391 683 2417 ante
700 2385 744 2418 ὧν
758 2385 833 2417 add.
853 2385 941 2424 vulg.
962 2396 967 2415 ε
992 2395 1055 2417 om.
1077 2385 1101 2416 S
1115 2384 1182 2415 LA
1195 2384 1260 2423 FQ
1273 2383 1314 2415 0¹
