1763 2828
114 135 224 189 [342]
678 137 1166 175 ΔΗΜΟΣΘΕΝΟΎΣ
1500 133 1586 185 [x1x

259 240 321 280 καὶ
362 241 601 292 λογίσαισθε
644 241 762 281 τίνων
801 240 993 292 προσήκει
1034 241 1157 292 λόγον
1196 242 1300 292 παρὰ
1341 244 1592 292 πρεσβευτοῦ

256 310 415 358 λαβεῖν.
487 311 640 359 πρῶτον
669 310 741 358 μὲν
771 309 901 348 τοίνυν
926 309 980 348 ὧν
1008 306 1240 360 ἀπήγγειλε,
1268 307 1448 359 δεύτερον
1479 308 1511 348 δ’
1535 309 1590 349 ὧν

257 373 406 420 ἔπεισε,
444 375 574 425 τρίτον
611 374 643 414 δ’
679 375 734 415 ῶν
771 374 1033 426 προσετάξατ’
1072 374 1186 429 αὐτῷ,
1225 376 1323 426 μετὰ
1358 378 1478 415 ταῦτα
1512 378 1590 416 τῶν

257 441 424 494 χρόνων,
453 440 517 493 ἐφ’
537 440 661 481 ἅπασι
687 443 728 482 δὲ
756 442 919 488 τούτοις,
948 443 981 483 εἰ
1007 440 1312 494 ἀδωροδοκήτως
1337 438 1360 492 ἢ
1384 441 1436 493 μὴ
1462 440 1590 482 πάντα

206 517 225 556 5
256 511 377 548 ταῦτα
416 507 646 559 πέπρακται.
718 509 757 548 τί
797 507 941 558 δήποτε
985 509 1153 556 τούτων;
1211 509 1272 549 ὅτι
1313 509 1355 549 ἐκ
1397 510 1469 559 μὲν
1510 512 1589 549 τῶν
1608 525 1627 556 5

255 574 511 626 ἀπαγγελιῶν
550 574 594 614 τὸ
632 576 936 625 βουλεύσασθαι
977 576 1064 627 περὶ
1103 580 1181 617 τῶν
1222 574 1462 628 πραγμάτων
1500 576 1590 626 ὑμῖν

254 641 379 681 ἐστίν·
417 641 464 681 ἂν
489 642 560 691 μὲν
585 641 652 681 οὗν
672 639 770 682 ὦσιν
797 643 970 692 ἀληθεῖς,
994 644 1043 682 τὰ
1069 643 1193 684 δέοντ’
1216 642 1375 694 ἔγνωτε,
1397 641 1445 682 ἂν
1471 644 1512 683 δὲ
1535 642 1589 693 μὴ

254 711 442 753 τοιαῦται,
480 708 678 748 τάναντία.
749 710 818 750 τὰς
855 711 897 750 δὲ
934 710 1184 760 συμβουλίας
1224 708 1461 761 πιστοτέρας
1497 709 1589 749 ὑπο·

254 773 475 825 λαμβάνετ’
495 774 592 814 εἶναι
617 775 686 816 τὰς
710 779 787 815 τῶν
808 774 1033 827 πρέσβεων·
1073 776 1124 818 ὡς
1143 778 1218 828 γὰρ
1242 776 1403 816 εἰδότων
1423 775 1510 827 περὶ
1535 776 1590 815 ὧν

254 840 519 893 ἐπέμφθησαν
545 841 716 882 ἀκούετε·
755 841 867 882 οὐδὲν
891 842 959 882 οὗν
986 841 1273 896 ἐξελέγχεσθαι
1304 843 1453 884 δίκαιός
1478 843 1589 882 ἐστιν
1611 863 1650 885 10

254 908 275 946 ὁ
295 907 544 959 πρεσβευτὴς
564 912 720 960 φαῦλον
741 908 820 948 οὐδ’
841 908 1077 961 ἀσύμφορον
1098 910 1188 960 ὑμῖν
1210 909 1587 959 συμβεβουλευκώς.

202 980 225 1013 6
256 974 408 1025 καὶμὴν
425 974 512 1027 περὶ
532 976 586 1015 ῶν
605 991 651 1027 γε
671 974 930 1027 προσετάξατ’
947 973 1110 1026 εἰπεῖνῆ
1132 975 1276 1027 πρᾶξαι
1296 975 1358 1015 καὶ
1380 975 1588 1027 διαρρήδην

253 1042 518 1094 ἐψηφίσασθε
537 1044 714 1092 ποιῆσαι,
737 1041 928 1093 προσήκει
948 1042 1190 1097 διῳκηκέναι.
1254 1043 1345 1083 εἶεν·
1382 1045 1460 1083 τῶν
1482 1044 1523 1084 δὲ
1543 1041 1588 1092 δὴ

106 1109 218 1164 [343]
252 1108 407 1160 χρόνων
433 1110 496 1148 διὰ
521 1109 576 1155 τί;
615 1110 675 1148 ὅτι
695 1109 900 1156 πολλάκις,
923 1107 952 1149 ὦ
972 1109 1111 1162 ἄνδρες
1131 1109 1349 1160 Ἀθηναῖοι,
1375 1109 1589 1161 συμβαίνει

253 1179 416 1215 πολλῶν
445 1175 685 1227 πραγμάτων
721 1176 782 1216 καὶ
814 1176 1002 1228 μεγάλων
1038 1176 1171 1229 καιρὸν
1203 1178 1245 1217 ἐν
1280 1180 1429 1229 βραχεῖ
1459 1177 1588 1231 χρόνῳ
1612 1195 1650 1227 15

253 1243 475 1293 γίγνεσθαι,
497 1241 542 1283 ὃν
568 1241 615 1282 ἄν
634 1259 692 1284 τις
720 1243 818 1283 ἑκὼν
840 1246 997 1300 καθυφῇ
1022 1247 1104 1286 τοῖς
1134 1245 1327 1285 ἐναντίοις
1354 1244 1416 1284 καὶ
1443 1246 1587 1298 προδῷ,

203 1324 223 1360 7
253 1307 333 1348 οὐδ’
358 1308 406 1349 ἂν
431 1310 560 1350 ὁτιοῦν
586 1316 677 1366 ποιῇ
702 1309 824 1350 πάλιν
849 1311 929 1352 οἶός
955 1310 988 1349 τ’
1016 1310 1130 1351 ἔσται
1165 1314 1309 1351 σῶσαι.
1380 1311 1487 1351 ἀλλὰ
1511 1309 1590 1361 μὴν

252 1374 351 1427 ὑπέρ
376 1393 421 1428 γε
450 1379 518 1416 τοῦ
546 1376 671 1428 προῖκ’
697 1373 719 1426 ἢ
749 1375 813 1428 μή,
847 1376 893 1417 τὸ
922 1379 994 1428 μὲν
1025 1379 1067 1418 ἐκ
1103 1376 1250 1418 τούτων
1279 1376 1518 1428 λαμβάνειν,
1547 1375 1593 1428 ἐξ

253 1442 307 1482 ῶν
339 1442 361 1492 ἡ
399 1443 514 1484 πόλις
549 1443 786 1493 βλάπτεται,
823 1442 968 1486 πάντες
1004 1443 1076 1484 οἶδ’
1115 1445 1175 1485 ὅτι
1207 1443 1372 1496 φήσαιτ’
1404 1443 1453 1485 ἂν
1489 1443 1588 1485 εἶναι

253 1507 382 1549 δεινὸν
403 1509 464 1549 καὶ
484 1512 638 1560 πολλῆς
663 1510 782 1562 ὀργῆς
809 1509 933 1561 ἄξιον·
976 1511 996 1550 ὁ
1021 1510 1157 1562 μέντοι
1175 1510 1243 1551 τὸν
1264 1511 1386 1561 νόμον
1405 1510 1525 1552 τιθεὶς
1545 1509 1590 1550 οὐ
1611 1526 1651 1548 20

253 1575 436 1627 διώρισεν
461 1579 586 1622 τοῦτο,
614 1575 706 1616 ἀλλ’
734 1578 869 1619 ἁπλῶς
899 1576 984 1618 εἶπε
1008 1580 1193 1628 μηδαμῶς
1219 1580 1324 1629 δῶρα
1347 1576 1587 1628 λαμβάνειν,

251 1642 480 1694 ἡγούμενος,
504 1642 555 1684 ὡς
574 1642 660 1693 ἐμοὶ
681 1645 797 1689 δοκεῖ,
819 1643 887 1684 τὸν
911 1643 1020 1694 ἅπαξ
1041 1644 1222 1695 λαβόντα
1251 1645 1312 1685 καὶ
1332 1643 1588 1696 διαφθαρένθ’

251 1708 326 1749 ὑπὸ
361 1708 573 1763 χρημάτων
606 1709 694 1750 οὐδὲ
731 1709 864 1761 κριτὴν
899 1710 957 1751 ἔτι
988 1714 1066 1751 τῶν
1101 1711 1386 1762 συμφερόντων
1420 1710 1587 1762 ἀσφαλῆ

201 1782 222 1817 8
251 1774 382 1826 μένειν
406 1781 454 1833 τῇ
479 1776 607 1817 πόλει.
668 1775 716 1817 ἂν
742 1779 814 1827 μὲν
835 1778 966 1818 τοίνυν
994 1776 1191 1829 ἐξελέγξω
1219 1777 1281 1817 καὶ
1306 1775 1419 1826 δείξω
1445 1781 1587 1828 σαφῶς

252 1843 450 1895 Αἰσχίνην
475 1843 627 1883 τουτονὶ
654 1843 717 1883 καὶ
750 1845 871 1894 μηδὲν
897 1845 1042 1894 ἀληθὲς
1070 1844 1351 1896 ἀπηγγελκότα
1378 1843 1440 1884 καὶ
1467 1860 1585 1885 κεκω-
1610 1858 1645 1890 25

250 1908 381 1949 λυκότ’
402 1911 496 1960 ἐμοῦ
521 1909 588 1950 τὸν
615 1912 738 1962 δῆμον
768 1911 936 1950 ἀκοῦσαι
962 1911 1129 1962 τάληθῆ,
1158 1910 1221 1950 καὶ
1246 1909 1374 1951 πάντα
1398 1911 1587 1951 τάναντία

250 1979 328 2016 τῶν
362 1977 648 2029 συμφερόντων
691 1978 1084 2028 συμβεβουλευκότα,
1120 1977 1183 2017 καὶ
1219 1979 1340 2027 μηδὲν
1372 1977 1427 2018 ὧν
1458 1993 1583 2030 προσ·-

300 2097 312 2116 1
355 2085 546 2126 λογίσαισθε
582 2086 696 2126 vulg.:
734 2086 913 2127 λογίσασθε
947 2086 994 2118 L:
1036 2087 1231 2127 λογίσασθαι
1263 2085 1307 2117 S:
1348 2085 1522 2126 λογίσεσθε
1554 2085 1584 2115 Α

251 2139 270 2159 2
294 2129 402 2161 τοίνυν
420 2140 484 2162 om.
506 2129 545 2160 L1
568 2129 731 2169 Hermog.
752 2129 817 2160 Rh.
840 2129 898 2161 Gr.
919 2130 950 2160 iii
970 2140 1029 2161 211
1049 2141 1055 2160 ε
1080 2130 1157 2161 secl.
1180 2129 1277 2160 Blass
1408 2141 1412 2143 ¹
1462 2138 1482 2168 5
1507 2133 1585 2168 post

252 2172 374 2204 τούτων
391 2174 466 2204 add.
491 2172 629 2205 ἑκάστου
646 2173 677 2203 Α
693 2184 699 2202 :
726 2172 863 2205 ἕκαστον
884 2173 908 2203 L
926 2185 932 2203 ι
956 2184 1018 2204 om.
1041 2173 1077 2205 5ι
1095 2174 1184 2212 vulg.
1347 2173 1368 2202 6
1391 2172 1486 2213 ὀρθῶς
1504 2176 1583 2202 ante

254 2217 324 2254 ὑμῖν
340 2217 414 2247 add.
437 2217 462 2246 L
481 2217 570 2255 vulg.
589 2229 594 2247 :
619 2226 682 2247 om.
703 2216 726 2247 S
900 2227 937 2246 12
963 2217 1173 2256 ἐπέμφθησαν
1189 2221 1265 2256 post
1281 2215 1324 2247 ὧν
1340 2216 1415 2245 add.
1435 2215 1458 2246 S
1476 2224 1580 2253 marg.

253 2265 323 2291 ant.
337 2271 377 2290 m.
400 2265 583 2299 ,sumptum
602 2270 644 2290 ex
664 2262 678 2297 ᾗ
698 2260 733 2300 5)
825 2259 880 2300 γε]ι
895 2261 927 2300 γ’
941 2261 960 2298 ἢ
975 2260 998 2290 S
1012 2260 1105 2290 solus
1197 2265 1272 2299 post
1288 2272 1327 2299 γε
1345 2259 1421 2290 add.
1438 2258 1582 2298 ἐπέμφθη

255 2304 274 2340 ἢ
294 2303 443 2343 (punctis
462 2304 588 2344 notata)
611 2303 636 2334 L
800 2313 835 2341 13
861 2305 990 2340 ποιῆσαι
1007 2303 1087 2334 secl.
1109 2303 1275 2334 Weidner
1432 2311 1468 2331 21
1497 2301 1580 2342 εἶπε]

256 2347 389 2378 ἀπεῖπεν
410 2347 434 2377 L
446 2347 476 2376 Y
489 2347 518 2386 Q
532 2347 555 2378 S
572 2360 623 2388 γρ.
716 2357 756 2384 24
782 2349 889 2385 μενεῖν
908 2346 1056 2377 Dindors
1140 2346 1262 2386 ἐλέγξω
1282 2345 1308 2376 Β
1320 2345 1350 2383 Q
1440 2355 1480 2382 27
1506 2349 1582 2384 post

258 2389 487 2431 συμφερόντων
503 2391 578 2421 add.
599 2392 640 2432 τῇ
658 2389 749 2422 πόλει
766 2390 791 2420 S
808 2399 912 2421 cortu:
939 2392 978 2432 τῇ
993 2403 1033 2421 πο
1052 2389 1089 2420 L¹
1106 2399 1112 2419 :
1139 2391 1209 2428 ὑμῖν
1225 2388 1313 2427 vulg.
1331 2399 1339 2419 ι
1363 2398 1427 2419 om.
1445 2386 1524 2418 S¹A
