1747 2844
188 129 306 183 xvm]
500 135 643 172 ΠΕΡΙ
692 135 812 172 TOT
860 136 1194 173 ΣΤΕΦΑΝΟΎ
1535 137 1648 191 [259]

184 238 271 289 περὶ
295 237 454 279 τούτων.
528 239 589 279 καὶ
620 238 742 279 καλὸν
772 241 845 290 μὲν
871 237 1085 289 ἐποιήσατε
1111 240 1173 280 καὶ
1197 239 1242 279 τὸ
1266 243 1398 280 σῶσαι
1431 240 1502 290 τὴν

184 307 319 355 νῆσον,
349 308 486 359 πολλῷ
512 304 544 344 δ’
570 305 627 346 ἔτι
650 305 788 346 τούτου
822 305 987 345 κάλλιον
1012 305 1056 345 τὸ
1081 305 1347 347 καταστάντες
1381 307 1502 358 κύριοι

185 371 246 411 καὶ
271 374 348 411 τῶν
374 370 568 422 σωμάτων
594 372 655 412 καὶ
680 375 758 412 τῶν
784 372 940 412 πόλεων
965 372 1178 412 ἀποδοῦναι
1202 376 1322 412 ταῦτα
1345 374 1501 414 δικαίως

183 437 313 479 αὐτοῖς
337 441 420 480 τοῖς
444 436 755 490 ἐξημαρτηκόσιν
786 439 842 480 εἰς
869 439 979 489 ὑμᾶς,
1006 440 1128 488 μηδὲν
1156 439 1210 479 ὧν
1238 438 1426 489 ἠδίκησθε
1458 441 1500 479 ἐν

144 520 161 551 5
183 505 240 545 οἶς
265 504 523 554 ἐπιστεύθητε
545 503 896 556 ὑπολογισάμενοι.
956 506 1072 556 μυρία
1096 505 1227 545 τοίνυν
1252 504 1351 557 ἕτερ’
1377 506 1500 546 εἰπεῖν

182 569 287 623 ἔχων
312 571 555 622 παραλείπω,
583 571 813 624 ναυμαχίας,
837 570 993 621 ἐξόδους
1017 567 1160 622 [πεζάς,
1189 569 1409 623 στρατείας]
1437 573 1499 612 καὶ

183 635 306 676 πάλαι
324 638 528 688 γεγονυίας
550 637 612 677 καὶ
631 640 700 677 νῦν
721 637 786 689 ἐφ’
805 637 915 688 ἡμῶν
935 638 1071 684 αὐτῶν,
1094 637 1139 678 ἃς
1165 636 1322 679 ἁπάσας
1340 638 1363 688 ἡ
1383 638 1500 680 πόλις

181 704 249 752 τῆς
274 706 349 743 τῶν
374 702 509 743 ἄλλων
533 701 742 753 Ἑλλήνων
770 705 994 755 ἐλευθερίας
1019 704 1081 744 καὶ
1107 705 1303 756 σωτηρίας
1335 706 1496 755 πεποίη-

180 785 256 808 ται.
328 768 396 809 εἶτ’
423 770 500 821 ἐγὼ
526 771 776 822 τεθεωρηκὼς
805 772 846 811 ἐν
875 771 1079 812 τοσούτοις
1113 771 1174 811 καὶ
1206 770 1396 813 τοιούτοις
1429 771 1499 822 τὴν
1534 787 1594 812 101

123 854 160 876 10
180 835 298 875 πόλιν
321 835 418 887 ὑπὲρ
443 839 521 876 τῶν
546 840 628 879 τοῖς
647 836 788 878 ἄλλοις
809 838 1094 890 συμφερόντων
1119 836 1337 878 ἐθέλουσαν
1356 838 1498 890 ἀγωνί·

181 902 329 952 ζεσθαι,
347 903 443 954 ὑπὲρ
462 902 580 953 αὐτῆς
599 904 746 955 τρόπον
765 906 853 945 τινὰ
872 907 940 955 τῆς
964 906 1115 955 βουλῆς
1135 905 1255 954 οὔσης
1274 905 1314 944 τί
1331 904 1501 955 ἔμελλον

182 968 385 1009 κελεύσειν
419 965 443 1019 ἢ
482 970 523 1010 τί
559 971 879 1021 συμβουλεύσειν
917 970 1013 1028 αὐτῇ
1051 974 1196 1018 ποιεῖν,·
1245 975 1502 1022 μνησικακεῖν

179 1034 226 1085 νὴ
263 1035 342 1075 Δία
373 1035 471 1087 πρὸς
506 1036 596 1079 τοὺς
629 1036 896 1088 βουλομένους
931 1035 1142 1092 σῴζεσθαι,
1179 1038 1240 1078 καὶ
1277 1037 1500 1089 προφάσεις

182 1101 309 1151 ζητεῖν
340 1101 388 1142 δι’
423 1102 468 1144 ἃς
501 1102 655 1143 ἅπαντα
688 1104 955 1155 προησόμεθα.
1027 1104 1089 1144 καὶ
1124 1105 1182 1145 τίς
1218 1104 1285 1144 οὐκ
1321 1103 1370 1145 ἂν
1404 1103 1498 1145 ἀπέ-
1531 1101 1650 1155 [260]

122 1186 159 1217 15
182 1167 332 1208 κτεινέν
363 1185 412 1219 με
438 1170 606 1216 δικαίως,
635 1172 670 1210 εἴ
701 1187 739 1210 τι
767 1174 844 1211 τῶν
874 1171 1131 1223 ὑπαρχόντων
1156 1176 1202 1227 τῇ
1228 1171 1344 1211 πόλει
1369 1174 1500 1211 καλῶν

180 1234 288 1288 λόγῳ
326 1235 450 1285 μόνον
490 1237 769 1289 καταισχύνειν
804 1237 1064 1289 ἐπεχείρησα,·
1107 1238 1193 1277 ἐπεὶ
1228 1237 1274 1276 τό
1308 1236 1345 1289 γ’
1381 1237 1499 1289 ἔργον

181 1300 247 1339 οὐκ
266 1300 315 1341 ἂν
333 1300 540 1351 ἐποιήσαθ’
559 1303 680 1353 ὑμεῖς,
704 1304 877 1354 ἀκριβῶς
896 1302 968 1343 οἶδ’
986 1303 1075 1355 ἐγώ·
1113 1304 1147 1343 εἰ
1166 1304 1241 1355 γὰρ
1260 1303 1496 1354 ἐβούλεσθε,

179 1367 221 1406 τί
241 1365 289 1417 ἦν
314 1368 512 1418 ἐμποδών;
550 1368 617 1408 οὐκ
651 1366 763 1419 ἐξῆν;
803 1369 875 1422 οὐχ
908 1369 1085 1422 ὑπῆρχον
1119 1371 1155 1410 οἱ
1189 1369 1295 1409 ταῦτ’
1321 1371 1500 1422 ἐροῦντες

179 1432 305 1479 effron

120 1512 160 1533 20
248 1500 445 1551 Βούλομαι
477 1501 606 1541 τοίνυν
640 1502 873 1542 ἐπανελθεῖν
906 1502 972 1555 ἐφ’
1003 1503 1027 1543 ἃ
1058 1502 1204 1543 τούτων
1238 1502 1328 1553 ἑξῆς
1361 1504 1496 1543 ἐπολι-
1533 1516 1599 1542 102

177 1566 358 1617 τευόμην·
397 1567 460 1607 καὶ
485 1567 661 1608 σκοπεῖτ’
686 1569 728 1609 ἐν
753 1569 904 1611 τούτοις
930 1568 1051 1610 πάλιν
1080 1569 1139 1615 αὖ,
1171 1570 1211 1610 τί
1236 1569 1280 1609 τὸ
1309 1575 1355 1626 τῇ
1386 1570 1500 1610 πόλει

177 1632 395 1683 βέλτιστον
421 1632 480 1684 ἦν.
550 1635 649 1686 ὁρῶν
675 1634 762 1687 γάρ,
791 1633 820 1675 ὦ
845 1635 982 1687 ἄνδρες
1007 1635 1222 1686 Ἀθηναῖοι,
1249 1635 1293 1676 τὸ
1318 1635 1499 1677 ναυτικὸν

177 1699 283 1749 ὑμῶν
320 1701 610 1751 καταλυόμενον
647 1702 710 1742 καὶ
747 1701 836 1744 τοὺς
870 1704 943 1753 μὲν
979 1703 1194 1745 πλουσίους
1230 1704 1383 1745 ἀτελεῖς
1421 1702 1498 1744 ἀπὸ

177 1770 323 1818 μικρῶν
359 1767 629 1818 ἀναλωμάτων
664 1768 934 1821 γιγνομένους,
970 1769 1059 1811 τοὺς
1092 1771 1133 1810 δὲ
1168 1769 1292 1822 μέτρι’
1324 1767 1348 1820 ἦ
1381 1772 1498 1821 μικρὰ

118 1845 155 1875 25
179 1832 433 1883 κεκτημένους
459 1838 537 1875 τῶν
561 1839 736 1876 πολιτῶν
760 1838 809 1875 τὰ
833 1835 912 1876 ὅντ’
933 1836 1220 1882 ἀπολλύοντας,
1247 1836 1304 1877 ἔτι
1329 1836 1361 1876 δ’
1382 1838 1494 1877 ὑστε-

176 1899 361 1950 ρίζουσαν
397 1902 439 1940 ἐκ
475 1901 623 1942 τούτων
658 1901 730 1952 τὴν
766 1903 884 1944 πόλιν
920 1907 997 1944 τῶν
1034 1907 1189 1955 καιρῶν,
1225 1904 1345 1954 ἔθηκα
1377 1904 1497 1954 νόμον

178 1965 261 2005 καθ’
292 1965 335 2007 ὃν
368 1967 458 2009 τοὺς
492 1970 565 2018 μὲν
598 1970 646 2008 τὰ
678 1969 807 2010 δίκαια
839 1973 966 2011 ποιεῖν
998 1970 1219 2023 ἠνάγκασα,
1255 1970 1344 2011 τοὺς
1373 1975 1493 2010 πλου-

177 2033 298 2079 σίους,
334 2033 423 2075 τοὺς
459 2036 500 2074 δὲ
536 2035 706 2085 πένητας
739 2036 878 2077 ἕπαυσ’
912 2037 1198 2088 ἀδικουμένους,
1233 2038 1278 2093 τῇ
1313 2037 1428 2077 πόλει
1461 2036 1494 2076 δ’

222 2152 234 2172 Ι
263 2144 313 2175 καὶ
332 2143 354 2174 S
367 2144 396 2182 Q
413 2155 420 2174 t
445 2145 546 2176 καίτοι
566 2145 592 2176 L
607 2146 696 2185 vulg.
813 2158 832 2185 4
859 2149 892 2179 ἐν
908 2147 952 2180 οἷς
970 2147 1196 2187 ἐπιστεύθητε]
1215 2157 1277 2178 om.
1299 2147 1322 2177 S
1340 2151 1420 2177 text.
1443 2146 1492 2187 L¹⁷

175 2185 213 2215 cs.
234 2185 359 2217 Aesch.
381 2188 470 2218 Ctes.
494 2192 508 2225 ξ
527 2190 569 2227 85
666 2191 687 2219 6
710 2189 816 2229 πεζάς,
835 2191 1004 2232 στρατείας
1021 2192 1098 2221 secl.
1119 2191 1253 2221 Usener
1341 2191 1360 2220 8
1385 2191 1496 2222 ἄλλων

175 2239 238 2259 om.
258 2229 289 2260 A
421 2232 585 2270 Ἐλλήνων
610 2232 706 2263 SLl:
737 2235 902 2273 Ἑλλήνων
926 2233 1008 2266 ἕνεκ’
1032 2235 1086 2264 A:
1118 2234 1205 2274 ἕνεχ’
1231 2234 1394 2271 Ἐλλήνων
1419 2233 1496 2264 L²F

176 2272 264 2310 vulg.
452 2285 490 2305 12
534 2279 742 2315 μνησικακεῖν
782 2277 851 2308 LA
866 2277 891 2307 F
927 2290 977 2318 γρ.
995 2291 1000 2308 :
1049 2277 1301 2317 μνησικακήσειν
1341 2277 1364 2307 S
1403 2276 1492 2316 vulg.

179 2316 218 2344 16
253 2316 418 2356 αἰσχύνειν
444 2317 475 2348 Α
594 2320 778 2361 ἐπεχείρησ’
805 2322 843 2353 ἂν
872 2320 1023 2358 SLF¹Q
1186 2330 1227 2359 25
1262 2323 1326 2352 τῶν
1352 2323 1496 2352 πολιτῶν

176 2368 239 2389 om.
258 2359 289 2389 A
377 2362 418 2392 τὰ
443 2362 520 2394 ὄντα
543 2373 608 2392 om.
625 2362 661 2392 S¹
793 2374 833 2403 27
866 2364 939 2396 τοὺς
963 2364 1135 2397 πλουσίους
1159 2364 1237 2395 secl.
1263 2363 1493 2401 Herwerden,

176 2400 281 2432 Cobet
413 2406 454 2435 28
478 2405 615 2444 πένητας
631 2406 711 2437 secl.
733 2407 841 2438 Cobet
