1763 2828
207 485 248 520 14

206 879 245 917 15

206 1202 248 1238 16

204 1938 245 1975 18

703 165 1188 203 ΔΙΙΜΟΣΘΕΝΟΎΣ
1509 159 1614 215 [νιιί

280 266 341 308 καὶ
358 267 686 318 κατασκευάζεται
700 272 827 315 τοῦτο,
846 269 950 311 ὅπως
970 269 1076 319 ὑμῶν
1091 270 1163 320 μὲν
1179 270 1278 309 οἴκοι
1295 269 1508 320 μενόντων,
1528 267 1602 320 ἔξω

253 363 258 367 -
278 335 319 374 δὲ
338 337 526 386 μηδεμιᾶς
545 335 665 385 οὔσης
680 341 728 392 τῇ
744 336 858 377 πόλει
878 334 1087 386 δυνάμεως,
1105 337 1203 386 μετὰ
1222 335 1415 385 πλείστης
1433 335 1603 389 ἡσυχίας

277 399 419 442 ἅπανθ’
435 401 513 442 ὅσα
531 402 721 452 βούλεται
737 403 938 444 Φίλιππος
957 400 1209 451 διοικήσεται,
1263 404 1446 454 θεωρεῖτε
1464 404 1539 454 γὰρ
1558 401 1604 443 τὸ

279 467 403 519 παρὸν
430 471 597 519 πρῶτον,
627 467 647 508 ὃ
677 470 866 521 γίγνεται.
939 470 1022 510 νυνὶ
1054 468 1217 519 δύναμιν
1248 467 1427 520 μεγάλην
1456 470 1604 513 ἐκεῖνος

277 533 381 587 ἔχων
398 535 440 574 ἐν
454 532 593 590 Θρᾴκῃ
610 536 816 587 διατρίβει,
834 535 895 576 καὶ
910 534 1206 586 μεταπέμπεται
1221 533 1391 585 πολλήν,
1408 535 1460 577 ὥς
1476 540 1604 588 φασιν
1623 553 1641 586 5

277 602 314 640 οἰ
339 601 542 652 παρόντες,
564 600 641 642 ἀπὸ
661 602 907 644 Μακεδονίας
935 602 996 642 καὶ
1017 602 1252 643 Θετταλίας.
1313 602 1381 641 ἐὰν
1406 601 1473 642 οὖν
1493 618 1601 654 περι-

276 667 411 718 μείνας
436 667 526 710 τοὺς
551 668 712 718 ἐτησίας
740 669 804 709 ἐπὶ
831 667 1042 718 Βυζάντιον
1068 669 1193 708 ἐλθὼν
1220 674 1423 725 πολιορκῇ,
1450 671 1604 720 πρῶτον

276 735 348 784 μὲν
373 735 507 779 οἴεσθε
531 733 620 775 τοὺς
642 734 872 784 Βυζαντίους
897 738 1028 785 μενεῖν
1053 734 1117 774 ἐπὶ
1141 737 1210 784 τῆς
1235 735 1368 777 ἀνοίας
1393 737 1461 785 τῆς
1485 734 1603 785 αὐτῆς

278 800 411 851 ὥσπερ
441 803 522 847 νῦν,
555 800 615 840 καὶ
649 801 737 842 οὔτε
767 804 1009 853 παρακαλεῖν
1035 802 1133 851 ὑμᾶς
1163 801 1250 841 οὔτε
1279 803 1444 852 βοηθεῖν
1473 802 1603 844 αὐτοῖς

277 865 482 916 ἀξιώσειν,·
522 867 600 919 ἐγὼ
635 869 706 918 μὲν
743 867 810 907 οὐκ
847 869 988 918 οἴομαι,
1025 868 1130 908 ἀλλὰ
1166 868 1227 908 καὶ
1265 869 1300 909 εἴ
1328 861 1605 918 τισΐμᾶλλον
1626 884 1665 906 10

276 932 517 974 ἀπιστοῦσιν
554 930 578 983 ἢ
616 933 721 984 ἡμῖν,
762 933 823 974 καὶ
860 934 1018 976 τούτους
1057 932 1353 985 εἰσφρήσεσθαι
1389 936 1546 985 μᾶλλον
1580 931 1604 985 ἢ

277 998 404 1054 ’κείνῳ
443 1000 694 1053 παραδώσειν
731 999 801 1051 τὴν
839 1000 969 1047 πόλιν,
1009 999 1056 1041 ἄν
1092 1017 1163 1052 περ
1199 999 1250 1051 μὴ
1288 999 1426 1056 φθάσῃ
1463 1001 1605 1050 λαβὼν

276 1065 427 1108 αὐτούς.
483 1066 620 1107 οὐκοῦν
638 1066 748 1118 ἡμῶν
765 1068 838 1117 μὲν
856 1066 909 1118 μὴ
930 1065 1155 1117 δυναμένων
1176 1065 1321 1107 ἐνθένδ’
1341 1067 1602 1114 ἀναπλεῦσαι,

278 1134 360 1174 ἐκεῖ
381 1135 423 1173 δὲ
446 1136 637 1184 μηδεμιᾶς
654 1133 909 1187 ὑπαρχούσης
933 1134 1088 1184 ἑτοίμου
1111 1133 1314 1191 βοηθείας,
1334 1133 1448 1175 οὐδὲν
1467 1133 1605 1176 αὐτοὺς

278 1199 531 1241 ἀπολωλέναι
551 1199 735 1241 κωλύσει.
794 1199 840 1250 νὴ
863 1201 954 1246 Δία,
978 1203 1292 1251 κακοδαιμονῶσι
1310 1200 1384 1251 γὰρ
1403 1198 1604 1251 ἅνθρωποι
1627 1216 1665 1248 15

281 1267 342 1307 καὶ
372 1266 697 1318 ὑπερβάλλουσιν
723 1267 847 1322 ἀνοίᾳ.
920 1266 1021 1308 πάνυ
1045 1284 1104 1319 γε,
1131 1266 1223 1307 ἀλλ’
1249 1267 1352 1318 ὅμως
1382 1265 1520 1309 αὐτοὺς
1547 1269 1608 1308 δεῖ

279 1336 360 1375 σῶς
385 1333 497 1374 εἶναι·
535 1333 731 1386 συμφέρει
754 1335 830 1386 γὰρ
855 1334 901 1391 τῇ
927 1335 1053 1375 πόλει.
1117 1335 1178 1374 καὶ
1202 1333 1280 1384 μὴν
1303 1332 1384 1374 οὐδ’
1409 1334 1536 1374 ἐκεῖνό
1558 1350 1605 1385 γε

278 1400 399 1450 δῆλόν
427 1401 537 1441 ἐστιν
561 1400 665 1451 ἡμῖν,
689 1400 740 1444 ὡς
763 1400 828 1441 ἐπὶ
848 1401 1104 1453 Χερρόνησον
1123 1401 1197 1453 οὐχ
1222 1398 1318 1450 ἥξει·
1358 1399 1449 1440 ἀλλ’
1469 1399 1541 1451 εἴγ’
1561 1401 1604 1440 ἐκ

277 1468 345 1516 τῆς
370 1467 586 1517 ἐπιστολῆς
611 1469 671 1508 δεῖ
693 1470 859 1508 σκοπεῖν
878 1467 923 1517 ἧς
946 1467 1101 1519 ἔπεμψε
1122 1466 1218 1519 πρὸς
1237 1467 1346 1516 ὑμᾶς,
1369 1466 1608 1518 ἀμυνεῖσθαί

278 1537 382 1584 φησι
407 1532 496 1575 τοὺς
526 1534 568 1574 ἐν
595 1532 846 1588 Χερρονήσῳ.
918 1533 966 1574 ἂν
989 1535 1061 1584 μὲν
1087 1534 1217 1574 τοίνυν
1241 1532 1265 1589 ᾗ
1291 1532 1335 1573 τὸ
1361 1533 1604 1583 συνεστηκὸς
1625 1548 1666 1571 20

279 1598 513 1651 στράτευμα,
537 1601 598 1641 καὶ
617 1605 664 1657 τῇ
687 1600 799 1654 χώρᾳ
822 1602 1025 1651 βοηθῆσαι
1047 1599 1257 1650 δυνήσεται
1277 1599 1339 1640 καὶ
1357 1604 1435 1640 τῶν
1454 1599 1604 1641 ἐκείνου

277 1682 312 1706 τι
347 1670 471 1708 κακῶς
501 1669 676 1717 ποιῆσαι·
715 1668 748 1707 εἰ
781 1666 813 1706 δ’
843 1666 952 1717 ἅπαξ
979 1665 1270 1717 διαλυθήσεται,
1303 1667 1343 1706 τί
1370 1665 1601 1718 ποιήσομεν,

276 1731 324 1773 ἂν
345 1733 408 1774 ἐπὶ
425 1733 681 1785 Χερρόνησον
700 1722 806 1789 ’ίῃ;]’
824 1736 1028 1785 κρινοῦμεν
1053 1734 1244 1784 Διοπείθη
1265 1732 1311 1783 νὴ
1331 1731 1436 1774 Δία.’
1486 1732 1548 1773 καὶ
1567 1733 1608 1774 τί

275 1800 322 1839 τὰ
353 1798 547 1852 πράγματ’
574 1800 686 1841 ἔσται
717 1790 886 1850 βελτίω
927 1800 1045 1841 ίἀλλ’
1072 1798 1219 1841 ἐνθένδ’
1250 1799 1298 1840 ἂν
1328 1797 1604 1851 βοηθήσαιμεν

275 1865 412 1906 αὐτοί.’
465 1866 512 1907 ἂν
537 1866 570 1906 δ’
594 1866 669 1907 ὑπὸ
694 1870 770 1907 τῶν
797 1867 1028 1917 πνευμάτων
1052 1867 1105 1918 μὴ
1131 1867 1351 1918 δυνώμεθα,·
1392 1868 1403 1883 ‘
1419 1867 1526 1907 ἀλλὰ
1550 1866 1605 1917 μὰ
1624 1878 1664 1911 25

278 1931 346 1973 Δί’
367 1932 440 1986 οὐχ
465 1931 576 1984 fig-‘em'
630 1934 693 1974 καὶ
713 1934 772 1975 τίς
797 1934 989 1986 ἐγγυητής
1015 1934 1102 1974 ἐστι
1122 1934 1280 1981 τούτου;
1318 1932 1378 1984 ἆρ’
1399 1933 1514 1986 ὁρᾶτε
1541 1932 1604 1974 καὶ

274 1998 488 2052 λογίζεσθ’,
511 1998 540 2040 ὦ
558 1998 694 2051 ἄνδρες
714 1999 927 2050 Ἀθηναῖοι,
950 2000 1020 2052 τὴν
1042 2002 1232 2041 ἐπιοῦσαν
1258 2001 1361 2052 ὥραν
1386 2003 1454 2041 τοῦ
1479 1999 1600 2046 ἔτους,

321 2119 334 2140 1
361 2110 458 2141 τοῦτο
474 2113 552 2149 post
569 2109 843 2150 κατασκευάζεται
863 2110 886 2141 S
900 2110 947 2141 L:
972 2115 1051 2141 ante
1069 2111 1120 2142 καὶ
1133 2109 1222 2149 vulg.
1357 2110 1378 2139 6
1403 2109 1463 2141 ἀπὸ
1480 2108 1576 2140 codd.
1593 2119 1600 2140 :

275 2154 312 2186 ἐκ
348 2151 454 2184 schol.
485 2152 649 2193 Hermog.
682 2154 712 2184 vi
744 2155 820 2194 362,
855 2153 954 2184 Blass
990 2153 1102 2185 deleto
1137 2157 1300 2185 commate
1336 2157 1411 2194 post
1448 2151 1602 2193 παρόντες

273 2197 467 2238 παραμείνας
493 2196 516 2228 S
532 2196 631 2229 Vind.
657 2206 670 2228 1
842 2197 862 2227 8
892 2196 1017 2238 μενεῖν]
1041 2196 1150 2236 μένειν
1177 2196 1281 2229 SLA
1453 2205 1475 2235 9
1505 2207 1601 2235 παρα-

273 2243 385 2272 καλεῖν
403 2240 510 2272 Cobet
526 2252 532 2271 :
556 2239 795 2282 παρακαλέσειν
811 2241 909 2272 codd.
1056 2243 1188 2278 βοηθεῖν
1206 2239 1293 2279 vulg.
1314 2250 1320 2271 :
1345 2238 1520 2277 βοηθήσειν
1539 2239 1562 2267 S
1575 2237 1601 2269 L

277 2292 315 2322 15
347 2287 601 2324 κακοδαιμονῶσι
626 2283 741 2315 Wolf:
775 2286 1040 2323 κακοδαιμονοῦσι
1065 2284 1162 2315 codd.
1329 2292 1371 2313 20
1401 2284 1498 2314 τοῦτο
1524 2285 1601 2320 post

274 2329 472 2366 συνεστηκὸς
498 2328 572 2359 add.
601 2327 714 2365 vulg.:
748 2337 813 2358 om.
841 2327 913 2357 SI,¹
1092 2337 1132 2358 22
1166 2325 1416 2367 διαφθαρήσεται
1443 2325 1494 2356 καὶ
1521 2328 1600 2355 ante

273 2371 501 2408 διαλυθήσεται
519 2371 592 2402 add.
613 2370 701 2410 vulg.
723 2381 730 2402 ι
755 2381 818 2402 om.
842 2372 865 2401 5
879 2370 914 2401 L'
928 2370 959 2401 Α
1137 2380 1177 2408 24
1206 2371 1244 2401 ἂν
1267 2369 1485 2407 βοηθήσαιμεν
1504 2368 1526 2398 S
1541 2367 1577 2398 L¹
1593 2377 1600 2397 ε

273 2414 478 2452 βοηθήσομεν
502 2418 581 2445 cett.
747 2424 787 2453 25
819 2414 909 2446 αὐτοί
933 2412 1042 2452 vulg.:
1077 2415 1173 2446 αὐτωι
1199 2412 1257 2444 5¹:
1290 2414 1374 2445 αὐτῶ
1400 2411 1462 2442 L¹z
1495 2413 1601 2443 αὐτοῖς

272 2456 381 2487 ABF
