1747 2844
171 522 188 553 5

151 854 188 875 10

151 1219 187 1251 15

149 1489 188 1512 20

217 129 338 184 xvm]
529 136 672 173 ΠΕΡΙ
721 136 842 173 ΤΟΎ
892 136 1223 173 ΣΤΕΦΑΝΟΎ

212 239 396 290 θεριστὰς
433 238 494 278 καὶ
526 238 614 281 τοὺς
646 238 748 279 ἄλλο
781 255 817 279 τι
849 241 994 290 μισθοῦ
1025 237 1267 290 πράττοντας
1298 240 1439 291 φίλους
1473 238 1534 280 καὶ

210 303 345 355 ξένους
364 307 423 345 δεῖ
447 308 581 345 καλεῖν
600 309 678 346 τῶν
696 303 1024 356 μισθωσαμένων.
1083 302 1189 356 [ἀλλ’
1209 304 1276 345 οὐκ
1296 305 1384 345 ἔστι
1402 309 1533 345 ταῦτα·

210 372 352 418 πόθεν;
386 375 540 412 πολλοῦ
555 389 601 424 γε
618 372 679 411 καὶ
695 369 781 423 δεῖ.]
834 372 940 411 ἀλλὰ
955 370 1157 422 μισθωτὸν
1173 371 1249 423 ἐγώ
1267 388 1315 412 σε
1332 373 1535 412 Φιλίππου

211 439 403 490 πρότερον
423 438 485 478 καὶ
504 441 572 478 νῦν
591 437 855 490 Ἀλεξάνδρου
879 441 998 483 καλῶ,
1023 437 1085 477 καὶ
1110 437 1215 478 οὗτοι
1234 436 1390 480 πάντες.
1443 439 1476 478 εἰ
1500 437 1532 478 δ’

211 505 404 550 ἀπιστεῖς,
438 505 637 556 ἐρώτησον
669 504 820 550 αὐτούς,
851 506 1006 555 μᾶλλον
1036 503 1069 544 δ’
1095 505 1174 556 ε’γὼ
1203 504 1306 544 τοῦθ’
1335 505 1432 556 ὑπὲρ
1462 508 1535 545 σοῦ

210 570 377 621 ποιήσω.
438 571 603 623 πότερον
627 571 729 621 ὑμῖν,
755 569 784 611 ὦ
809 570 946 623 ἄνδρες
965 570 1179 621 Ἀθηναῖοι,
1208 574 1316 612 δοκεῖ
1336 570 1534 622 μισθωτὸς

212 639 407 690 Αἰσχίνης
430 633 453 687 ἢ
479 636 590 687 ξένος
616 637 715 678 εἶναι
740 636 1024 689 Ἀλεξάνδρου;
1062 638 1214 680 ἀκούεις
1238 638 1262 678 ὃ.
1286 637 1488 690 λέγουσιν.

278 704 476 755 Βούλομαι
496 704 625 744 τοίνυν
644 703 714 754 ἤδη
737 704 798 745 καὶ
817 705 906 756 περὶ
930 706 999 755 τῆς
1019 706 1176 758 γραφῆς
1195 705 1313 755 αὐτῆς
1333 704 1532 757 ἀπολογή-

210 772 361 810 σασθαι
397 772 460 811 καὶ
497 770 712 821 διεξελθεῖν
744 773 792 811 τὰ
824 771 1066 824 πεπραγμέν’
1098 773 1263 826 ἐμαυτῷ,
1298 773 1361 812 ἵνα
1398 773 1535 823 καίπερ

210 837 320 879 εἰδὼς
353 838 548 891 Αἰσχίνης
581 838 684 889 ὅμως
720 838 871 895 ἀκούσῃ
905 838 953 879 δι’
986 837 1010 877 ἅ
1044 844 1146 891 φημι
1183 839 1245 878 καὶ
1278 839 1426 879 τούτων
1457 841 1535 878 τῶν

209 903 619 956 προβεβουλευμένων
645 905 706 945 καὶ
732 909 870 960 πολλῷ
896 905 1086 956 μειζόνων
1113 905 1169 946 ἔτι
1193 906 1341 946 τούτων
1365 908 1536 957 δωρειῶν

209 971 357 1013 δίκαιος
388 970 487 1012 εἶναι
516 970 739 1026 τυγχάνειν.
813 973 879 1012 καί
906 989 972 1023 μοι
1001 972 1097 1025 λέγε
1126 972 1196 1022 τὴν
1227 971 1386 1024 γραφὴν
1416 971 1536 1023 αὐτὴν

208 1038 362 1088 λαβών.

804 1136 940 1163 ΓΡΑΦΗ.

264 1204 362 1258 [Ἐπὶ
396 1206 609 1257 Χαιρώνδου
644 1207 831 1258 ἄρχοντος,
863 1208 1172 1257 ἐλαφηβολιῶνος
1206 1209 1291 1259 ἕκτῃ
1326 1209 1535 1259 ἱσταμένου,

211 1262 392 1312 Αἰσχίνης
424 1261 654 1311 Ἀτρομήτου
689 1261 902 1311 Κοθωκίδης
936 1262 1118 1314 ἀπήνεγκε
1155 1263 1246 1312 πρὸς
1277 1264 1342 1301 τὸν
1375 1264 1536 1314 ἄρχοντα

208 1317 430 1366 παρανόμων
460 1317 550 1354 κατὰ
580 1319 851 1365 Κτησιφῶντος
882 1319 947 1354 τοῦ
977 1316 1214 1357 Λεωσθένους
1244 1316 1535 1366 Ἀναφλυστίου,

210 1370 265 1408 ὅτι
289 1371 427 1422 ἔγραψε
450 1371 664 1420 παράνομον
686 1371 878 1420 ψήφισμα,
900 1372 946 1410 ὡς
973 1371 1042 1420 ἄρα
1069 1371 1125 1409 δεῖ
1147 1375 1389 1420 στεφανῶσαι
1410 1376 1537 1422 Δημο-

209 1424 347 1474 σθένην
367 1424 632 1475 Δημοσθένους
652 1425 832 1462 Παιανιέα
855 1427 982 1475 χρυσῷ
1003 1425 1188 1476 στεφάνῳ,
1211 1426 1270 1463 καὶ
1291 1428 1537 1478 ἀναγορεῦσαι

209 1481 247 1517 ἐν
274 1483 324 1531 τῷ
355 1479 492 1530 θεάτρῳ
523 1479 733 1519 Διονυσίοις
760 1481 836 1518 τοῖς
864 1480 1054 1531 μεγάλοις,
1080 1479 1279 1531 τραγωδοῖς
1309 1483 1454 1525 καινοῖς,
1480 1481 1535 1519 ὅτι

209 1537 394 1583 στεφανοῖ
426 1535 445 1572 ὁ
479 1533 593 1583 δῆμος
622 1532 871 1583 Δημοσθένην
900 1533 1165 1582 Δημοσθένους
1196 1536 1376 1573 Παιανιεο.
1408 1539 1535 1586 χρυσῷ

208 1590 382 1641 στεφάνω
413 1590 542 1639 ἀρετῆς
569 1588 671 1626 ἕνεκα
702 1587 761 1626 καὶ
789 1588 927 1627 εὐνοίας
955 1587 998 1637 ἧς
1021 1588 1114 1639 ἔχων
1139 1588 1300 1627 διατελεῖ
1320 1589 1368 1629 εἵς
1390 1606 1430 1628 τε
1452 1590 1536 1630 τοὺς

202 1642 428 1693 Ἓλληνας
412 1645 575 1683 ἅπαντας
594 1643 654 1681 καὶ
672 1643 737 1681 τὸν
756 1641 873 1692 δῆμον
891 1643 956 1681 τὸν
974 1642 1179 1692 ΗΑθηναιων
1199 1643 1258 1681 καὶ
1279 1643 1534 1696 ἀνδραγαθίας,

208 1698 267 1735 καὶ
287 1697 378 1736 διότι
397 1697 557 1736 διατελεῖ
577 1700 746 1748 πράττων
767 1697 826 1735 καὶ
852 1697 973 1749 λέγων
991 1698 1037 1735 τὰ
1062 1697 1249 1746 βέλτιστα
1272 1700 1321 1749 τῷ
1348 1698 1450 1750 δήμῳ
1475 1699 1534 1737 καὶ

206 1752 393 1802 πρόθυμός
413 1755 494 1791 ἐστι
512 1755 629 1791 ποιεῖν
649 1753 669 1791 ὅ
688 1770 722 1791 τι
743 1751 787 1790 ἂν
807 1751 956 1801 δύνηται
976 1751 1127 1803 ἀγαθόν,
1146 1753 1267 1790 πάντα
1286 1755 1400 1790 ταῦτα
1419 1753 1534 1803 ψευδῆ

205 1807 351 1858 γράψας
372 1808 431 1845 καὶ
449 1809 657 1857 παράνομα,
673 1810 744 1846 τῶν
760 1807 880 1857 νόμων
900 1808 966 1844 οὐκ
986 1806 1125 1844 ἐώντων
1143 1809 1288 1856 πρῶτον
1306 1809 1373 1856 μὲν
1393 1807 1534 1857 ψευδεῖς

205 1863 353 1912 γραφὰς
391 1864 440 1901 εἷς
476 1863 523 1900 τὰ
560 1862 721 1911 δημόσια
759 1863 960 1914 γράμματα
999 1861 1321 1910 καταβάλλεσθαι,
1357 1861 1433 1900 εἶτα
1470 1863 1534 1900 τὸν

205 1915 406 1954 ὑπεύθυνον
435 1919 645 1964 στεφανοῦν
675 1915 773 1964 (ἔστι
802 1916 840 1954 δὲ
869 1915 1117 1966 Δημοσθένης
1146 1917 1353 1966 τειχοποιὸς
1385 1917 1443 1954 καὶ
1475 1917 1533 1954 ἐπὶ

205 1972 256 2020 τῷ
283 1970 440 2022 θεωρικῷ
466 1969 714 2023 τεταγμένος),
736 1972 789 2009 ἔτι
814 1970 851 2009 δὲ
874 1971 926 2021 μὴ
954 1972 1186 2023 ἀναγορεύειν
1204 1972 1269 2008 τὸν
1287 1971 1476 2019 στέφανον
1496 1973 1533 2008 ἐν

149 2036 161 2048 ἢ
235 2027 252 2036 a
276 2023 298 2062 θ
331 2026 340 2037 t
585 2026 595 2038 t
821 2029 837 2037 n
915 2027 932 2037 Α
1041 2028 1058 2037 Α
1099 2027 1109 2040 ‚
1168 2023 1178 2035 θ
1205 2027 1230 2039 ,x
1311 2026 1320 2037 x
1373 2026 1382 2037 ε
1515 2025 1525 2037 x

151 2049 157 2052 -
205 2041 255 2074 τῳ
301 2042 414 2076 εατρῳ
435 2029 646 2065 Διονυσιοις
670 2025 865 2078 τραγῳδων
885 2042 932 2076 τῃ
952 2043 1068 2076 καινῃ,
1091 2028 1167 2062 αλλ
1198 2042 1259 2062 εαν
1278 2042 1345 2073 μεν
1364 2042 1387 2073 η
1406 2025 1532 2074 βουλη

205 2082 398 2127 στεφανοῖ,
422 2082 459 2117 ἐν
484 2083 534 2130 τῷ
559 2080 811 2131 βουλευτηρίῳ
840 2081 1009 2124 ἀνειπεῖν,
1032 2081 1093 2117 ἐὰν
1112 2079 1150 2117 δὲ
1175 2080 1199 2128 ἡ
1222 2079 1343 2123 πόλις,
1365 2081 1403 2116 ἐν
1424 2080 1533 2117 πυκνὶ

204 2136 252 2183 τῇ
282 2134 474 2184 ἐκκλησίᾳ.
533 2134 674 2184 τίμημα
706 2135 871 2172 τάλαντα
903 2135 1140 2183 πεντήκοντα.
1200 2134 1376 2182 κλήτορες
1407 2135 1532 2182 Κηφι-

205 2190 337 2235 σοφῶν
369 2191 673 2237 Κηφισοφῶντος
705 2187 958 2238 Ῥαμνούσιος,
995 2189 1128 2226 Κλέων
1160 2189 1333 2228 Κλέωνος
1368 2187 1533 2226 Κοθωκί-

205 2240 294 2294 δης.]

249 2356 268 2375 2
293 2346 368 2378 ἀλλ’
385 2347 441 2378 οὐκ
458 2370 464 2377 .
486 2370 492 2376 .
514 2370 521 2377 .
543 2348 594 2378 δεῖ
606 2345 685 2377 secl.
705 2345 877 2377 Schenkel
895 2346 968 2377 coll.
988 2348 1003 2383 ξ
1023 2356 1063 2384 47
1211 2347 1233 2376 6
1255 2346 1413 2386 μίσθωτος
1431 2347 1529 2378 codd.

208 2388 364 2473 Εζῐῖἓὲῑ
381 2431 412 2462 Α
451 2399 493 2427 23
517 2395 591 2429 post
608 2392 706 2430 δῆμον
721 2390 799 2422 add.
817 2391 874 2421 τὸν
890 2389 921 2419 Y
936 2401 941 2421 :
967 2392 1032 2421 τῶν
1049 2389 1073 2420 S
1087 2388 1153 2419 LA
1166 2388 1192 2419 F
1291 2399 1332 2428 32
1357 2389 1531 2431 κλήτορες]

1566 135 1678 190 [242]

1567 322 1608 358 52

1567 637 1679 691 [243]

1569 720 1609 754 53

1569 1221 1611 1260 54

1565 1765 1605 1802 55

1565 2018 1678 2074 [244]
