1763 2828
855 500 916 540 IV

581 628 747 669 ΚΑΤΑ
795 627 1106 669 ΦΙΛΙΠΠΟΤ
1153 626 1189 669 Α

777 759 992 788 ΎἹἹΟΘΕΣῙΣ

276 836 438 874 Κακῶς’
422 851 460 871 εν
475 836 524 883 τῷ
544 833 696 884 πολέμω
715 835 766 882 τῷ
785 834 875 882 πρὸς
891 832 1080 870 Φίλιππον
1096 834 1129 870 οἱ
1145 831 1334 881 Ἀθηναῖοι
1354 834 1551 883 φερόμενοι

220 888 521 936 συνεληλυθασιν
541 889 589 927 εἰς
611 887 814 936 ἐκκλησίαν
835 887 977 936 ἄθυμοι
980 903 1067 926 ντες.
1127 888 1146 924 ὁ
1162 888 1283 925 τοίνυν
1301 888 1420 937 ῥήτωρ
1440 889 1506 937 τήν
1521 887 1551 925 τ’

220 943 377 991 ἀθιμμιαν
400 945 567 990 πειρᾶται
593 959 730 985 παυειν,
756 942 875 993 λέγων
902 941 1005 979 οὐδὲν
1031 940 1121 979 εἶναι
1148 941 1363 990 θαυμαστὸν
1390 944 1420 980 εἷ
1444 942 1549 992 ρᾳθυ-

219 1000 369 1046 μοῧντες
397 997 645 1045 κεκράτηνται,
669 996 728 1033 καὶ
754 998 956 1047 εἰσηγεῖται
985 998 1060 1036 πῶς
1089 994 1133 1033 ἂν
1160 996 1294 1045 ἄριστα
1321 998 1372 1045 τῷ
1400 997 1552 1062 πολέμῳ

221 1051 511 1102 προσενεχθεῖεν.
571 1051 678 1088 κελει
673 1067 710 1088 ει
734 1050 771 1088 δὲ
795 1050 858 1088 δύο
883 1049 1049 1098 δυνάμεις
1072 1049 1444 1099 παρασκευάσασθαι,
1464 1051 1552 1100 μίαν
1572 1068 1590 1099 5

220 1106 288 1155 μὲν
310 1108 432 1154 μείζω,
457 1105 662 1154 πολιτικήν,
687 1104 766 1153 ἥτις
792 1105 884 1142 οἴκοι
909 1121 1073 1153 μενουσα
1098 1105 1189 1153 πρὸς
1217 1105 1281 1144 τὰς
1311 1105 1402 1142 κατὰ
1429 1105 1552 1154 καιρὸν

221 1160 345 1210 χρείας
383 1160 526 1209 ἕτοιμος
563 1160 725 1208 ὑπάρξει,
762 1160 886 1208 ἑτέραν
925 1157 954 1196 δ’
992 1159 1143 1203 ἐλάττω,
1185 1159 1294 1204 ξένων
1332 1159 1444 1197 ὅντων
1481 1161 1552 1197 τῶν

222 1214 530 1263 στρατειομένων
560 1214 893 1264 παραμεμιγμένων
923 1212 960 1251 δὲ
995 1212 1053 1250 καὶ
1083 1211 1273 1263 (πολιτῶν.
1331 1214 1467 1262 ταύτην
1495 1211 1552 1264 δὲ>

222 1270 361 1307 κελεύει
393 1268 461 1318 τὴν
492 1268 644 1318 ὃυναμιν
673 1268 725 1318 μὴ
759 1267 941 1317 Αθήνησι
974 1284 1095 1316 μενειν
1124 1266 1209 1316 μηδ
1242 1270 1281 1305 ἐκ
1313 1269 1377 1316 τῆς
1409 1268 1552 1307 πόλεως

221 1324 407 1361 ποιεῖσθαι
422 1324 486 1363 τὰς
500 1322 687 1372 βοηθείας.
708 1323 809 1360 ἀλλὰ
824 1339 906 1371 περι
920 1322 987 1371 τὴν
1003 1321 1236 1360 Μακεδονίαν
1251 1322 1552 1371 ἆναστρέφεσθαι
1574 1338 1614 1361 10

221 1380 462 1426 πολεμοῦσαν
476 1376 757 1421 αδιαλείπτως,“
743 1394 799 1415 ινα
813 1376 865 1425 μὴ
881 1393 963 1416 τους
977 1376 1126 1425 ἐτησίας
1138 1377 1312 1416 πνέοντας
1328 1377 1552 1425 ἐπιτηρήσας

221 1433 241 1469 ὁ
267 1432 453 1471 Φίλιππος
482 1430 505 1480 ἢ
532 1431 590 1468 καὶ
618 1431 682 1469 τὸν
707 1433 879 1482 χειμῶνα,
902 1428 993 1479 ἡνι”κ
1019 1428 1223 1479 Ἀθήνηθεν
1248 1433 1296 1471 εἰς
1320 1430 1553 1469 Μακεδονίαν

220 1488 328 1524 πλεῖν
348 1487 390 1524 οὗ
410 1486 451 1523 δι
446 1486 571 1532 νατόν,
591 1487 756 1535 ἐπιχειρῇ
774 1487 849 1525 τοῖς
868 1485 1065 1536 πράγμασι
1085 1484 1145 1522 καὶ
1163 1486 1263 1534 παρὰ
1281 1484 1349 1533 τὴν
1369 1485 1554 1523 ἀπουσίαν

219 1540 287 1589 τὴν
314 1543 386 1578 τῶν
414 1538 618 1588 Ἀθηιαίων
648 1540 817 1577 ἁπάντων
847 1541 972 1590 κρατῇ,
1003 1537 1089 1577 ἀλλ’
1123 1539 1231 1590 ἐγγυς
1264 1540 1287 1589 ἡ
1319 1539 1410 1588 πρὸς
1443 1539 1553 1578 αὐτὸν

222 1595 484 1643 ἀντιταξομένη
505 1593 654 1643 δύναμις
672 1594 832 1644 ὑπάρχῃ.
1572 1604 1611 1638 15

101 1719 190 1774 [40]
292 1721 340 1760 Εἰ
364 1722 436 1770 μὲν
461 1720 549 1771 περὶ
576 1723 708 1760 καινοῦ
733 1736 839 1762 τινος
860 1719 1090 1773 πράγματος
1109 1718 1342 1773 προυτίθετ’,
1365 1716 1394 1758 ὦ
1415 1718 1551 1771 ἄνδρες

222 1786 438 1837 Ἀθηναῖοι,
460 1785 608 1838 λέγειν,
631 1787 809 1840 ἐπισχὼν
829 1786 878 1828 ἂν
897 1787 969 1829 ἕως
994 1789 1029 1828 οἱ
1054 1790 1239 1828 πλεῖστοι
1258 1790 1335 1826 τῶν
1356 1786 1551 1826 εἰωθότων

222 1854 382 1906 γνώμην
408 1851 678 1904 ἀπεφήναντο,
707 1854 740 1893 εἰ
768 1856 841 1905 μὲν
865 1853 1010 1907 ἤρεσκέ
1037 1855 1079 1895 τί
1102 1871 1168 1905 μοι
1198 1858 1276 1894 τῶν
1300 1851 1375 1893 ὑπὸ
1404 1852 1551 1893 τούτων

221 1920 430 1972 ῥηθέντων,
475 1920 646 1973 ἡσυχίαν
687 1919 735 1960 ἂν
778 1920 887 1973 ἦγον,
932 1922 964 1961 εἰ
1007 1923 1048 1961 δὲ
1090 1919 1155 1971 μή,
1199 1919 1281 1960 τότ’
1322 1918 1370 1959 ἂν
1413 1918 1550 1961 καύτὸς

223 1987 444 2039 ἐπειρώμην
468 1987 493 2027 ἂ
517 1986 729 2039 γιγνώσκω
753 1987 900 2039 λέγειν·
939 1987 1073 2037 ἐπειδὴ
1099 1987 1132 2027 δ’
1157 1988 1254 2038 ὑπὲρ
1279 1987 1333 2026 ὧν
1358 1984 1551 2027 πολλάκις
1571 2004 1611 2027 20

223 2053 426 2106 εἰρήκασιν
473 2053 579 2094 οὗτοι
627 2055 819 2107 πρότερον
868 2055 1082 2105 συμβαίνει
1129 2054 1190 2093 καὶ
1238 2053 1322 2094 νυνὶ
1370 2055 1547 2098 σκοπεῖν,

221 2121 390 2172 ἡγοῦμαι
415 2121 476 2161 καὶ
502 2124 654 2172 πρῶτος
684 2121 858 2163 ἀναστὰς
884 2121 1043 2162 εἰκότως
1068 2120 1115 2161 ἂν
1141 2120 1377 2172 συγγνώμης
1401 2118 1547 2171 τυγχά-

222 2204 315 2227 νειν.
388 2188 421 2227 εἰ
447 2189 522 2240 γὰρ
547 2189 589 2228 ἐκ
614 2191 682 2227 τοῦ
708 2188 1028 2239 παρεληλυθότος
1053 2188 1197 2240 χρόνου
1221 2188 1269 2226 τὰ
1293 2183 1418 2226 δέονθ’
1443 2185 1549 2226 οὗτοι

222 2254 557 2303 συνεβούλευσαν,
586 2254 698 2294 οὐδὲν
722 2253 771 2294 ἂν
794 2254 892 2305 ὑμᾶς
916 2257 985 2294 νῦν
1011 2254 1089 2294 ἔδει
1113 2253 1390 2304 βουλεύεσθαι.

263 2362 283 2391 8
307 2365 458 2393 πολιτῶν.
508 2362 632 2400 ταύτην
657 2361 690 2394 δὲ
716 2362 789 2392 add.
809 2361 945 2401 Sauppe
1126 2371 1164 2400 19
1189 2362 1238 2392 καὶ
1261 2366 1339 2391 ante
1361 2361 1454 2393 αὐτὸς
1471 2360 1545 2391 add.

219 2405 249 2436 Α
262 2404 291 2436 Y
310 2410 342 2435 ct
360 2406 384 2436 S
402 2405 435 2435 in
454 2405 608 2436 prooem.
632 2415 644 2436 1
662 2417 667 2436 :
695 2415 759 2436 om.
781 2406 804 2436 S
822 2405 911 2444 vulg.
1021 2415 1061 2435 20
1086 2404 1161 2445 ὑπὲρ
1181 2405 1203 2435 S
1216 2404 1247 2435 A
1261 2404 1312 2434 Y:
1337 2405 1405 2444 περὶ
1422 2404 1511 2443 vulg.
