1747 2844
220 111 339 166 xvm]
531 117 675 155 ΠΕΡΙ
724 117 844 154 ΤΟΎ
891 116 1231 154 ΣΤΕΦΑΝΟΎ

217 226 344 272 βανον
363 220 478 275 αὐτῷ.
532 221 616 271 ἥτις
636 219 667 261 δ’
684 220 706 271 ἡ
727 220 861 271 φύσις,
879 219 1016 271 ἄνδρες
1032 218 1247 268 Ἀθηναῖοι,
1267 217 1432 269 γέγονεν
1449 218 1536 257 τού-

217 304 295 328 των
319 291 397 328 τῶν
422 287 672 339 πραγμάτων,
702 287 764 326 καὶ
796 286 900 327 τίνος
930 286 1060 326 εἵνεκα
1088 289 1209 324 ταῦτα
1240 283 1538 333 συνεσκευάσθη

218 354 280 395 καὶ
305 359 386 396 πῶς
406 353 598 408 ἐπράχθη,
620 357 687 394 νῦν
711 352 917 398 ἀκούσατε,
940 351 1074 402 ἐπειδὴ
1097 351 1177 391 τότ’
1203 350 1439 401 ἐκωλύθητε·
1478 351 1540 390 καὶ

218 423 292 473 γὰρ
325 422 366 462 εὖ
399 424 559 473 πρᾶγμα
592 422 779 461 συντεθὲν
808 421 976 472 ὄψεσθε,
1010 418 1071 458 καὶ
1100 416 1242 469 μεγάλ’
1274 415 1541 470 ὠφελήσεσθε

180 487 314 540 ,επρὸς
356 488 534 541 ἱστορίαν
575 490 650 527 τῶν
694 489 845 532 κοινῶν,
890 485 952 525 καὶ
994 486 1068 535 ὅση
1109 485 1284 535 δεινότης
1323 483 1371 534 ἦν
1409 485 1451 524 ἐν
1489 488 1541 538 τῷ

218 556 406 609 Φιλίππῳ
432 554 641 595 θεάσεσθε.

284 621 369 661 Οὐκ
404 620 451 672 ἦν
483 624 551 660 τοῦ
585 619 681 672 πρὸς
717 620 815 671 ὑμᾶς
851 618 1026 670 πολέμου
1061 618 1180 671 πέρας
1213 617 1292 659 οὐδ’
1325 616 1540 669 ἀπαλλαγὴ

218 689 418 742 Φιλίππῳ,
446 688 479 728 εἰ
508 686 559 738 μὴ
587 686 793 738 Θηβαίους
826 686 887 726 καὶ
913 685 1141 727 Θετταλοὺς
1170 684 1336 738 ἐχθροὺς
1362 684 1542 735 ποιήσειε

218 755 262 810 τῇ
294 755 422 795 πόλει·
460 754 567 794 ἀλλὰ
596 754 733 805 καίπερ
767 753 914 794 ἀθλίως
950 753 1012 793 καὶ
1044 755 1171 794 κακῶς
1201 756 1278 792 τῶν
1309 755 1542 803 στρατηγῶν

161 838 197 860 ιο
216 824 294 861 τῶν
340 819 536 872 ὑμετέρων
575 820 855 871 πολεμούντων
898 818 1013 873 αὐτῷ,
1057 820 1161 869 ὅμως
1206 817 1269 859 ὑπ’
1312 817 1429 857 αὐτοῦ
1476 821 1544 857 τοῦ

217 887 393 939 πολέμου
436 888 498 928 καὶ
536 891 612 928 τῶν
647 890 809 943 λῃστῶν
845 885 952 937 μυρί’
989 885 1145 938 ἔπασχε
1184 884 1293 925 κακά.
1343 885 1429 924 οὔτε
1468 885 1542 936 γὰρ

218 953 381 1007 ἐξήγετο
409 958 485 994 τῶν
515 955 557 994 ἐκ
586 956 654 1004 τῆς
683 953 814 1006 χώρας
843 951 1089 1005 γιγνομένων
1118 951 1230 992 οὐδὲν
1260 950 1340 992 οὔτ’
1367 949 1542 1002 εἰσήγεθ’

217 1022 272 1061 ὧν
302 1020 415 1062 ἐδεῖτ’
445 1021 560 1075 αὐτῷ·
610 1019 656 1070 ἦν
685 1019 719 1059 δ’
752 1018 832 1060 οὔτ’
866 1020 910 1059 ἐν
940 1019 986 1075 τῇ
1022 1018 1196 1074 θαλάττῃ
1232 1019 1320 1058 τότε
1357 1018 1542 1069 κρείττων

218 1088 324 1138 ὑμῶν
353 1087 432 1127 οὔτ’
458 1089 512 1129 εἰς
541 1087 611 1137 τὴν
636 1086 818 1136 Ἀττικὴν
850 1087 981 1126 ἐλθεῖν
1010 1085 1171 1127 δυνατὸς
1199 1083 1296 1136 μήτε
1323 1087 1542 1124 Θετταλῶν

161 1170 196 1202 15
218 1154 539 1194 ἀκολουθούντων
563 1152 661 1204 μήτε
687 1153 883 1204 Θηβαίων
910 1151 1099 1192 διιέντων·
1138 1151 1351 1202 συνέβαινε
1382 1150 1413 1190 δ’
1439 1150 1541 1205 αὐτῷ

218 1224 269 1275 τῷ
312 1220 472 1274 πολέμῳ
516 1223 717 1271 κρατοῦντι
760 1219 848 1262 τοὺς
892 1217 1195 1268 ὁποιουσδήποθ’
1231 1219 1338 1268 ὑμεῖς
1379 1216 1539 1268 ἐξεπέμ-

218 1304 310 1327 πετε
349 1287 591 1339 στρατηγούς
628 1287 692 1336 (ἐῶ
732 1287 806 1338 γὰρ
846 1286 962 1325 τοῦτό
998 1283 1058 1337 γε)
1094 1284 1188 1341 αὐτῇ
1227 1285 1273 1340 τῇ
1313 1284 1435 1336 φύσει
1474 1287 1542 1323 τοῦ

217 1354 339 1393 τόπου
371 1354 433 1394 καὶ
466 1357 542 1393 τῶν
571 1353 828 1405 ὑπαρχόντων
860 1351 1058 1404 ἑκατέροις
1085 1354 1332 1391 κακοπαθεῖν.
1404 1351 1438 1391 εἰ
1470 1352 1541 1401 μὲν

217 1420 284 1460 οὖν
326 1422 394 1470 τῆς
443 1420 541 1460 ἰδίας
589 1419 687 1460 ἕνεκ’
731 1419 875 1472 ἔχθρας
922 1415 945 1468 ἢ
985 1418 1073 1459 τοὺς
1116 1417 1345 1458 Θετταλοὺς
1387 1413 1409 1466 ἢ
1452 1417 1542 1457 τοὺς

157 1503 196 1526 20
217 1487 423 1537 Θηβαίους
476 1487 684 1537 συμπείθοι
737 1486 915 1536 βαδίζειν
963 1484 1027 1537 ἐφ’
1078 1486 1187 1535 ὑμᾶς,
1237 1483 1361 1524 οὐδέν’
1408 1483 1542 1535 ἡγεῖτο

215 1552 426 1605 προσέξειν
459 1552 560 1608 αὐτῷ
593 1553 661 1593 τὸν
694 1556 797 1593 νοῦν·
836 1553 906 1592 ἐὰν
930 1554 972 1593 δὲ
1005 1554 1073 1593 τὰς
1107 1552 1266 1592 ἐκείνων
1285 1552 1417 1592 κοινὰς
1450 1567 1543 1601 προ-

216 1619 361 1672 φάσεις
393 1621 535 1672 λαβὼν
567 1621 724 1673 ἡγεμὼν
757 1621 905 1676 αἱρεθῇ,
939 1620 1034 1674 ῥᾷον
1067 1618 1206 1669 ἤλπιζε
1239 1619 1287 1658 τὰ
1318 1619 1389 1669 μὲν
1419 1633 1541 1668 παρα-

216 1688 467 1739 κρούσεσθαι,
502 1689 550 1727 τὰ
583 1689 624 1728 δὲ
659 1688 826 1728 πείσειν.
900 1687 939 1726 τί
975 1686 1062 1732 nih,-
1111 1687 1313 1738 ἐπιχειρεῖ,
1349 1682 1541 1724 θεάσασθ’

216 1754 266 1796 ὡς
308 1754 361 1800 εὖ,
402 1755 577 1806 πόλεμον
615 1756 779 1804 ποιῆσαι
820 1756 901 1795 τοῖς
939 1752 1203 1805 Ἀμφικτύοσι
1243 1752 1304 1792 καὶ
1344 1750 1431 1803 περὶ
1472 1749 1542 1800 τὴν

157 1834 194 1865 25
217 1822 399 1862 Πυλαίαν
424 1820 613 1874 ταραχήν·
647 1823 701 1864 εἰς
726 1823 800 1874 γὰρ
825 1819 931 1860 ταῦτ’
954 1820 1065 1861 εὐθὺς
1091 1819 1229 1860 αὐτοὺς
1257 1817 1541 1868 ὑπελάμβανεν

216 1889 333 1928 αὑτοῦ
362 1887 590 1938 δεήσεσθαι.
662 1889 696 1928 εἰ
727 1890 800 1939 μὲν
829 1888 959 1928 τοίνυν
989 1886 1090 1927 τοῦτ’
1119 1883 1141 1936 ἢ
1175 1889 1251 1926 τῶν
1285 1883 1372 1936 παρ’
1404 1886 1541 1924 ἑαυτοῦ
1575 1893 1586 1901 '
1607 1914 1616 1926 s

216 1954 478 2006 πεμπομένων
509 1955 800 2006 ἱερομνημόνων
834 1951 856 2004 ἢ
890 1958 968 1995 τῶν
999 1955 1148 1994 ἐκείνου
1177 1951 1397 2005 συμμάχων
1431 1951 1538 2000 εἰση-

216 2022 328 2073 γοῖτό
350 2038 421 2067 τις,
448 2022 679 2074 ὑπόψεσθαι
707 2020 752 2060 τὸ
780 2021 928 2073 πρᾶγμ’
955 2021 1106 2072 ἐνόμιζε
1133 2021 1194 2060 καὶ
1218 2019 1308 2060 τοὺς
1335 2018 1542 2068 Θηβαίους

218 2089 280 2128 καὶ
304 2089 395 2130 τοὺς
415 2087 643 2129 Θετταλοὺς
669 2089 730 2128 καὶ
755 2087 904 2129 πάντας
924 2086 1185 2140 φυλάξεσθαι,
1207 2086 1255 2126 ἂν
1280 2085 1312 2125 δ’
1332 2085 1542 2134 Ἀθηναῖος

261 2208 280 2228 2
305 2199 410 2231 εἵνεκα
427 2198 450 2229 S
465 2198 490 2228 F
505 2210 511 2229 :
536 2197 644 2230 ἕνεκεν
661 2197 691 2227 Α
706 2208 712 2227 :
737 2197 830 2229 ἕνεκα
848 2198 874 2228 L
999 2207 1018 2236 3
1043 2197 1201 2229 ἀκούσατε
1220 2196 1250 2226 Α
1266 2196 1356 2234 vulg.
1376 2206 1382 2224 τ
1408 2193 1542 2226 ὑπακού-

218 2253 297 2273 σατε
324 2242 346 2271 S
362 2242 387 2271 L
404 2242 427 2271 F
441 2242 468 2271 B
483 2241 532 2279 Q:
560 2241 760 2272 ἐπακούσατε
787 2241 1041 2271 Rauchenstein
1217 2243 1239 2269 6
1270 2239 1423 2270 θεάσεσθε
1450 2237 1476 2268 L
1491 2238 1520 2267 O
1537 2248 1543 2267 :

218 2285 374 2317 θεάσασθε
401 2285 468 2315 SA
493 2285 579 2323 vulg.
746 2295 788 2314 20
819 2285 933 2325 ἡγεῖτο
957 2285 1122 2325 προσέξειν
1150 2284 1196 2313 L:
1228 2282 1400 2323 προσέχειν
1425 2281 1473 2312 Α;
1506 2282 1544 2312 ἂν

217 2328 330 2368 ἡγεῖτο
347 2328 513 2370 προσέξειν
530 2329 553 2359 S
571 2328 660 2365 Aug.
681 2338 698 2357 2
718 2327 742 2358 F
756 2327 794 2366 B,
813 2327 852 2359 cf.
871 2338 916 2357 xx
933 2336 995 2366 35:
1026 2328 1064 2359 ἂν
1088 2328 1201 2367 ἡγεῖτο
1226 2326 1398 2366 προσέχειν
1415 2325 1503 2363 Aug.
1525 2336 1542 2362 4

217 2381 256 2409 27
291 2372 455 2412 εἶσηγοῖτο
480 2371 589 2401 AYF
613 2381 720 2401 corn:
754 2372 918 2412 εἰσηγεῖτο
943 2371 1005 2401 SL
1028 2370 1115 2409 vulg.
1276 2379 1316 2408 29
1348 2368 1543 2410 φυλάξεσθαι

219 2414 242 2444 S
260 2414 284 2444 L
299 2414 324 2444 F
338 2415 386 2445 O:
413 2415 611 2455 φυλάξασθαι
628 2414 700 2444 AY

1574 113 1682 168 [275]

1575 231 1640 264 144

1578 631 1638 666 145

1575 683 1688 738 [276]

1577 1023 1642 1066 146

1578 1362 1640 1395 147
