1731 2844
166 145 220 198 m]
515 146 675 184 ΚΑΤΑ
724 146 1040 184 ΦΙΛΙΠΠΟΎ
1089 147 1118 183 ss

1207 248 1224 263 Φ
1289 250 1297 261 s

164 256 238 291 λον
260 249 564 302 ἀποσχήσονται
593 250 662 299 τῆς
692 249 895 288 Φιλίππου
926 248 1063 299 φιλίας
1094 247 1173 287 οὐδ’
1199 265 1250 288 ων
1282 248 1475 300 επαγγέλ-

163 323 286 357 λεται.
359 317 420 356 καὶ
447 316 491 356 οὐ
513 315 615 356 τοῦτ’
641 313 724 355 ἔστ’
749 314 911 359 ἄτοπον,
939 315 973 354 εἰ
999 312 1228 363 Μεσσήνιοι
1259 315 1320 354 καὶ
1347 317 1477 354 Πελο-

163 384 390 433 ποννησίων
427 384 531 424 τινὲς
567 381 657 433 παρ’
691 381 716 421 ’ὰ
751 384 804 435 τῷ
838 383 1022 434 λογισμῷ
1060 379 1247 430 βέλτισθ’
1284 380 1408 431 ὁρῶσί
1444 397 1479 420 τι

162 448 392 501 πράξουσιν,
418 448 509 490 ἀλλ’
535 449 643 499 ὑμεῖς
674 449 710 488 οἱ
745 447 807 487 καὶ
841 445 1041 488 συνιέντες
1070 446 1179 487 αὐτοὶ
1213 447 1275 486 καὶ
1307 449 1385 486 τῶν
1416 452 1480 486 λε-

124 532 142 565 5
163 516 313 568 γόντων
338 515 544 557 ἀκούοντες
566 515 688 565 ἡμῶν,
717 513 767 554 ὡς
798 513 1122 563 ἐπιβουλεύεσθε,
1152 512 1202 554 ὡς
1232 514 1479 565 περιστοιχί-

164 582 290 630 ζεσθε,
326 583 369 622 ἐκ
402 584 470 621 τοῦ
504 583 625 631 μηδὲν
658 579 731 630 ἤδη
768 581 932 629 ποιῆσαι
964 577 1117 628 λήσεθ’,
1154 579 1205 620 ὡς
1237 578 1325 629 ἐμοὶ
1359 580 1477 623 δοκεῖ,

162 646 276 687 πάνθ’
302 647 591 697 ὑπομείναντες·
632 646 752 687 οὕτως
776 645 799 695 ἡ
824 644 1031 698 παραυτίχ’
1057 644 1177 695 ἡδονὴ
1204 644 1266 684 καὶ
1294 644 1477 698 ῥᾳστώνη

159 714 291 764 μεῖζον
318 714 447 765 ἰσχύει
471 716 537 752 τοῦ
563 711 651 752 ποθ’
674 712 843 763 ὕστερον
869 713 1072 752 συνοίσειν
1095 710 1325 762 μέλλοντος.

228 779 325 829 Περὶ
348 781 420 829 μὲν
439 779 484 828 δὴ
504 782 582 818 τῶν
601 779 693 828 ἡμῖν
712 777 916 830 πρακτέων
936 777 1020 817 καθ’
1039 778 1137 828 ὑμᾶς
1157 777 1295 819 αὐτοὺς
1310 778 1479 829 ὕστερον

104 860 142 882 10
159 844 449 895 βουλεύσεσθε,
485 844 534 884 ἂν
567 847 814 896 σωφρονῆτε·
860 844 884 884 ἃ
917 846 958 885 δὲ
993 847 1061 884 νῦν
1095 843 1399 896 ἀποκρινάμενοι
1431 845 1478 884 τὰ

159 910 283 951 δέοντ’
308 910 356 950 ἂν
382 910 476 962 εἴητ’
503 910 788 964 ἐψηφισμένοι,
815 910 921 950 ταῦτ’
946 910 1018 961 ἤδη
1044 908 1161 959 λέξω.

681 984 957 1027 (mmmmm.)

217 1044 302 1085 ‘³Hv
326 1047 398 1095 μὲν
417 1046 485 1086 οὖν
503 1045 668 1091 δίκαιον,
688 1042 717 1084 ὦ
738 1044 874 1096 ἄνδρες
894 1044 1111 1094 Ἀθηναῖοι,
1133 1043 1223 1085 τοὺς
1244 1045 1477 1096 ἐνεγκόντας

158 1113 227 1153 τᾶς
249 1111 504 1164 ὑποσχέσεις,
533 1111 597 1164 ἐφ’
617 1112 677 1152 αῖς
702 1111 913 1160 ἐπείσθητε
937 1109 1184 1160 ποιήσασθαι
1208 1109 1279 1160 τὴν
1305 1109 1474 1162 εἰρήνην,

101 1193 138 1227 15
160 1181 307 1218 καλεῖν·
344 1178 433 1218 οὔτε
460 1179 536 1230 γὰρ
561 1177 675 1219 αὐτὸς
705 1176 752 1218 ἄν
781 1176 870 1218 ποθ’
896 1176 1087 1227 ὑπέμεινα
1115 1176 1366 1228 πρεσβεύειν,
1395 1176 1475 1216 οὔτ’

158 1243 205 1284 ἂν
223 1244 329 1294 ὑμεῖς
355 1243 426 1283 οἶδ’
446 1244 506 1284 ὅτι
530 1244 760 1284 ἐπαύσασθε
786 1246 1061 1294 πολεμοῦντες,
1083 1244 1117 1283 εἰ
1137 1246 1295 1283 τοιαῦτα
1313 1241 1475 1294 πράξειν

157 1309 313 1362 τυχόντ’
351 1308 506 1361 εἰρήνης
544 1311 747 1350 Φίλιππον
783 1308 920 1364 ᾤεσθε·
971 1308 1062 1349 ἀλλ’
1100 1308 1148 1359 ἦν
1186 1308 1288 1349 πολὺ
1327 1309 1475 1349 τούτων

156 1375 413 1428 ἀφεστηκότα
432 1377 479 1415 τὰ
498 1376 587 1417 τότε
605 1376 816 1427 λεγόμενα.
879 1376 940 1415 καὶ
957 1375 1079 1415 πάλιν
1097 1375 1133 1427 γ’
1150 1374 1305 1426 ἑτέρους
1325 1379 1472 1416 καλεῖν.

1510 147 1594 201 [72]

1509 782 1553 817 28

1505 1193 1550 1229 29

156 1441 283 1488 τίνας,·
325 1441 413 1482 τοὺς
448 1441 504 1481 ὅτ’
539 1443 617 1493 ἐγὼ
650 1443 856 1494 γεγονυίας
890 1441 962 1491 ἤδη
1000 1444 1068 1492 τῆς
1105 1440 1259 1493 εἰρήνης
1294 1440 1371 1481 ἀπὸ
1406 1444 1475 1492 τῆς
1515 1461 1517 1463 ·

99 1522 138 1545 20
155 1507 321 1560 ὑστέρας
352 1508 457 1558 ἥκων
489 1508 707 1560 πρεσβείας
741 1510 809 1558 τῆς
842 1508 905 1548 ἐπὶ
937 1507 1027 1549 τοὺς
1059 1508 1205 1560 ὅρκους,
1239 1508 1473 1558 αἰσθόμενος

156 1574 464 1625 φενακιζομένην
489 1575 559 1625 τὴν
584 1575 715 1620 πόλιν,
743 1575 966 1626 προῦλεγον
993 1574 1054 1614 καὶ
1079 1574 1386 1626 διεμαρτυρόμην
1412 1575 1473 1614 καὶ

155 1640 221 1680 οὐκ
255 1642 345 1681 εἴων
378 1641 569 1692 προέσθαι
602 1641 739 1683 Πύλας
773 1641 860 1681 οὐδὲ
885 1640 1060 1687 Φωκέας,
1087 1640 1279 1693 λέγοντας
1312 1640 1363 1682 ὡς
1397 1641 1473 1692 ἐγὼ

153 1709 225 1757 μὲν
256 1708 357 1759 ὕδωρ
390 1708 513 1748 πίνων
544 1709 701 1750 εἰκότως
734 1708 954 1759 δύστροπος
988 1707 1049 1747 καὶ
1082 1708 1275 1749 δύσκολός
1305 1707 1386 1758 εἶμί
1414 1724 1473 1748 τις

154 1772 367 1825 ἄνθρωπος,
389 1774 590 1815 Φίλιππος
615 1775 660 1821 δ’,
682 1773 782 1826 ἅπερ
807 1773 981 1824 εὔξαισθ’
1002 1773 1049 1814 ἂν
1070 1774 1190 1824 ὑμεῖς,
1213 1773 1260 1813 ἂν
1280 1773 1470 1829 παρέλθῃ,

99 1852 135 1884 25
154 1838 304 1890 πράξει,
326 1841 389 1880 καὶ
409 1842 593 1882 Θεσπιᾶς
617 1843 689 1891 μὲν
710 1841 771 1881 καὶ
792 1842 999 1882 Πλαταιὰς
1024 1844 1174 1892 τειχιεῖ,
1198 1841 1405 1890 Θηβαίους
1429 1842 1469 1879 δὲ

154 1905 297 1945 παύσει
314 1908 382 1956 τῆς
406 1907 571 1958 ὕβρεως,
599 1908 856 1959 Χερρόνησον
881 1909 923 1947 δὲ
947 1910 1027 1948 τοῖς
1053 1907 1170 1946 αὑτοῦ
1199 1905 1359 1946 τέλεσιν
1390 1908 1467 1946 διο-

151 1969 270 2021 ρύξει,
299 1973 475 2023 Εὔβοιαν
500 1975 542 2013 δὲ
567 1974 629 2013 καὶ
654 1973 721 2013 τὸν
747 1973 934 2025 Ὠρωπὸν
965 1972 1048 2013 ἀντ’
1074 1972 1356 2024 Ἀμφιπόλεως
1380 1972 1469 2022 ὑμῖν

152 2037 361 2078 ἀποδώσει·
412 2042 532 2078 ταῦτα
573 2041 647 2090 γὰρ
689 2039 828 2080 ἅπαντ’
871 2040 933 2080 ἐπὶ
975 2042 1043 2079 τοῦ
1082 2037 1262 2090 βήματος
1305 2039 1469 2078 ἐνταῦθα

194 2155 213 2183 4
238 2147 265 2178 εἴ
280 2151 359 2177 ante
376 2149 461 2186 ὑμεῖς
477 2147 552 2178 add.
575 2147 681 2178 Index
699 2148 870 2179 Lambini:
896 2158 960 2179 om.
980 2149 1075 2179 codd.
1225 2155 1245 2186 5
1269 2147 1469 2188 περιστοιχί-

153 2186 241 2226 ζεσθε
258 2189 329 2219 AY
344 2190 369 2220 L
383 2199 467 2220 corr.
481 2190 504 2221 S
517 2204 567 2231 γρ.
585 2201 592 2221 :
616 2191 870 2231 περιτειχίζεσθε
888 2191 976 2229 vulg.
991 2191 1026 2221 L¹
1041 2191 1064 2221 S
1083 2200 1166 2223 corr.
1182 2201 1188 2220 Ξ
1213 2188 1467 2231 περιτοιχίζεσθε

152 2231 204 2260 vel
219 2232 494 2273 περιστοιχίζεσθε
518 2233 553 2263 S¹
728 2236 750 2263 6
777 2237 812 2265 ἐκ
834 2237 892 2265 τοῦ
911 2234 939 2263 Y
956 2246 962 2264 :
986 2236 1025 2266 ὥς
1044 2236 1079 2265 ἐκ
1095 2236 1152 2265 τοῦ
1169 2232 1256 2271 vulg.
1277 2244 1283 2263 :
1307 2234 1391 2263 ὥστε
1410 2232 1443 2262 S¹
1460 2243 1467 2261 t

152 2275 191 2305 ὣς
207 2277 263 2306 τοῦ
281 2274 318 2304 L¹
338 2276 436 2315 (corr.
457 2277 528 2306 ead.
549 2277 608 2315 m.)
713 2280 842 2315 ποιῆσαι
861 2276 897 2307 S¹
911 2276 945 2307 L¹
964 2277 1074 2315 vulg.:
1100 2279 1203 2307 ποιεῖν
1220 2276 1251 2305 Λ
1355 2275 1465 2312 λήσεθ’

152 2317 237 2356 vulg.
257 2328 263 2347 τ
286 2318 422 2355 λήσεσθ’
440 2319 464 2349 S
479 2318 513 2349 L¹
527 2319 552 2349 F
565 2319 592 2348 B
749 2330 784 2349 11
811 2320 901 2351 ταῦτ’
918 2321 979 2358 ἤδη
997 2320 1087 2358 vulg.
1103 2331 1108 2349 :
1134 2322 1237 2350 ταῦτα
1253 2319 1291 2356 δὴ
1311 2318 1333 2347 S
1350 2317 1384 2347 L'
1404 2318 1465 2347 soli

155 2367 191 2388 12
215 2366 434 2395 ΑΠΟΚΡῙΣῙΣ
453 2363 527 2392 add.
547 2362 643 2392 Abbe'
661 2361 811 2393 d'Olivet
986 2364 1027 2393 28
1053 2364 1188 2395 ἐνταῦθα
1211 2361 1234 2392 S
1248 2361 1293 2391 L:
1324 2363 1470 2393 ἐνταυθοῖ

151 2401 238 2440 vulg.
256 2414 262 2432 :
287 2405 409 2436 ἐνταυθὶ
429 2404 565 2435 Bekker

1505 1505 1588 1561 [73]

1504 1654 1548 1688 30
