1763 2828
79 142 193 197 stwfi

130 511 196 548 223

129 910 148 935 b)

154 910 171 934 k}

177 910 197 943 ᾧ.

81 1031 197 1086 ffimss

136 1634 201 1671 226

654 118 1140 180 ΔΗΜΟΣΘΕΝΟΎΣ
1437 137 1556 191 &mu

231 248 308 287 Καί
338 255 404 297 μοι
438 246 534 299 λέγε
565 251 685 287 ταῦτα
714 248 762 286 τὰ
787 247 1035 298 ψηφίσματα
1060 247 1108 286 τὰ
1134 245 1456 299 ἀποπεφευγότα,
1483 245 1559 286 ὑπὸ

229 313 366 354 τούτου
392 313 425 353 δ’
453 313 539 356 οὐδὲ
568 313 784 366 γραφέντα.

770 431 1022 460 ΨΗΦῙΣΜΑΤΑ.

295 496 417 535 Ταυτὶ
451 496 498 534 τὰ
523 493 768 546 ψηφίσματ’,
796 493 933 545 ἄνδρες
959 493 1175 543 Ἀθηναῖοι,
1203 494 1272 535 τὰς
1306 492 1425 536 αὐτὰς
1459 500 1555 535 συλ-

229 563 361 612 λαβὰς
392 562 453 602 καὶ
482 561 602 602 ταύτὰ
635 559 773 613 ῥήματ’
800 560 884 614 ἔχει
917 560 1017 613 ἅπερ
1050 561 1240 612 πρότερον
1273 561 1345 611 μὲν
1371 559 1554 613 Ἀριστό-
1579 576 1595 606 5

229 645 348 674 νικος,
393 632 461 669 νῦν
510 630 551 668 δὲ
596 630 816 679 Κτησιφῶν
866 626 1070 679 γέγραφεν
1119 628 1268 668 οὑτοσί.
1342 627 1404 667 καὶ
1450 627 1558 668 ταῦτ’

229 695 423 747 Αἰσχίνης
448 694 526 735 οὔτ’
555 693 714 744 ἐδίωξεν
740 693 855 736 αὐτὸς
880 695 967 736 οὔτε
997 698 1049 749 τῷ
1086 693 1331 749 γραψαμένῳ
1359 711 1554 746 συγκατη-

230 762 416 813 γόρησεν.
489 762 616 801 καίτοι
641 762 729 801 τότε
760 760 827 801 τὸν
856 760 1072 812 Δημομέλη
1100 761 1167 801 τὸν
1197 765 1315 801 ταῦτα
1349 760 1557 814 γράφοντα

232 828 292 868 καὶ
312 828 380 868 τὸν
399 827 644 879 (Ὑπερείδην,
668 829 778 879 εἴπερ
803 828 931 878 ἀληθῆ
957 845 1031 878 μου
1056 831 1124 868 νῦν
1153 831 1372 880 κατηγορεῖ,
1399 831 1556 879 μᾶλλον

229 895 277 935 ἂν
314 895 472 936 εἰκότως
510 891 530 944 ἦ
568 894 672 934 τόνδ’
707 894 879 935 ἐδίωκεν.
941 896 1002 934 διὰ
1036 895 1090 940 τί,·
1140 895 1200 934 ὅτι
1235 896 1332 948 τῷδε
1369 897 1439 945 μὲν
1472 895 1555 936 ἔστ’
1581 909 1619 931 10

230 962 454 1013 ἀνενεγκεῖν
487 961 548 1002 ἐπ’
574 962 746 1002 ἐκείνους
779 961 842 1000 καὶ
875 962 943 1002 τὰς
976 964 1054 1001 τῶν
1088 961 1350 1012 δικαστηρίων
1387 961 1556 1012 γνώσεις

231 1029 292 1068 καὶ
317 1028 362 1068 τὸ
386 1031 524 1069 τοῦτον
550 1028 667 1069 αὐτὸν
695 1029 854 1069 ἐκείνων
887 1027 939 1078 μὴ
968 1026 1276 1079 κατηγορηκέναι
1305 1027 1426 1068 ταύτὰ
1459 1044 1553 1079 γρα-

229 1094 395 1146 ψάντων
432 1094 531 1148 ἅπερ
568 1095 680 1136 οὗτος
718 1098 797 1141 νῦν,
836 1095 897 1135 καὶ
933 1094 977 1134 τὸ
1013 1093 1102 1136 τοὺς
1138 1094 1280 1145 νόμους
1315 1093 1449 1144 μηκέτ’
1487 1096 1556 1135 ἐᾶν

229 1161 316 1213 περὶ
352 1166 430 1202 τῶν
466 1162 567 1202 οὕτω
604 1161 862 1215 πραχθέντων
898 1164 1141 1214 κατηγορεῖν,
1180 1161 1241 1201 καὶ
1274 1160 1393 1201 πόλλ’
1428 1161 1554 1212 ἕτερα·

229 1229 318 1269 τότε
344 1227 375 1268 δ’
401 1228 495 1269 αὐτὸ
519 1229 564 1269 τὸ
590 1228 735 1281 πρᾶγμ’
761 1228 809 1269 ἂν
840 1227 1004 1280 ἐκρίνετ’
1031 1227 1095 1281 ἐφ’
1121 1229 1249 1274 αὑτοῦ,
1278 1229 1368 1280 πρίν
1397 1244 1433 1267 τι
1467 1228 1553 1268 τού-
1581 1241 1617 1272 15

230 1312 306 1336 των
344 1300 579 1347 προλαβεῖν.
650 1295 741 1336 ἀλλ’
776 1295 843 1336 οὐκ
880 1294 940 1345 ἦν,
977 1295 1096 1346 οἶμαι,
1132 1294 1213 1335 τόθ’
1247 1293 1267 1334 δ
1297 1294 1380 1335 νυνὶ
1413 1299 1554 1342 ποιεῖν,

231 1363 272 1402 ἐκ
310 1367 490 1403 παλαιῶν
526 1363 681 1416 χρόνων
718 1363 779 1403 καὶ
813 1361 1090 1415 ψηφισμάτων
1127 1365 1289 1402 πολλῶν
1327 1361 1553 1412 ἐκλέξαντα,

231 1429 255 1469 ἃ
279 1428 376 1480 μήτε
402 1431 561 1486 προῄδει
591 1430 725 1480 μηδεὶς
754 1429 843 1480 μήτ’
871 1429 919 1470 ἂν
944 1428 1049 1485 ᾠήθη
1075 1428 1242 1481 τήμερον
1266 1430 1444 1481 ῥηθῆναι,
1473 1431 1553 1469 δια-

231 1495 417 1545 βάλλειν,
460 1497 521 1537 καὶ
562 1497 848 1549 μετενεγκόντα
890 1496 978 1538 τοὺς
1021 1496 1189 1549 χρόνους
1231 1497 1293 1536 καὶ
1333 1495 1556 1548 προφάσεις

232 1563 317 1603 ἀντὶ
358 1567 436 1603 τῶν
478 1564 636 1613 ἀληθῶν
678 1566 837 1615 ψευδεῖς
883 1562 1102 1613 μεταθέντα
1144 1567 1224 1604 τοῖς
1266 1562 1557 1616 πεπραγμένοις
1580 1581 1619 1603 20

232 1632 360 1670 δοκεῖν
393 1646 429 1669 τι
461 1629 608 1682 λέγειν.
669 1629 737 1669 οὐκ
772 1628 817 1679 ἦν
850 1631 937 1670 τότε
970 1633 1104 1676 ταῦτα,
1140 1629 1232 1670 ἀλλ’
1259 1631 1323 1670 ἐπὶ
1356 1633 1424 1680 τῆς
1458 1631 1554 1679 ἀλη-

232 1697 351 1742 θείας,
384 1696 501 1749 ἐγγὺς
537 1700 614 1737 τῶν
649 1697 786 1749 ἔργων,
815 1696 874 1736 ἔτι
906 1696 1166 1747 μεμνημένων
1200 1698 1306 1747 ὑμῶν
1343 1697 1404 1737 καὶ
1436 1697 1558 1748 μόνον

232 1763 300 1804 οὐκ
337 1764 378 1803 ἐν
415 1767 498 1805 ταῖς
534 1764 675 1816 χερσὶν
713 1762 844 1803 ἕκαστ’
881 1765 1069 1816 ἐχόντων,
1106 1763 1250 1806 πάντες
1286 1763 1479 1816 ἐγίγνοντ’
1511 1763 1559 1804 ἂν

231 1831 268 1870 οἱ
301 1830 427 1882 λόγοι.
499 1830 634 1882 διόπερ
666 1830 756 1871 τοὺς
792 1829 882 1881 παρ’
917 1831 1014 1872 αὐτὰ
1052 1833 1100 1871 τὰ
1137 1831 1334 1883 πράγματ’
1369 1830 1560 1884 ἐλέγχους

233 1897 371 1949 φυγὼν
396 1900 463 1938 νῦν
489 1897 584 1948 ἥκει,
611 1897 785 1949 ῥητόρων
813 1898 946 1949 ἀγῶνα
974 1899 1153 1949 νομίζων,
1181 1899 1233 1940 ὥς
1258 1897 1293 1950 γ’
1319 1899 1406 1949 ἐμοὶ
1440 1900 1558 1943 δοκεῖ,
1584 1915 1621 1947 25

234 1964 296 2004 καὶ
321 1963 409 2017 οὐχὶ
442 1968 520 2004 τῶν
553 1963 896 2015 πεπολιτευμένων
931 1964 1116 2016 ἐξέτασιν
1150 1964 1333 2016 ποιήσειν
1357 1966 1468 2016 ὑμᾶς,
1497 1964 1560 2005 καὶ

231 2031 355 2083 λόγου
383 2032 525 2084 κρίσιν,
552 2031 640 2084 οὐχὶ
666 2034 734 2071 τοῦ
759 2037 806 2088 τῇ
834 2033 950 2073 πόλει
976 2032 1249 2085 συμφέροντος
1275 2033 1455 2074 ἔσεσθαι.

277 2150 290 2170 1
317 2141 358 2172 τὰ
376 2140 624 2182 ἀποπεφευγότα
648 2141 807 2180 Sauppe:
837 2141 1087 2182 ἀποπεφευγότα
1110 2142 1168 2173 S¹:
1196 2142 1238 2173 τὰ
1261 2141 1337 2173 τότε
1360 2140 1420 2180 μὲν
1444 2141 1560 2173 ἀποπε-

230 2183 377 2225 φευγότα
393 2189 470 2214 cett.
593 2196 611 2222 4
637 2184 659 2216 ὦ
676 2190 754 2215 ante
773 2186 881 2226 ἄνδρες
900 2186 976 2216 add.
995 2186 1084 2225 vulg.
1101 2197 1107 2215 :
1131 2195 1195 2217 om.
1217 2185 1240 2216 S
1255 2185 1281 2215 L
1396 2194 1433 2214 12
1457 2185 1560 2216 ταύτὰ

231 2228 255 2258 S
271 2227 297 2257 L
313 2227 340 2257 B
358 2238 443 2258 corr.
461 2239 467 2258 ε
492 2230 594 2259 ταῦτα
610 2229 700 2267 vulg.
830 2238 866 2266 15
892 2230 929 2260 ἃν
948 2229 1089 2270 ἐκρίνετο
1108 2229 1132 2260 S
1147 2229 1172 2258 L
1190 2228 1289 2259 Vind.
1313 2238 1325 2258 1
1347 2239 1353 2258 :
1379 2228 1560 2269 ἀνεκρίνετο

231 2270 261 2300 Α
278 2271 367 2310 vulg.
533 2273 571 2302 16
595 2274 773 2313 προλαβεῖν
788 2272 876 2310 vulg.
891 2283 897 2302 :
923 2275 1123 2313 προσλαβεῖν
1141 2272 1176 2303 S¹
1193 2271 1232 2302 L¹
1244 2271 1275 2302 A
1392 2274 1495 2303 ποιεῖν
1512 2271 1536 2302 S
1552 2282 1560 2301 ἰ

232 2317 317 2345 ποιεῖ
338 2319 414 2345 cett.
587 2325 625 2345 21
662 2316 712 2347 ἐπὶ
736 2317 794 2352 ’τῆς
821 2313 911 2345 SA:
943 2315 991 2347 ἐπ’
1011 2317 1108 2353 αὐτῆς
1132 2315 1185 2346 vel
1211 2315 1260 2347 ἐπ’
1278 2316 1374 2352 αὐτῆς
1399 2317 1456 2352 τῆς
1481 2318 1558 2345 cett.

231 2367 272 2387 22
297 2359 392 2396 οὔσης
410 2363 486 2396 post
505 2359 602 2399 ἐγγὺς
619 2359 697 2389 add.
716 2358 741 2388 L
757 2358 782 2388 F
799 2359 888 2397 vulg.
905 2369 911 2388 :
936 2369 1000 2389 orn.
1021 2359 1045 2389 S
1058 2358 1089 2388 A
1265 2368 1306 2397 25
1330 2360 1466 2399 ὕστερον
1482 2362 1559 2398 post

232 2403 285 2432 νῦν
308 2401 382 2431 add.
407 2402 520 2440 vulg.:
552 2412 616 2433 om.
643 2403 667 2432 S
683 2400 719 2432 L¹
734 2401 764 2432 A
946 2403 988 2431 26
1020 2402 1254 2441 ὑπολαμβάνων
1278 2407 1354 2441 post
1379 2403 1455 2440 ὑμᾶς
1479 2402 1554 2433 add.

231 2444 318 2483 vulg.
337 2454 344 2475 t
368 2454 432 2476 om.
453 2444 476 2475 S
492 2445 527 2474 L¹
542 2444 573 2475 Α
