1747 2844
101 862 139 884 10

103 1526 141 1549 20

104 1858 141 1889 25

160 138 248 192 X1x]
384 143 532 180 ΠΕΡΙ
581 143 703 180 ΤΗΣ
751 141 1267 179 ΠΑΡΑΠΡΕΣΒΕΙΑΣ

158 251 294 290 λεσεν,
322 242 592 294 ἐξαπατήσασ’
617 245 728 295 ὑμᾶς.
789 243 872 283 εῖτα
897 243 959 283 καὶ
988 247 1056 283 νῦν
1082 245 1124 283 ἐν
1151 243 1298 293 μείζονι
1321 243 1484 298 κινδύνῳ

160 312 230 362 τὴν
272 311 525 363 Χερρόνησον
572 309 697 351 οὖσαν
745 309 922 362 εὑρήσετ’
963 306 987 358 ἢ
1029 310 1130 349 τότε.
1201 309 1369 361 πότερον
1410 312 1486 362 γὰρ

161 378 427 429 εὐπορώτερον
451 376 498 417 ἂν
523 378 632 427 δίκην
658 377 777 417 ἔδωκε
803 377 1004 416 Φίλιππος
1031 374 1258 428 ἐξαμαρτὼν
1284 377 1339 417 εἰς
1368 375 1486 426 αὐτὴν

160 446 251 497 πρὶν
288 444 433 484 τούτων
469 460 506 483 τι
541 445 609 493 τῆς
644 443 799 484 πόλεως
834 446 1069 494 προλαβεῖν,
1103 439 1125 491 ἦ
1163 443 1266 488 νυνί;
1303 442 1381 494 ἐγὼ
1416 444 1487 493 μὲν

161 510 280 562 οἶμαι,
302 511 391 550 τότε
415 513 567 563 πολλῷ.
627 510 687 551 τίς
711 509 779 549 οὖν
798 509 820 559 ἡ
841 509 981 559 ταύτης
1005 511 1226 560 περιουσία,
1247 512 1323 548 τῶν
1343 510 1487 560 φόβων

161 576 424 633 ἀφῃρημένων
446 577 507 616 καὶ
527 577 601 617 τῶν
622 577 807 616 κινδύνων
827 579 904 616 τῶν
923 579 992 616 τοῦ
1009 578 1281 627 βουληθέντος
1299 575 1347 616 ἂν
1368 575 1487 625 αὐτὴν

162 644 363 693 ἆδικῆσαι;

222 709 313 749 ’Έτι
343 710 474 750 τοίνυν
504 710 659 750 τοιοῦτό
686 726 722 749 τι
751 709 915 760 μέλλειν
945 708 1063 749 αὐτὸν
1091 709 1220 749 ἀκούω
1249 708 1397 761 λέγειν,
1427 709 1487 749 ὅτι

162 775 346 827 θαυμάζει
371 778 412 817 τί
434 775 577 826 δήποτε
599 776 861 827 Δημοσθένης
880 775 997 816 αὐτοῦ
1023 779 1240 829 κατηγορεῖ,
1262 775 1434 816 Φωκέων
1454 776 1487 816 δ’

162 843 300 885 οὐδείς.
373 843 423 884 ὡς
457 843 502 893 δὴ
533 843 637 883 τοῦτ’
667 843 763 896 ἔχει,
793 842 958 894 βέλτιον
988 846 1231 896 προακοῦσαι
1260 842 1349 895 παρ’
1381 844 1486 893 ἐμοῦ.

162 909 333 950 Φωκέων
375 914 453 951 τῶν
492 910 801 951 ἐκπεπτωκότων
838 911 874 950 οἱ
915 911 987 960 μὲν
1028 909 1134 961 οἶμαι
1176 908 1386 960 βέλτιστοι
1426 910 1488 950 καὶ

162 976 419 1028 μετριώτατοι
455 976 628 1029 φυγάδες
665 975 919 1029 γεγενημένοι
960 977 1020 1016 καὶ
1056 979 1214 1016 τοιαῦτα
1249 976 1489 1018 πεπονθότες

162 1042 335 1095 ἡσυχίαν
366 1042 521 1095 ἄγουσι,
554 1044 616 1084 καὶ
646 1042 770 1085 οὐδεὶς
799 1042 846 1083 ἂν
874 1042 1001 1083 αὐτῶν
1032 1041 1261 1092 ἐθελήσειεν
1287 1043 1384 1094 ὑπὲρ
1413 1046 1490 1082 τῶν

166 1113 305 1150 κοινῶν
336 1113 552 1161 συμφορῶν
587 1110 688 1150 ἰδίαν
720 1109 868 1162 ἔχθραν
898 1108 1124 1150 ἀνελέσθαι·
1161 1110 1196 1150 οἱ
1223 1109 1255 1149 δ’
1286 1110 1414 1149 ὁτιοῦν
1442 1108 1490 1149 ἂν

164 1176 348 1228 ἀργυρίου
368 1174 607 1225 ποιήσαντες
624 1175 692 1216 τὸν
711 1176 877 1216 δώσοντ’
893 1175 960 1216 οὐκ
981 1176 1141 1229 ἔχουσιν
1156 1177 1298 1218 αὐτοῖς.
1353 1176 1397 1215 οὐ
1413 1177 1488 1227 γὰρ

164 1242 281 1295 ἔγωγ’
307 1241 354 1282 ἂν
379 1241 491 1282 ἔδωκ’
519 1242 646 1283 οὐδενὶ
671 1242 784 1283 οὐδὲν
808 1243 913 1283 ὥστε
940 1260 1006 1293 μοι
1031 1242 1309 1294 παραστάντας
1333 1242 1489 1283 ἐνταυθὶ

164 1312 268 1360 βοᾶν
306 1309 369 1349 οἶα
405 1309 664 1350 πεπόνθασιν·
701 1309 723 1359 ἡ
759 1311 833 1361 γὰρ
865 1308 1030 1359 ἀλήθεια
1067 1310 1128 1350 καὶ
1163 1311 1212 1349 τὰ
1247 1308 1489 1362 πεπραγμέν’

164 1375 260 1415 αὐτὰ
284 1379 377 1430 βοᾷ.
439 1376 546 1416 ἀλλὰ
569 1375 646 1427 μὴν
667 1377 688 1415 ὅ
706 1393 751 1428 γε
776 1378 895 1427 δῆμος
915 1376 934 1415 ὁ
954 1380 1031 1417 τῶν
1050 1375 1222 1416 Φωκέων
1241 1377 1339 1416 οὕτω
1367 1379 1491 1418 κακῶς

166 1443 227 1482 καὶ
253 1443 412 1484 ἐλεινῶς
442 1442 630 1483 διάκειται
661 1442 766 1482 ὥστε
795 1442 847 1493 μὴ
873 1443 960 1494 περὶ
984 1446 1053 1482 τοῦ
1084 1447 1313 1495 κατηγορεῖν
1339 1442 1490 1497 ἑκάστῳ

164 1510 232 1550 τὰς
258 1507 476 1559 Ἀθήνησιν
503 1508 664 1550 εὐθύνας
692 1509 791 1549 εῖναι
816 1509 884 1549 τὸν
908 1508 1044 1561 λόγον,
1072 1509 1178 1549 ἀλλὰ
1203 1510 1403 1550 δουλεύειν
1429 1510 1492 1549 καὶ

163 1575 346 1616 τεθνάναι
370 1580 422 1630 τῷ
449 1577 568 1631 φόβῳ
598 1577 804 1627 Θηβαίους
830 1576 892 1616 καὶ
917 1576 1006 1618 τοὺς
1025 1577 1228 1616 Φιλίππου
1252 1575 1398 1626 ξένους,
1426 1576 1492 1618 οὓς

164 1641 450 1695 ἀναγκάζονται
473 1642 647 1696 τρέφειν,
677 1642 928 1697 διῳκισμένοι
954 1644 1050 1683 κατὰ
1076 1643 1205 1694 κώμας
1230 1644 1292 1683 καὶ
1317 1660 1490 1699 παρῃρη-

164 1708 275 1760 μένοι
293 1710 340 1748 τὰ
359 1710 477 1750 ὅπλα.
537 1709 588 1761 μὴ
610 1709 655 1760 δὴ
675 1713 794 1750 ταῦτα
819 1709 955 1762 λέγειν
974 1709 1092 1750 αὐτὸν
1112 1711 1213 1756 ἐᾶτε,
1236 1710 1327 1751 ἀλλ’
1349 1710 1399 1752 ὡς
1424 1709 1490 1749 οὐκ

165 1775 404 1816 ἀπολώλασι
437 1780 588 1818 Φωκεῖς
621 1777 825 1823 δεικνύναι,
860 1773 882 1827 ἢ
918 1777 968 1818 ὡς
1000 1777 1073 1830 οὐχ
1108 1776 1307 1830 ὑπέσχετο
1341 1777 1490 1817 σώσειν

167 1842 306 1883 αὐτοὺς
338 1843 554 1884 Φίλιππον.
626 1847 739 1883 τοῦτο
776 1843 851 1896 γάρ
886 1844 964 1884 εἶσι
1000 1845 1220 1895 πρεσβείας
1257 1845 1424 1888 εὔθυναι,
1454 1845 1494 1883 τί

167 1908 403 1961 πέπρακται;
454 1911 495 1950 τί
528 1909 792 1962 ἀπήγγειλας;
832 1912 864 1951 εἰ
901 1912 973 1960 μὲν
1013 1911 1153 1961 ἀληθῆ,
1193 1909 1327 1965 σῴζου·
1378 1911 1411 1950 εἰ
1448 1912 1489 1950 δὲ

167 1978 306 2028 ψευδῆ,
329 1977 439 2027 δίκην
458 1977 536 2018 δός.
608 1978 641 2017 εἰ
661 1979 701 2018 δὲ
726 1977 778 2028 μὴ
798 1977 958 2029 πάρεισι
978 1980 1143 2023 Φωκεῖς,
1164 1980 1203 2017 τί
1219 1981 1352 2023 τοῦτο;
1391 1978 1489 2016 οὕτω

168 2044 243 2094 γὰρ
273 2042 453 2093 διέθηκας
485 2044 634 2090 αὐτούς,
668 2044 786 2094 οἶμαι,
819 2044 862 2084 τὸ
895 2043 1013 2096 μέρος
1048 2045 1110 2090 σύ,
1145 2044 1249 2084 ὥστε
1280 2043 1378 2094 μήτε
1409 2046 1490 2085 τοῖς

169 2110 304 2161 φίλοις
327 2113 493 2161 βοηθεῖν
517 2109 615 2161 μήτε
640 2110 727 2153 τοὺς
753 2111 918 2164 ἐχθροὺς
943 2111 1160 2161 ἀμύνεσθαι
1185 2111 1387 2151 δύνασθαι.

212 2233 230 2261 4
255 2223 377 2255 τούτων
394 2224 441 2264 τι]
459 2238 490 2256 τι
508 2227 571 2256 τῶν
589 2224 613 2255 S
629 2238 679 2266 γρ.
700 2224 730 2263 Q
747 2238 796 2267 γρ.
886 2226 907 2255 8
931 2226 981 2257 καὶ
999 2229 1076 2255 ante
1094 2226 1220 2256 τοιοῦτο
1237 2223 1310 2253 add.
1335 2223 1360 2252 L
1377 2222 1465 2262 vulg.
1485 2234 1492 2254 τ

168 2276 232 2296 om.
259 2267 282 2297 S
308 2267 398 2297 solus
573 2278 594 2307 9
628 2268 686 2307 μὲν
710 2273 785 2308 post
810 2268 1017 2307 Δημοσθένης
1042 2268 1117 2298 add.
1142 2266 1232 2297 LA:
1265 2277 1329 2296 om.
1355 2267 1378 2297 S
1402 2268 1489 2306 vulg.

173 2319 209 2347 14
234 2310 420 2350 ἀνελέσθαι]
441 2311 570 2344 ἑλέσθαι
587 2311 618 2341 Α
772 2315 878 2344 ὁτιοῦν
895 2313 949 2353 ἂν]
968 2312 1041 2352 μηδ’
1060 2314 1165 2343 ὁτιοῦν
1182 2311 1255 2343 ἄνευ
1273 2310 1299 2340 L
1312 2309 1342 2341 O
1361 2320 1446 2342 corr.
1467 2310 1492 2340 F

170 2363 254 2384 corr.
276 2354 306 2384 Y
404 2355 442 2383 16
467 2356 590 2386 ἐνταυθὶ
609 2354 632 2385 S
648 2366 653 2384 ε
681 2357 814 2387 ἐνταῦθα
831 2357 857 2386 Α
874 2366 881 2385 t
908 2358 1055 2387 ἐνταυθοῖ
1070 2355 1094 2383 L
1107 2354 1137 2384 O
1230 2364 1271 2384 20
1296 2355 1382 2385 ἀλλὰ
1400 2353 1467 2384 LA
1484 2364 1490 2383 t

171 2397 246 2428 ἀλλ’
260 2399 294 2428 οὐ
313 2397 336 2428 S
354 2397 459 2436 vulg:
484 2399 571 2430 ἀλλὰ
588 2400 644 2430 τοῦ
662 2397 769 2429 Index
788 2399 953 2436 Lambini,
971 2398 1105 2428 Dobree
1203 2408 1244 2427 22
1269 2399 1489 2440 περιῃρημένοι

172 2439 196 2470 L
209 2439 239 2479 Q
252 2440 275 2471 S
292 2453 344 2481 γρ.
479 2451 520 2480 29
545 2441 717 2480 ἀμύνεσθαι
736 2441 771 2473 F¹
791 2441 877 2481 vulg.
895 2453 900 2473 :
927 2442 1101 2482 ἀμύνασθαι
1121 2441 1143 2472 S
1157 2441 1181 2471 L
1193 2440 1222 2470 Α
1235 2440 1265 2481 Q
1278 2441 1308 2471 O

1515 141 1635 195 [366]

1517 260 1561 295 79

1520 715 1565 749 80

1521 1185 1560 1219 81

1524 1778 1637 1832 [367]
