1731 2844
140 127 178 182 v]
476 132 619 169 ΠΕΡΙ
666 132 789 169 ΤΗΣ
838 132 1121 171 ΕΙΡΗΝΗΣ

138 235 185 286 ἢν
206 234 332 276 ἐνθάδ’
352 233 524 285 ἐκέκτητ’
545 233 682 275 οὐσίαν
702 233 889 287 φανεράν,
912 234 1055 285 ταύτην
1080 234 1340 287 ἐξαργυρίσας
1360 236 1452 287 πρὸς

1485 134 1572 188 [59]

139 303 288 343 ἐκεῖνον
321 300 484 354 ἀπάγων
521 302 682 354 οἴχεται.
754 300 821 340 δύο
857 303 929 351 μὲν
961 300 1008 351 δὴ
1041 300 1147 341 ταῦθ’
1180 302 1235 341 ὧν
1267 304 1454 353 προεῖπον
1485 316 1506 350 9

139 369 216 422 ἐγὼ
239 372 427 420 μαρτυρεῖ
454 371 536 410 τοῖς
567 366 843 420 γεγενημένοις
874 368 1011 419 λόγοις
1042 368 1165 419 ὀρθῶς
1190 368 1252 408 καὶ
1285 370 1452 415 δικαίως,

139 434 200 476 οἷά
233 451 305 486 περ
338 433 398 486 ἦν,
425 433 693 486 ἀποφανθένθ’
717 433 782 474 ὑπ’
816 435 922 484 ἐμοῦ·
959 433 1003 473 τὸ
1035 435 1166 486 τρίτον
1190 434 1236 480 δ’,
1263 432 1293 474 ὦ
1317 434 1455 486 ἄνδρες

101 520 118 551 5
138 501 351 552 Ἀθηναῖοι,
385 500 463 552 (καὶ
499 501 620 551 μόνον
653 500 694 540 ἓν
727 500 829 540 τοῦτ’
864 501 983 541 εἰπὼν
1017 500 1075 541 ἔτι
1108 501 1170 541 καὶ
1202 500 1246 550 δὴ
1281 500 1368 552 περὶ
1400 502 1455 541 ὧν

138 566 376 619 παρελήλυθ’
406 564 510 619 ἐρῶ,)
536 567 650 617 ἡνίκα
677 566 766 608 τοὺς
796 568 932 618 ὅρκους
959 567 1048 608 τοὺς
1078 568 1167 618 περὶ
1199 569 1268 617 τῆς
1301 566 1455 618 εἰρήνης

138 633 403 685 ἀπειληφότες
436 633 579 683 ἥκομεν
612 635 648 673 οἱ
680 632 884 685 πρέσβεις,
911 633 1001 673 τότε
1033 632 1216 674 Θεσπιάς
1244 649 1360 673 τινων
1394 634 1454 674 καὶ

139 701 343 741 Πλαταιὰς
371 697 699 751 ὑπισχνουμένων
723 697 1041 749 οἰκισθήσεσθαι,
1069 700 1131 739 καὶ
1155 698 1244 741 τοὺς
1267 702 1339 750 μὲν
1363 702 1453 739 Φω-

139 765 227 807 κέας
267 765 335 805 τὸν
375 766 593 810 Φίλιππον,
634 765 681 805 ἂν
722 764 882 817 γένηται
923 766 1064 817 κύριος,
1105 766 1266 812 σώσειν,
1305 765 1377 816 τὴν
1415 768 1457 807 δὲ

80 848 119 871 10
139 831 333 882 Θηβαίων
364 832 480 872 πόλιν
514 834 700 877 διοικιεῖν,
729 832 790 871 καὶ
821 831 891 872 τὸν
916 831 1103 883 Ὠρωπὸν
1133 832 1224 882 ὑμῖν
1255 831 1454 884 ὑπάρξειν,

138 898 199 937 καὶ
239 897 311 948 τὴν
353 897 531 949 Εὔβοιαν
574 897 657 938 ἀντ’
697 897 981 950 Ἀμφιπόλεως
1020 897 1354 948 ἀποδοθήσεσθαι,
1397 898 1458 939 καὶ

136 965 316 1006 τοιαύτας
357 965 521 1006 ἐλπίδας
558 964 621 1004 καὶ
658 964 938 1017 φενακισμούς,
977 965 1034 1006 οῖς
1071 964 1314 1018 ὑπαχθέντες
1349 965 1458 1016 ὑμεῖς

137 1030 226 1071 οὔτε
260 1031 474 1083 συμφόρως
508 1030 587 1071 οὔτ’
623 1032 720 1072 ἴσως
754 1034 883 1073 καλῶς
916 1033 1102 1083 προεῖσθε
1135 1030 1310 1076 Φωκέας,
1345 1032 1458 1072 οὐδὲν

137 1097 286 1137 τούτων
310 1096 390 1136 οὔτ’
415 1095 667 1150 ἐξαπατήσας
686 1097 775 1138 οὔτε
800 1096 973 1149 σιγήσας
992 1098 1068 1149 ἐγὼ
1088 1097 1329 1149 φανήσομαι,
1352 1098 1457 1138 ἀλλὰ

81 1178 118 1209 15
138 1164 336 1215 προειπὼν
362 1164 464 1214 ὑμῖν,
492 1164 543 1206 ὡς
569 1163 641 1203 οἶδ’
667 1165 727 1203 ὅτι
750 1164 1025 1214 μνημονεύετε,
1052 1165 1112 1204 ὅτι
1136 1163 1242 1204 ταῦτ’
1266 1163 1345 1204 οὔτ’
1371 1164 1457 1204 οῖδα

137 1230 226 1270 οὔτε
251 1232 471 1281 προσδοκῶ,
498 1230 640 1281 νομίζω
665 1232 707 1270 δὲ
732 1229 800 1270 τὸν
824 1229 996 1282 λέγοντα
1019 1233 1168 1282 ληρεῖν.

203 1299 336 1336 Ταῦτα
360 1297 490 1337 τοίνυν
514 1295 669 1342 ἅπανθ’,
697 1297 775 1335 ὅσα
800 1298 991 1348 φαίνομαι
1023 1296 1189 1347 βέλτιον
1212 1300 1290 1337 τῶν
1319 1296 1456 1338 ἄλλων

137 1367 327 1416 προορῶν,
360 1362 440 1403 οὐδ’
471 1364 525 1405 εἷς
558 1364 663 1413 μίαν,
690 1360 719 1401 ὦ
744 1362 881 1414 ἄνδρες
906 1362 1120 1413 Ἀθηναῖοι,
1147 1363 1235 1404 οὔτε
1269 1363 1455 1413 δεινότητ’

139 1429 217 1470 οὔτ’
253 1430 486 1479 ἀλαζονείαν
527 1430 739 1474 ἐπανοίσω,
779 1429 867 1469 οὐδὲ
904 1428 1226 1480 προσποιήσομαι
1262 1429 1309 1469 δι’
1346 1429 1456 1470 οὐδὲν

81 1509 120 1532 ²0
138 1496 239 1536 ἄλλο
264 1497 501 1549 γιγνώσκειν
528 1497 590 1536 καὶ
615 1495 955 1547 προαισθάνεσθαι
973 1495 1077 1545 πλὴν
1096 1495 1144 1536 δι’
1164 1497 1211 1536 διν
1230 1497 1321 1546 ὑμῖν
1345 1497 1454 1541 εἴπω,

139 1563 219 1603 δύο·
257 1563 298 1603 ἓν
321 1563 406 1614 μέν,
427 1563 456 1604 ὦ
480 1563 618 1615 ἄνδρες
643 1562 858 1613 Ἀθηναῖοι,
880 1562 928 1602 δι’
950 1562 1145 1616 εὐτυχίαν,
1171 1561 1218 1612 ἢν
1245 1562 1457 1613 συμπάσης

139 1631 216 1682 ἐγὼ
253 1632 321 1680 τῆς
357 1632 399 1670 ἐν
435 1630 653 1683 ἀνθρώποις
690 1630 810 1680 οὔσης
847 1630 1069 1680 δεινότητος
1107 1630 1167 1669 καὶ
1201 1630 1348 1682 σοφίας
1380 1630 1456 1681 ὁρῶ

141 1700 372 1748 κρατοῦσαν’
412 1698 544 1749 ἕτερον
569 1696 623 1743 δέ,
646 1700 786 1749 προῖκα
811 1698 859 1736 τὰ
883 1696 1094 1749 πράγματα
1120 1698 1235 1749 κρίνω
1263 1696 1324 1736 καὶ
1348 1696 1458 1748 λογί-

141 1763 264 1813 ζομαι,
288 1764 348 1804 καὶ
374 1764 488 1804 οὐδὲν
512 1763 632 1815 λῆμμ’
653 1763 700 1803 ἂν
726 1763 852 1805 οὐδεὶς
876 1763 962 1817 ἕχοι
987 1763 1082 1815 πρὸς
1107 1763 1164 1804 οἷς
1188 1763 1266 1815 ἐγὼ
1292 1764 1455 1802 πεπολί-

82 1841 119 1873 ²5
139 1845 275 1880 τευμαι
311 1831 372 1870 καὶ
406 1830 513 1883 λέγω
547 1829 672 1881 δεῖξαι
703 1830 1040 1882 προσηρτημένον.
1111 1829 1228 1881 ὀρθὸν
1262 1829 1342 1874 οὖν,
1369 1829 1390 1868 ὅ
1420 1844 1457 1868 τι

140 1895 187 1935 ἄν
219 1896 304 1935 ποτ’
339 1896 405 1938 ἀπ’
438 1897 563 1937 αὐτῶν
596 1897 751 1954 ὑπάρχῃ
784 1901 862 1937 τῶν
891 1896 1142 1949 πραγμάτων,
1176 1896 1220 1936 τὸ
1253 1894 1459 1946 συμφέρον

140 1964 326 2014 φαίνεταί
347 1980 425 2014 μοι.
495 1964 590 2004 ὅταν
614 1963 647 2004 δ’
674 1965 738 2004 ἐπὶ
764 1962 892 2016 θάτερ’
919 1964 1054 2015 ὥσπερ
1086 1964 1141 2004 εἷς
1172 1961 1363 2014 τρυτάνην
1390 1962 1456 2012 ἀρ-

139 2029 274 2080 γύριον
320 2029 602 2086 προσενέγκῃς,
647 2031 799 2083 οἴχεται
841 2029 965 2082 φέρον
1014 2030 1075 2069 καὶ
1122 2028 1350 2068 καθείλκυκε
1391 2026 1459 2067 τὸν

184 2146 203 2166 2
220 2137 365 2179 ἀπάγων]
382 2139 481 2170 ἀπιὼν
494 2138 603 2168 Cobet
680 2140 805 2178 οἴχεται
821 2138 844 2169 S
860 2138 892 2168 F1
907 2139 944 2168 B¹
963 2150 969 2169 :
988 2138 1094 2179 ᾤχετο
1107 2136 1194 2175 vulg.
1296 2146 1316 2174 4
1331 2136 1370 2167 τὸ
1381 2140 1459 2165 ante

140 2180 250 2221 τρίτον
271 2191 335 2212 om.
353 2181 441 2220 vulg.
461 2193 467 2211 :
492 2182 567 2212 add.
587 2181 611 2212 S
628 2181 720 2212 solus
868 2192 908 2212 10
931 2184 1073 2214 διοικιεῖν
1088 2180 1174 2210 AY1
1191 2178 1358 2219 Harpocr.
1380 2179 1459 2219 (duo

141 2224 235 2254 codd.
253 2227 393 2265 διοικεῖν)
413 2236 419 2254 :
443 2227 571 2256 διοικεῖν
589 2224 613 2255 S
630 2224 719 2263 vulg.
850 2235 886 2255 12
911 2224 1109 2265 ὑπαχθέντες
1126 2222 1214 2262 vulg.
1231 2233 1239 2253 t
1265 2221 1460 2263 ἐπαχθέντες

141 2265 166 2296 S
183 2267 284 2307 solus,
305 2268 346 2298 cf.
366 2268 422 2298 viii
438 2269 481 2298 62
635 2278 672 2306 13
697 2268 865 2309 συμφόρως
883 2268 907 2299 S
924 2280 931 2299 τ
956 2267 1182 2309 συμφερόντως
1199 2270 1279 2297 cett.
1385 2268 1460 2297 οὔτε

141 2314 218 2348 post
233 2313 309 2343 ἴσως
325 2311 401 2341 add.
417 2311 504 2349 vulg.
519 2311 542 2341 S
557 2321 641 2341 corr.
664 2321 705 2341 m.
725 2316 793 2342 ant.
813 2323 819 2341 :
845 2321 909 2342 om.
929 2310 976 2350 S',
995 2311 1035 2342 cs.
1053 2311 1085 2340 vi
1103 2321 1122 2348 4
1216 2318 1255 2348 19
1279 2307 1368 2349 οὐδὲ]
1386 2311 1460 2339 οὔτε

142 2352 166 2382 S
183 2353 274 2383 solus
374 2363 415 2392 23
440 2355 489 2385 ὅτι
507 2359 583 2393 post
600 2354 635 2386 δὲ
651 2355 728 2385 add.
747 2354 835 2393 vulg.
852 2365 858 2384 ε
884 2364 947 2385 om.
971 2353 995 2385 S
1012 2352 1106 2384 solus
1205 2352 1247 2383 28
1271 2352 1459 2385 καθείλκυκε

141 2394 166 2424 S
180 2395 204 2424 F
217 2395 243 2425 B
257 2408 263 2428 :
290 2398 480 2429 καθείλκυσε
497 2397 586 2436 vulg.
1293 2437 1331 2469 4*

1487 647 1532 674 10

1490 1311 1527 1337 11
