1763 2828
124 162 216 217 ffiffl

674 167 1159 206 ΔΗΜΟΣΘΕΝΟὙΣ
1515 162 1572 218 [w

248 266 412 320 ἐξαρκεῖ,
447 267 592 324 ῥᾴδιον,
630 271 691 311 καὶ
728 271 847 312 πόνος
884 270 1009 312 οὐδεὶς
1045 271 1240 322 πρόσεστι
1272 275 1325 326 τῷ
1356 271 1569 324 πράγματι·

248 337 281 376 εἰ
317 335 350 375 δ’
384 337 489 378 ὅπως
526 339 574 376 τὰ
610 337 770 389 παρόντ’
808 336 1180 389 ἐπανορθωθήσεται
1216 341 1277 378 δεῖ
1307 341 1473 379 σκοπεῖν
1507 341 1569 380 καὶ

245 402 297 452 μὴ
343 403 574 454 προελθόντ’
617 404 673 444 ἔτι
723 403 955 456 πορρωτέρω
1005 403 1123 455 λήσει
1168 403 1284 445 πάνθ’
1325 405 1438 455 ἡμᾶς,
1480 405 1569 456 μηδ’

246 468 506 519 ἐπιστήσεται
535 469 701 523 μέγεθος
731 470 929 522 δυνάμεως
958 471 1055 523 πρὸς
1083 470 1132 521 ἢν
1162 471 1240 511 οὐδ’
1267 472 1431 524 ἀντᾶραι
1454 475 1567 522 δυνη-

246 536 409 586 σόμεθα,
449 537 522 590 οὐχ
561 538 582 576 ὁ
623 537 737 579 αὐτὸς
780 538 924 589 τρόπος
966 539 1093 589 ὅσπερ
1135 539 1326 590 πρότερον
1367 541 1434 578 τοῦ
1474 543 1569 588 βου-

243 602 445 650 λεύεσθαι,
468 604 575 643 ἀλλὰ
601 605 663 644 καὶ
687 608 769 646 τοῖς
793 603 985 656 λέγουσιν
1011 603 1137 645 ἅπασι
1164 605 1227 645 καὶ
1251 609 1333 646 τοῖς
1358 605 1570 646 ἀκούουσιν

242 670 332 720 ὑμῖν
363 671 411 709 τὰ
447 669 646 720 βέλτιστα
683 671 745 711 καὶ
782 673 830 710 τὰ
867 672 1052 712 σώσοντα
1088 675 1166 711 τῶν
1200 669 1357 725 ῥᾴστων
1395 672 1456 712 καὶ
1491 675 1569 712 τῶν

243 737 416 786 ἡδίστων
441 737 706 789 προαιρετέον.

312 806 476 855 Πρῶτον
508 803 593 854 μέν,
629 806 666 844 εἴ
694 821 764 851 τις,
801 802 830 845 ὦ
862 804 1001 857 ἄνδρες
1034 805 1251 855 Ἀθηναῖοι,
1288 807 1432 857 θαρρεῖ,
1469 806 1569 856 ὁρῶν

124 865 211 920 [67]
245 869 379 918 ἡλίκος
404 869 475 920 ἤδη
497 870 559 910 καὶ
583 871 692 911 ὅσων
711 871 840 923 κύριός
861 873 949 912 ἐστι
969 873 1183 917 Φίλιππος,
1206 872 1268 912 καὶ
1292 871 1426 922 μηδέν’
1446 873 1567 912 οἴεται

244 937 422 977 κίνδυνον
447 936 584 989 φέρειν
609 941 723 977 τοῦτο
748 943 796 994 τῇ
821 939 936 978 πόλει
960 938 1048 988 μηδ’
1073 938 1137 990 ἐφ’
1162 939 1260 988 ὑμᾶς
1289 937 1417 978 πάντα
1441 955 1564 990 παρα-

243 1002 516 1053 σκευάζεσθαι,
553 1003 745 1054 θαυμάζω,
782 1005 844 1044 καὶ
877 1006 1061 1055 δεηθῆναι
1095 1004 1254 1045 πάντων
1287 1006 1428 1055 ὁμοίως
1460 1006 1567 1056 ὑμῶν

241 1070 441 1121 βούλομαι
476 1070 565 1112 τοὺς
606 1071 827 1123 λογισμοὺς
862 1072 1030 1111 ἀκοῦσαί
1065 1088 1139 1122 μου
1174 1073 1237 1111 διὰ
1280 1070 1480 1124 βραχέων,
1519 1071 1566 1112 δι’

241 1135 307 1178 οὓς
339 1137 518 1178 τάναντί’
545 1138 630 1189 ἐμοὶ
661 1137 883 1189 παρέστηκε
912 1140 1140 1190 προσδοκᾶν
1160 1138 1232 1178 ’καὶ
1264 1137 1312 1178 δι’
1338 1139 1392 1178 ὧν
1424 1137 1567 1192 ἐχθρὸν

241 1203 408 1255 ἡγοῦμαι
441 1204 657 1245 Φίλιππον·
708 1204 769 1251 ἵν’,
806 1206 874 1246 ἐὰν
909 1207 981 1256 μὲν
1019 1206 1096 1257 ἐγὼ
1134 1207 1234 1245 δοκῶ
1271 1204 1437 1255 βέλτιον
1469 1222 1562 1257 προ-

240 1273 347 1321 ορᾶν,
375 1271 460 1322 ἐμοὶ
487 1273 687 1321 πεισθῆτε,
715 1271 763 1312 ἂν
788 1271 820 1311 δ’
846 1274 882 1312 οἱ
912 1274 1146 1324 θαρροῦντες
1172 1272 1234 1311 καὶ
1260 1272 1565 1314 πεπιστευκότες

240 1337 355 1391 αὐτῷ,
377 1338 529 1380 τούτοις
555 1341 799 1391 προσθῆσθε.
862 1339 939 1391 ἐγὼ
964 1340 1108 1384 τοίνυν,
1131 1337 1160 1378 ὦ
1181 1338 1319 1389 ἄνδρες
1344 1338 1561 1388 Ἀθηναῖοι,

239 1404 457 1455 λογίζομαι·
495 1406 612 1445 τίνων
638 1405 658 1444 ὁ
683 1406 885 1447 Φίλιππος
908 1406 1036 1457 κύριος
1062 1409 1215 1457 πρῶτον
1239 1406 1337 1455 μετὰ
1362 1404 1434 1454 τὴν
1459 1403 1561 1456 εἰρή-

238 1487 309 1520 νην
337 1470 526 1521 κατέστη;
567 1475 714 1512 Πυλῶν
740 1473 803 1512 καὶ
827 1476 905 1513 τῶν
933 1474 975 1512 ἐν
1000 1475 1184 1512 Φωκεῦσι
1215 1471 1468 1523 πραγμάτων.
1527 1472 1567 1511 τί

237 1537 323 1584 οῧν;
362 1542 443 1580 πῶς
468 1539 619 1581 τούτοις
645 1537 865 1592 ἐχρήσατο;
905 1540 929 1579 ἃ
955 1540 1156 1590 Θηβαίοις
1182 1538 1376 1591 συμφέρει
1403 1540 1465 1579 καὶ
1491 1538 1565 1591 οὐχ

236 1603 261 1644 ἃ
301 1610 349 1660 τῇ
390 1605 517 1651 πόλει,
562 1604 745 1657 πράττειν
785 1607 1002 1658 προείλετο.
1075 1606 1113 1645 τί
1152 1604 1316 1655 ὃήποτε;
1368 1606 1428 1646 ὅτι
1468 1605 1564 1657 πρὸς

236 1671 484 1722 πλεονεξίαν,
513 1672 632 1722 οἶμαι,
661 1673 723 1712 καὶ
754 1672 799 1712 τὸ
829 1672 943 1713 πάνθ’
969 1672 1037 1724 ὑφ’
1065 1673 1167 1726 αὑτῷ
1200 1671 1445 1722 ποιήσασθαι
1474 1672 1563 1714 τοὺς

234 1738 453 1789 λογισμοὺς
489 1738 692 1789 ἐξετάζων,
730 1740 790 1778 καὶ
827 1739 916 1791 οὐχὶ
953 1738 1048 1790 πρὸς
1085 1737 1239 1790 εἰρήνην
1276 1738 1355 1778 οὐδ’
1390 1739 1563 1791 ἡσυχίαν

235 1804 323 1845 οὐδὲ
357 1806 506 1845 δίκαιον
539 1805 664 1851 οὐδέν,
699 1806 777 1846 εἶδε
811 1805 915 1845 τοῦτ’
950 1806 1085 1857 ὀρθῶς,
1121 1806 1182 1844 ὅτι
1214 1806 1259 1859 τῇ
1291 1808 1363 1855 μὲν
1395 1804 1563 1858 ἡμετέρᾳ

235 1872 351 1911 πόλει
387 1872 449 1912 καὶ
485 1876 567 1913 τοῖς
602 1872 717 1922 ἤθεσι
754 1876 836 1914 τοῖς
873 1871 1075 1923 ἡμετέροις
1112 1871 1223 1911 οὐδὲν
1263 1870 1310 1911 ἂν
1347 1869 1562 1922 ἐνδείξαιτο

234 1941 425 1979 τοσοῦτον
451 1938 539 1979 οὐδὲ
568 1938 783 1989 ποιήσειεν,
813 1938 881 1990 ὑφ’
907 1939 951 1978 οὗ
981 1938 1212 1979 πεισθέντες
1237 1939 1345 1988 ὑμεῖς
1369 1941 1438 1989 τῆς
1464 1939 1562 1979 ἰδίας

234 2004 333 2045 ἕνεκ’
355 2005 552 2057 ὠφελείας
577 2010 655 2046 τῶν
680 2005 817 2046 ἄλλων
838 2007 947 2047 τινὰς
966 2003 1176 2055 Ἑλλήνων
1201 2006 1335 2059 ἐκείνῳ
1355 2007 1559 2057 προοῖσθε,

275 2124 296 2153 3
327 2113 417 2146 πάνθ’
443 2114 477 2146 S¹
494 2116 534 2154 (2)
550 2113 610 2145 L¹:
645 2114 766 2146 πάντας
791 2114 900 2153 vulg:
935 2113 1060 2146 πάντως
1085 2113 1127 2144 al.
1299 2123 1318 2151 5
1350 2112 1561 2150 βουλεύεσθαι

233 2157 341 2188 SAY
357 2169 364 2188 2
388 2158 627 2195 βουλεύσασθαι
645 2158 734 2196 vulg.
844 2168 860 2196 7
887 2159 957 2189 ἀντὶ
974 2163 1053 2187 ante
1071 2157 1163 2196 prius
1181 2159 1245 2188 τῶν
1261 2156 1336 2187 add.
1356 2156 1444 2195 vulg.
1461 2167 1467 2186 z
1493 2166 1557 2186 om.

233 2200 305 2231 SL¹
459 2211 495 2232 11
530 2201 636 2234 πάντα
661 2201 725 2232 SL
749 2211 834 2231 corr.
857 2201 944 2231 soli:
976 2201 1097 2232 πάντας
1122 2200 1183 2230 L¹:
1215 2199 1319 2231 πάντα
1342 2202 1445 2231 ταῦτα
1468 2199 1557 2238 vulg.

236 2253 274 2282 15
297 2248 362 2276 τῶν
379 2246 490 2277 ἄλλων
507 2250 583 2285 post
601 2244 737 2282 βέλτιον
752 2245 830 2275 add.
846 2244 933 2283 vulg.
953 2255 959 2273 :
984 2254 1051 2274 om.
1068 2244 1091 2274 S
1104 2243 1142 2273 L¹
1161 2242 1224 2273 soli
1317 2253 1354 2281 17
1378 2244 1560 2283 προσθῆσθε

235 2287 402 2318 Dindorf:
426 2288 609 2329 πρόσθησθε
627 2288 716 2327 vulg.
732 2299 738 2318 :
763 2288 985 2328 προσθήσεσθε
1005 2287 1027 2317 S
1042 2287 1067 2317 L
1085 2287 1146 2316 soli
1325 2296 1365 2323 24
1392 2286 1455 2317 εῖδε
1473 2285 1497 2316 S
1511 2285 1537 2315 B
1553 2296 1559 2314 z

233 2331 297 2363 οἶδε
316 2331 341 2361 L
359 2332 446 2370 vulg.
609 2341 651 2370 25
682 2334 749 2364 τοῖς
773 2333 863 2369 ἤθεσι
887 2333 956 2362 τοῖς
980 2329 1144 2370 ἡμετέροις
1160 2329 1255 2359 AY:
1288 2331 1354 2360 τοῖς
1379 2330 1469 2366 ἤθεσι
1493 2331 1561 2361 τοῖς

234 2374 394 2416 ὑμετέροις
428 2376 475 2405 S:
511 2378 577 2407 τοῖς
609 2374 774 2415 ἡμετέροις
806 2376 916 2412 ἤθεσιν
942 2373 1031 2412 vulg.
1212 2373 1254 2402 26
1287 2374 1447 2404 τυσοῦτον
1475 2372 1561 2403 SL:

233 2420 380 2450 τοιοῦτον
405 2422 480 2448 cett.

1592 889 1628 910 10

1590 1221 1624 1253 15

1587 1556 1625 1577 20
