1747 2844
196 126 283 180 x1x]
421 131 564 168 ΠΕΡΙ
613 131 734 169 ΤΗΣ
782 132 1303 172 ΠΑΡΑΠΡΕΣΒΕΙΑΣ
1549 134 1665 189 [407]

196 235 301 285 ε’νῆν·
340 235 382 274 ἐκ
415 237 455 275 δὲ
488 238 556 275 τοῦ
589 235 647 277 δὶς
679 234 739 286 ἔμ’
774 236 971 276 εἰσελθεῖν
1004 236 1154 288 ἀνάγκη
1187 238 1418 288 περιίστατο
1453 238 1515 278 καὶ
1546 254 1612 280 212

194 301 317 356 τούτῳ
351 300 473 342 πάλιν
507 301 684 342 εἰσιέναι·
729 303 792 342 διὰ
828 301 933 342 ταῦτ’
967 301 1037 342 οὐκ
1071 303 1131 342 εἴα
1169 306 1316 344 καλεῖν.
1391 306 1515 345 καίτοι

193 371 307 409 τοῦτο
343 367 387 408 τὸ
423 367 552 420 ἔργον,
588 366 617 408 ὦ
655 367 791 421 ἄνδρες
823 367 1038 418 Ἀθηναῖοι,
1073 368 1267 420 ἀμφότερ’
1301 370 1391 420 ὑμῖν
1430 372 1513 411 ἐπι-

194 436 368 475 δείκνυσι
392 438 547 487 σαφῶς,
570 433 631 474 καὶ
652 433 913 487 κατεγνωκόθ’
934 437 1074 475 ἑαυτοῦ
1091 438 1228 475 τοῦτον
1248 434 1353 476 ὥστε
1376 439 1515 487 μηδενὶ

155 517 171 549 5
193 504 261 542 νῦν
284 502 393 551 ὑμῶν
417 500 595 552 εὐσεβῶς
619 500 728 554 ἔχειν
762 502 1109 554 ἀποψηφίσασθαι
1140 501 1272 548 αὐτοῦ,
1302 502 1363 542 καὶ
1394 505 1516 554 μηδὲν

192 568 337 618 ἀληθὲς
362 568 524 619 ἐροῦντα
547 567 636 620 περὶ
662 568 768 618 ἐμοῦ·
807 569 840 608 εἷ
874 569 950 621 γὰρ
980 567 1075 621 εἶχε,
1103 567 1182 608 τότ’
1207 567 1256 609 ἂν
1289 568 1352 609 καὶ
1385 569 1515 622 λέγων

192 636 255 675 καὶ
281 638 507 687 κατηγορῶν
532 633 753 685 ἐξητάζετο,
782 634 826 675 οὐ
852 635 907 686 μᾶ
928 634 996 675 Δί’
1023 634 1091 675 οὐκ
1117 635 1339 688 ἀπηγόρευε
1365 640 1512 678 καλεῖν.

256 699 332 742 εΩς
365 702 497 742 τοίνυν
533 701 640 741 ταῦτ’
674 701 801 753 ἀληθῆ
834 700 956 754 λέγω,
992 701 1106 743 κάλει
1137 719 1206 754 μοι
1239 703 1390 744 τούτων
1424 704 1515 746 τοὺς
1545 718 1611 752 213

187 767 395 819 μάρτυρας.

131 849 170 872 ιο
256 833 386 874 Ἀλλὰ
417 833 495 886 μὴν
519 834 566 875 ἄν
592 834 638 887 γέ
662 851 700 875 τι
724 834 799 886 ἔξω
825 837 892 886 τῆς
917 837 1138 887 πρεσβείας
1169 840 1401 894 βλασφημῇ
1426 836 1513 889 περὶ

190 901 296 951 ἐμοῦ,
326 902 423 941 κατὰ
446 901 566 942 πόλλ’
593 901 661 942 οὐκ
693 902 741 943 ἂν
772 902 932 944 εἰκότως
963 902 1134 943 ἀκούοιτ’
1159 902 1290 943 αὐτοῦ.
1361 903 1405 944 οὐ
1439 905 1513 955 γὰρ

190 967 267 1018 ἐγὼ
300 969 478 1019 κρίνομαι
509 967 692 1020 τήμερον,
725 968 804 1008 οὐδ’
839 969 954 1022 ἐγχεῖ
983 971 1082 1019 μετὰ
1114 968 1222 1009 ταῦθ’
1254 970 1357 1021 ὕδωρ
1389 969 1514 1012 οὐδεὶς

189 1034 287 1084 ἐμοί.
357 1035 396 1074 τί
419 1034 487 1075 οὖν
513 1035 600 1075 ἐστι
624 1038 746 1075 ταῦτα
771 1034 877 1085 πλὴν
903 1036 1064 1076 δικαίων
1089 1036 1223 1088 λόγων
1253 1036 1416 1088 ἆπορία;
1455 1038 1514 1079 τίς

188 1101 263 1152 γὰρ
291 1099 339 1141 ἂν
370 1105 600 1155 κατηγορεῖν
631 1102 763 1143 ἕλοιτο
798 1101 1038 1154 κρινόμενος,
1065 1102 1170 1156 ἔχων
1195 1103 1217 1142 ὅ
1241 1119 1278 1143 τι
1311 1102 1510 1156 ἀπολογή-

129 1181 166 1214 15
188 1183 320 1213 σεται,·
362 1167 420 1208 ἔτι
456 1169 587 1209 τοίνυν
623 1169 777 1209 κάκεῖνο
815 1168 1005 1215 σκοπεῖτ’,
1040 1168 1178 1221 ἄνδρες
1215 1170 1409 1210 δικασταί.
1480 1171 1513 1210 εἷ
1544 1182 1612 1217 214

187 1234 396 1285 ἐκρινόμην
418 1237 490 1286 μὲν
516 1235 606 1287 ἐγώ,
628 1236 838 1288 κατηγόρει
863 1235 895 1275 δ’
917 1236 1113 1289 Αἰσχίνης
1138 1236 1288 1282 οὑτοσί,
1311 1237 1513 1279 Φίλιππος

187 1299 219 1339 δ’
246 1299 292 1351 ἧν
317 1301 337 1340 ὁ
367 1302 520 1352 κρίνων,
549 1301 618 1342 εἶτ’
644 1303 723 1354 ἐγὼ
756 1304 877 1353 μηδὲν
908 1302 1013 1356 ἔχων
1048 1303 1174 1343 εἰπεῖν
1207 1301 1258 1344 ὡς
1291 1301 1359 1343 οὐκ
1392 1304 1512 1344 ἀδικῶ

188 1371 312 1410 κακῶς
337 1368 478 1420 ἔλεγον
503 1369 657 1409 τουτονὶ
684 1369 747 1409 καὶ
767 1369 1078 1421 προπηλακίζειν
1105 1370 1348 1422 ἐπεχείρουν,
1370 1369 1438 1410 οὐκ
1463 1369 1513 1410 ἂν

185 1434 319 1475 οἴεσθε
351 1434 414 1474 καὶ
449 1435 530 1474 κατ’
566 1435 659 1475 αὐτὸ
692 1435 795 1476 τοῦτ’
830 1436 1106 1487 ἀγανακτῆσαι
1137 1435 1206 1476 τὸν
1232 1437 1449 1482 Φίλιππον,
1477 1437 1512 1477 εἶ

125 1514 164 1537 20
184 1499 275 1552 παρ’
307 1501 441 1555 ἐκείνῳ
478 1502 568 1543 τοὺς
605 1502 756 1542 ἐκείνου
791 1519 850 1544 τις
888 1501 1093 1554 εὐεργέτας
1130 1505 1255 1545 κακῶς
1291 1502 1422 1555 λέγει;
1458 1502 1510 1554 μὴ

183 1568 315 1607 τοίνυν
337 1568 445 1619 ὑμεῖς
469 1569 626 1621 χείρους
649 1568 821 1621 γένησθε
842 1569 1060 1615 Φιλίππου,
1087 1568 1179 1609 ἀλλ’
1204 1570 1301 1622 ὑπὲρ
1327 1569 1381 1610 ὦν
1406 1570 1509 1623 ἆγω-

184 1633 342 1683 νίζεται,
369 1636 457 1687 περὶ
488 1635 636 1677 τούτων
670 1634 900 1689 ἀναγκάζετ’
927 1636 1231 1689 ἀπολογεῖσθαι.
1301 1635 1406 1689 Λέγε
1440 1636 1511 1687 τὴν

182 1702 409 1753 μαρτυρίαν.

732 1790 942 1818 ΜΑΡΤὙΡῙΑ.
1543 1785 1660 1841 [408]

123 1882 160 1914 25
250 1865 405 1908 Οὐκοῦν
437 1869 515 1920 ἐγὼ
546 1867 633 1920 μέν,
667 1869 711 1909 ἐκ
742 1872 811 1909 τοῦ
842 1871 963 1920 μηδὲν
997 1869 1149 1925 ἐμαυτῷ
1185 1868 1417 1916 συνειδέναι,
1446 1869 1508 1910 καὶ
1541 1884 1606 1922 215

182 1934 307 1986 λόγον
330 1935 478 1975 διδόναι
505 1935 565 1975 καὶ
591 1934 721 1977 πάντα
738 1937 810 1976 τάκ
830 1939 907 1977 τῶν
933 1938 1065 1988 νόμων
1089 1936 1253 1990 ὑπέχειν
1278 1936 1385 1991 ᾤμην
1411 1939 1506 1982 δεῖν,

183 2000 296 2042 οὗτος
329 2004 371 2042 δὲ
403 2002 602 2043 τάναντία.
663 2005 744 2044 πῶς
773 2002 841 2043 οὗν
864 2003 972 2044 ταῦτ’
1001 2005 1086 2055 ἐμοὶ
1114 2004 1174 2044 καὶ
1204 2004 1327 2058 τούτῳ
1357 2002 1505 2056 πέπρα-

185 2083 289 2114 κται;
326 2065 349 2118 ἢ
379 2072 461 2110 πῶς
493 2069 625 2109 ἔνεστι
653 2069 777 2124 τούτῳ
804 2073 925 2110 ταῦτα
950 2070 1047 2122 πρὸς
1072 2071 1172 2121 ὑμᾶς
1198 2069 1345 2122 λέγειν,
1372 2070 1396 2110 ἃ
1420 2069 1507 2121 μηδ’

228 2186 244 2216 7
269 2178 313 2217 μὴ
331 2182 409 2208 ante
425 2181 538 2209 καλεῖν
554 2177 630 2209 add.
650 2177 758 2209 Cobet
876 2188 898 2218 9
921 2178 1053 2210 titulum
1073 2184 1281 2213 ΜΑΡΤῪΡΕΣ
1299 2184 1376 2219 post
1390 2179 1508 2221 μάρτυ-

181 2234 235 2262 ρας
252 2221 326 2251 add.
346 2220 370 2251 S
389 2221 479 2261 (cum
498 2221 678 2261 asterisco)
698 2221 723 2251 L
740 2220 828 2261 vulg.
845 2233 851 2253 :
877 2223 942 2254 del.
965 2222 1154 2253 Felicianus
1282 2232 1320 2253 10
1345 2224 1382 2256 ἄν
1398 2224 1430 2264 ’γ’
1450 2224 1507 2264 ἔξω

181 2278 212 2296 τι
231 2263 321 2295 Weil
459 2274 496 2303 15
520 2264 543 2295 ὦ
560 2269 639 2294 ante
657 2265 766 2306 ἄνδρες
782 2265 857 2296 add.
871 2265 980 2304 vulg.:
1005 2275 1069 2296 orn.
1092 2266 1116 2296 S
1129 2266 1154 2295 L
1172 2265 1236 2296 soli
1374 2276 1413 2305 19
1437 2268 1507 2299 κατ’

183 2308 260 2339 αὐτὸ
276 2308 365 2339 τοῦτ’
382 2307 488 2347 vulg.:
512 2308 594 2339 κατὰ
611 2308 711 2339 ταύτὸ
727 2310 823 2340 τοῦτο
841 2308 865 2339 S
878 2309 903 2339 L
916 2309 944 2339 Y
1036 2320 1077 2339 20
1097 2309 1189 2350 λέγει
1204 2309 1228 2339 S
1242 2308 1267 2338 L
1284 2309 1388 2348 vulg.:
1414 2311 1505 2351 λέγοι

182 2350 213 2379 Α
226 2349 252 2380 Ρ
362 2361 401 2390 24
428 2356 641 2383 MAPTTPIAI
660 2350 684 2381 S
702 2351 794 2381 solus
909 2361 949 2390 25
974 2354 1077 2384 δεινὸν
1094 2358 1170 2393 post
1189 2353 1363 2385 συνειδέναι
1381 2354 1459 2384 add.
1480 2353 1505 2383 L

183 2393 269 2431 vulg.
289 2405 296 2424 z
320 2404 384 2425 om.
406 2395 429 2424 S
441 2395 472 2424 A
563 2405 601 2433 27
628 2393 719 2427 οὗτος
737 2394 760 2425 S
774 2395 799 2425 L
811 2393 842 2425 Α
854 2394 883 2425 Y
898 2407 903 2427 :
931 2398 1039 2427 οὑτοσὶ
1058 2396 1145 2434 vulg.
1237 2398 1338 2428 ταυτά
1353 2410 1403 2436 μοι
1423 2396 1446 2426 S
