1763 2828
88 128 203 183 [3⁷6]

140 505 205 541 116

142 1044 205 1078 117

96 1298 204 1352 [377]

144 1438 207 1473 118

143 2050 207 2084 119

661 127 742 164 ΔΗ
756 125 1144 164 ΜΟΣΘΕΝΟΎΣ
1470 121 1557 176 [nx

1191 228 1220 242 «Ἰ
1258 231 1268 243 ἱ

234 229 499 281 ἐξετάζεσθαι,
535 230 686 272 τούτοις
717 231 789 281 μὲν
823 232 1024 280 πολεμεῖν,
1060 229 1155 281 πρὸς
1188 243 1209 269 ο
1251 232 1400 270 εκεῖνον
1432 230 1562 271 ἐλθὼν

237 297 438 349 κρίνεσθαι
474 297 685 347 βούλεται,·
725 297 802 349 ἐγὼ
837 298 909 347 μὲν
943 295 1068 337 οὐδέν’
1101 295 1220 347 οἶμαι.
1291 296 1398 336 ἀλλὰ
1434 295 1563 337 πάντα

235 363 352 411 ταῦτ’,
375 366 444 405 ἐὰν
468 364 591 416 ὀρθῶς
618 366 804 414 σκοπῆτε,
835 363 1020 415 εὑρήσετε
1045 362 1201 415 μεγάλ’,
1223 361 1252 403 ὦ
1277 362 1415 415 ἄνδρες
1441 362 1559 414 Ἀθη-

236 435 351 477 ναῖοι,
379 431 441 471 καὶ
466 432 610 483 ἐναργῆ
637 435 782 482 σημεῖα
807 434 875 470 τοῦ
900 429 1085 483 χρήματα
1110 433 1247 471 τοῦτον
1272 429 1393 483 ἔχειν.

296 496 350 537 Ἳ)
375 498 505 538 τοίνυν
530 498 700 538 ὕστατον
726 499 799 548 μὲν
824 497 1003 549 γέγονεν,
1031 496 1188 538 οὐδενὸς
1207 496 1239 536 δ’
1260 495 1370 537 ἐστὶν
1395 495 1562 537 ἔλαττον
1582 514 1600 546 5

236 567 402 615 σημεῖον
426 568 493 603 τοῦ
519 564 759 616 πεπρακέναι
785 568 923 604 τοῦτον
950 563 1089 604 ἑαυτὸν
1114 564 1317 617 Φιλίππῳ,
1345 561 1560 603 θεάσασθε.

237 632 322 671 ’ίστε
347 630 471 681 δήπου
496 631 642 682 πρώην,
670 631 726 670 ὅτ’
754 631 1020 683 εἰσήγγελλεν
1045 630 1275 682 (Ὑπερείδης
1295 628 1560 681 Φιλοκράτην,

236 699 296 737 ὅτι
315 698 525 748 παρελθὼν
548 698 626 749 ἐγὼ
652 698 925 751 δυσχεραίνειν
947 697 1050 749 ἔφην
1070 698 1111 738 ἔν
1136 713 1174 737 τι
1197 699 1265 747 τῆς
1291 697 1560 748 εἰσαγγελίας,

236 766 269 804 εἰ
306 765 425 814 μόνος
461 763 710 815 Φιλοκράτης
747 764 949 804 τοσούτων
989 764 1051 804 καὶ
1089 764 1276 804 τοιούτων
1315 762 1563 814 ἀδικημάτων

236 832 359 872 αἴτιος
392 829 569 882 γέγονεν,
605 832 642 871 οἱ
674 830 707 870 δ’
741 830 857 871 ἐννέα
888 834 965 871 τῶν
1000 830 1214 882 πρέσβεων
1249 830 1428 881 μηδενός.
1500 829 1563 869 καὶ
1587 847 1624 868 10

237 897 305 937 οὐκ
332 897 433 949 ἔφην
458 896 562 937 τοῦθ’
588 898 710 939 οὕτως
736 897 855 950 ἔχειν·
895 897 1066 948 οὐδαμοῦ
1099 898 1175 949 γὰρ
1200 896 1247 937 ἂν
1273 899 1448 948 φανῆναι
1478 895 1562 936 καθ’

237 963 354 1004 αὑτὸν
387 965 550 1009 ἐκεῖνον,
579 965 612 1004 εἰ
644 964 696 1015 μὴ
729 964 819 1005 τοὺς
853 963 1241 1016 συναγωνιζομένους
1274 963 1423 1004 τούτων
1455 964 1563 1004 τινὰς

238 1030 358 1083 εἶχεν.
431 1030 480 1071 ἵν’
515 1031 583 1071 οὖν
618 1030 707 1081 μήτ’
742 1031 831 1082 ἀφῶ
869 1029 958 1081 μήτ’
992 1029 1231 1081 αἰτιάσωμαι
1265 1028 1411 1081 μηδέν’,
1446 1029 1561 1081 ἔφην,

238 1098 330 1149 ἐγώ,
358 1098 464 1137 ἀλλὰ
494 1097 538 1137 τὸ
567 1096 712 1150 πρᾶγμ’
738 1097 831 1137 αὐτὸ
861 1097 951 1140 τοὺς
984 1099 1057 1148 μὲν
1091 1099 1236 1139 αἰτίους
1270 1098 1374 1153 εὕρῃ,
1401 1096 1492 1138 τοὺς
1521 1098 1563 1136 δὲ

236 1163 287 1215 μὴ
313 1164 607 1218 μετεσχηκότας
633 1165 729 1220 ἀφῇ,
758 1165 934 1206 ἀναστὰς
962 1165 982 1203 ὁ
1007 1165 1253 1215 βουλόμενος
1274 1163 1336 1204 καὶ
1355 1163 1564 1216 παρελθὼν
1587 1178 1625 1211 15

238 1232 293 1272 εἰς
322 1232 419 1282 ὑμᾶς
447 1230 723 1283 ἀποφηνάσθω
757 1231 810 1282 μὴ
842 1230 1028 1285 μετέχειν
1059 1230 1147 1282 μηδ’
1173 1229 1357 1283 ἀρέσκειν
1389 1230 1492 1285 αὐτῷ
1518 1230 1565 1269 τὰ

236 1297 311 1337 ὑπὸ
349 1297 618 1349 Φιλοκράτους
660 1298 931 1350 πεπραγμένα.
1005 1298 1067 1338 καὶ
1105 1297 1173 1338 τὸν
1208 1301 1321 1338 τοῦτο
1357 1295 1564 1347 ποιήσαντ’

238 1363 377 1416 ἀφίημ’
412 1364 543 1416 ἔγωγ’,
572 1365 686 1417 ἔφην.
759 1368 879 1405 ταῦτα
915 1364 1186 1416 μνημονεύεθ’,
1213 1364 1265 1406 ὡς
1298 1363 1458 1419 ἐγῷμαι.
1520 1363 1565 1403 οὐ

237 1432 369 1471 τοίνυν
401 1434 603 1483 παρῆλθεν
628 1431 753 1474 οὐδεὶς
787 1431 866 1471 οὐδ’
894 1430 1040 1482 ἔδειξεν
1071 1432 1221 1472 ἑαυτόν.
1294 1430 1356 1471 καὶ
1384 1434 1461 1471 τῶν
1493 1431 1564 1480 μὲν

237 1497 374 1538 ἄλλων
394 1497 477 1538 ἔσθ’
499 1497 652 1552 ἑκάστῳ
678 1515 737 1540 τις
764 1498 983 1550 πρόφασις·
1022 1499 1042 1537 ὁ
1068 1500 1140 1548 μὲν
1164 1497 1237 1550 οὐχ
1262 1497 1477 1538 ὑπεύθυνος
1501 1495 1562 1546 ἦν,
1586 1511 1626 1534 20

238 1565 258 1603 ὁ
283 1563 314 1604 δ’
339 1563 428 1617 οὐχὶ
454 1567 582 1616 παρῆν
607 1565 718 1610 ἴσως,
741 1568 793 1618 τῷ
820 1567 862 1605 δὲ
888 1563 1082 1615 κηδεστής
1107 1566 1216 1604 ἐστιν
1242 1565 1402 1606 ἐκεῖνος’
1441 1562 1563 1617 τούτῳ

238 1630 270 1671 δ’
310 1631 424 1672 οὐδὲν
464 1631 627 1672 τούτων.
699 1630 790 1671 ἀλλ’
832 1631 931 1670 οὕτω
973 1630 1156 1681 καθάπαξ
1190 1630 1387 1682 πέπρακεν
1425 1629 1566 1670 ἑαυτὸν

238 1697 301 1737 καὶ
326 1697 394 1737 οὐκ
420 1697 483 1738 ἐπὶ
502 1701 584 1739 τοῖς
608 1698 934 1749 παρεληλυθόσιν
959 1696 1276 1750 μεμισθάρνηκεν
1301 1698 1436 1747 μόνον,
1458 1697 1566 1736 ἀλλὰ

239 1764 301 1804 καὶ
324 1765 422 1814 μετὰ
446 1768 566 1805 ταῦτα
592 1765 711 1815 δῆλός
738 1766 859 1810 ἐστιν,
888 1764 936 1805 ἄν
961 1781 1034 1816 περ
1059 1764 1211 1820 ἐκφύγῃ
1242 1767 1322 1810 νῦν,
1351 1762 1434 1803 καθ’
1457 1764 1566 1813 ὑμῶν

237 1828 421 1883 ὑπάρξων
440 1831 588 1885 ἐκείνῳ,
611 1830 708 1871 ὥσθ’
729 1832 793 1872 ἵνα
819 1833 939 1882 μηδὲν
961 1832 1139 1872 ἐναντίον
1162 1833 1259 1881 μηδὲ
1277 1831 1381 1882 ῥῆμα
1400 1830 1566 1881 πρόηται
1589 1845 1627 1877 25

239 1898 427 1952 Φιλίππῳ
461 1897 540 1938 οὐδ’
575 1897 775 1951 ἀφιέντων
810 1898 984 1950 ἀφίεται,
1020 1897 1112 1938 ἀλλ’
1145 1896 1314 1948 ἀδοξεῖν,
1350 1898 1564 1949 κρίνεσθαι,

238 1964 413 2017 πάσχειν
446 1965 577 2005 ὁτιοῦν
611 1967 777 2017 αἱρεῖται
811 1964 900 2016 παρ’
933 1966 1022 2015 ὑμῖν
1057 1968 1213 2015 μᾶλλον
1245 1961 1268 2014 ἢ
1303 1965 1492 2017 Φιλίππῳ
1529 1979 1567 2002 τι

239 2034 404 2082 ποιῆσαι
440 2031 492 2082 μὴ
531 2031 627 2083 πρὸς
662 2030 821 2082 ἡδονήν.
895 2033 1020 2072 καίτοι
1057 2033 1115 2073 τίς
1152 2031 1175 2081 ἡ
1217 2031 1411 2076 κοινωνία,
1448 2031 1507 2072 τίς
1541 2029 1564 2080 ἡ

284 2153 302 2171 2
327 2142 482 2178 βούλεται
501 2141 608 2180 codd„
628 2143 704 2172 fort.
726 2142 765 2173 cf.
786 2145 801 2179 ξ
824 2152 883 2180 173
901 2154 907 2172 :
932 2142 1107 2178 βούλεσθαι
1125 2152 1227 2181 marg.
1243 2140 1388 2179 Morelii,
1407 2140 1563 2172 Bekker:

239 2185 407 2215 seclusum
420 2185 531 2216 malim
626 2195 641 2223 7
661 2186 881 2226 εἰσήγγελλεν
896 2186 919 2216 S
934 2186 959 2216 L
973 2185 1034 2216 soli
1051 2196 1057 2215 ε
1084 2186 1294 2226 εἰσήγγειλεν
1303 2184 1407 2222 vulg„
1419 2184 1459 2215 cf.
1474 2187 1489 2221 ξ
1505 2194 1562 2214 121

239 2239 260 2267 9
284 2228 438 2261 τοιούτων
456 2228 480 2259 S
492 2228 522 2258 A
537 2240 542 2259 z
568 2229 770 2267 τηλικούτων
788 2229 814 2258 L
831 2229 918 2268 vulg.
1022 2239 1059 2259 12
1084 2227 1394 2268 συναγωνιουμένους
1414 2227 1564 2266 Dobree,

240 2272 280 2302 cf.
302 2275 316 2309 ξ
340 2282 400 2310 113
537 2283 574 2311 17
600 2272 779 2309 ποιήσοντα
795 2272 868 2302 ΑΟ
1002 2283 1045 2302 20
1073 2272 1111 2309 ἧν
1129 2272 1153 2302 S
1167 2272 1193 2302 L
1209 2271 1299 2311 vulg.
1317 2283 1325 2302 ε
1348 2271 1427 2302 secl.
1447 2270 1564 2302 Blass:

241 2316 332 2346 ἐστιν
347 2315 378 2345 Α
468 2325 505 2346 21
534 2318 626 2347 ἐστιν
640 2316 663 2346 S
677 2316 702 2345 L
719 2327 726 2346 :
750 2316 827 2346 secl.
847 2315 944 2346 Blass
960 2327 966 2346 :
991 2315 1030 2352 ἧν
1042 2315 1129 2354 vulg.
1145 2315 1249 2346 schol.
1344 2317 1463 2346 ἐκεῖνος
1481 2313 1504 2344 S
1517 2314 1563 2346 L:

241 2360 308 2389 ἐκεῖ
328 2358 416 2396 vulg.
562 2368 602 2397 25
633 2358 733 2398 μηδὲν
758 2380 766 2389 .
794 2382 800 2389 .
830 2382 836 2388 .
866 2359 946 2397 μηδὲ
973 2359 1086 2397 vulg:
1116 2358 1197 2397 μηδὲ
1224 2382 1229 2389 .
1261 2381 1267 2388 .
1299 2381 1305 2388 .
1336 2357 1435 2396 μηδὲν
1461 2356 1565 2388 SLY

239 2402 281 2430 26
305 2401 434 2441 ἀφίεται
452 2402 475 2432 S
488 2401 531 2432 A:
558 2402 691 2441 ἀφίησιν
710 2402 735 2432 L
750 2402 855 2441 vulg.,
874 2402 913 2434 cf.
935 2403 992 2433 xxi
1010 2412 1073 2441 205
